2842 4758
208 235 271 297 418
602 249 634 309 e.
649 229 796 297 'noannu
815 247 939 297 rancor

274 382 439 459 Corvinus,
463 383 574 470 patriis
594 381 811 448 intermiscere
832 383 933 469 petita

229 482 260 532 eo
274 469 380 534 Verba
401 468 480 533 toris
500 469 604 543 malis,
629 467 780 534 Canusini
803 488 891 534 more
912 467 1088 548 bilinguis?

271 553 369 637 Atqui
391 572 452 635 ego
473 573 545 618 cum
568 555 707 620 Graecos
730 553 878 630 tacerem,
901 559 998 617 natus
1019 572 1108 618 unare
1132 553 1222 631 citra,

271 639 470 716 Versiculos;
495 637 597 704 vetuit
619 638 675 703 tali
697 658 749 704 me
770 658 851 705 voce
873 638 1025 718 Quirinus

270 726 348 791 Post
369 724 506 789 mediam
528 722 773 805 noctemvisus,
797 743 869 788 cum
892 723 1017 788 somnia
1037 742 1130 789 vera:

272 811 308 873 ln
331 808 444 875 silvam
465 828 528 872 non
549 808 638 888 ligna
659 808 745 873 feras
766 808 923 886 insanius,
949 828 988 873 ae
1011 807 1039 873 si

228 907 259 957 35
273 895 410 976 Magnas
433 893 626 958 Graecorum
649 894 743 958 malis
765 893 888 978 inplere
910 900 1066 958 catervas.

271 979 437 1061 Turgidus
458 979 595 1064 Alpinus
617 978 744 1059 iugulat
765 978 842 1043 dum
864 979 1042 1056 Memnona,
1073 976 1215 1059 dumque

607 1130 629 1162 v.
648 1115 688 1165 32.
714 1112 790 1177 Vulg.
808 1110 851 1162 Me
870 1113 926 1162 tali.

207 1283 259 1319 uon
283 1266 349 1316 idem
373 1281 471 1331 quoque
495 1263 571 1315 verbo
595 1264 725 1314 translato.
767 1263 866 1315 Latine
889 1279 998 1315 caracae
1021 1279 1101 1313 orare
1124 1268 1193 1313 recte
1217 1264 1337 1325 dicitnr;

208 1334 305 1384 Latine
322 1334 467 1396 resudare,
492 1338 640 1399 portentum
656 1334 731 1397 plane
750 1339 802 1393 est;
827 1337 853 1383 et
870 1333 898 1382 in
915 1334 1017 1397 ignotas
1035 1338 1114 1381 terras
1132 1332 1336 1398 deportandum,

207 1404 252 1452 ubi
280 1401 378 1453 incolae
396 1402 489 1451 Latine
512 1406 616 1450 vomunt
639 1407 664 1451 et
687 1402 781 1451 Latine
803 1405 916 1451 ventrem
940 1406 1084 1450 exonerant.
1121 1401 1254 1450 Haeccine
1281 1405 1336 1449 tarn

208 1470 314 1521 eruditis
331 1469 393 1518 viris
410 1474 541 1534 tantopere
558 1469 703 1534 placuisse?
728 1469 810 1519 Pudet
833 1472 947 1535 prolecto
965 1468 1111 1532 taedetque:
1139 1473 1165 1517 et
1182 1484 1336 1541 revocemus

207 1538 277 1588 illico
295 1538 429 1588 lectionem
446 1543 568 1600 veterem,
595 1552 670 1601 quam
693 1537 798 1601 indigne
822 1537 884 1587 adeo
902 1536 1042 1586 Lambinus
1067 1536 1174 1599 amovit,
1201 1548 1336 1600 quamque

207 1622 293 1656 onmes
311 1606 418 1655 aliorum
435 1605 543 1668 codices,
560 1606 642 1654 nostri
660 1610 727 1654 certe
746 1606 865 1667 universi,
884 1621 935 1654 uno
954 1619 1078 1655 consensu
1096 1605 1234 1665 exhibent,
1252 1603 1335 1667 „Sei-

207 1676 270 1724 tieet
288 1675 384 1723 attilus
401 1676 557 1738 patriaeque
572 1676 711 1738 petrisque
728 1673 845 1724 Latinif‘
880 1672 995 1723 Latinus
1018 1678 1102 1722 autem
1125 1678 1219 1737 pater,
1247 1673 1273 1722 is
1293 1677 1335 1721 est

207 1759 277 1792 socer
294 1745 399 1801 Aeneae,
418 1743 573 1806 poniturque
591 1740 632 1790 hic
650 1746 778 1805 tamqnam
796 1741 982 1791 vetustissimus
991 1741 1080 1790 Latini
1093 1741 1214 1792 nominis.
1233 1740 1332 1804 virgil.

135 1864 138 1869 ,
207 1813 269 1860 Aen.
290 1809 349 1870 VII,
369 1812 407 1862 61.
444 1808 547 1872 „Quam
565 1814 638 1873 pater
655 1812 798 1872 inventam,
815 1813 918 1875 primas
936 1824 996 1858 cum
1015 1808 1141 1858 conduct
1157 1824 1248 1869 arces,
1268 1809 1334 1873 lpse

206 1878 344 1939 ferebatur
361 1878 462 1927 Phoebo
480 1893 600 1927 sacrasse
616 1878 753 1926 Latinus.“
787 1879 829 1929 92.
864 1877 931 1939 „Hic
953 1882 980 1926 et
997 1882 1053 1926 tum
1069 1880 1142 1940 pater
1159 1879 1217 1942 ipre
1234 1882 1334 1941 petens

206 1962 333 2010 respousa
351 1946 486 1996 Latinus.“
520 1945 572 2006 XI,
591 1947 649 1997 469.
684 1944 852 2009 „Concilium
876 1948 932 2009 ipse
955 1950 1028 2010 pater
1051 1950 1077 1993 et
1098 1959 1198 2009 magna
1217 1948 1331 2009 incepta

206 2015 340 2064 Latinus.“
376 2014 422 2063 Vel
444 2019 523 2079 pater
539 2012 653 2063 Latinus
678 2013 802 2062 adieetive
825 2013 891 2062 sumi
909 2018 1007 2077 potest,
1032 2017 1062 2060 ut
1083 2017 1163 2077 pater
1180 2011 1330 2063 namanes.

206 2082 296 2147 Virgil.
321 2083 382 2132 Aen.
406 2080 460 2145 IX,
486 2083 543 2132 448.
585 2082 673 2145 „llum
698 2081 791 2130 domita
808 2082 913 2130 Aeaeae
932 2078 1051 2145 Capitoli
1070 2080 1204 2129 iminotila
1227 2095 1330 2130 aarum

206 2151 330 2213 Accolet,
358 2152 550 2215 imperiumque
572 2154 645 2213 pater
662 2150 790 2198 Romanus
809 2150 939 2198 latetur
974 2148 1076 2197 Utrovis
1094 2148 1169 2197 modo
1186 2148 1330 2213 acceperis,

205 2219 311 2284 perinde
329 2222 381 2267 est:
410 2217 454 2267 sed
478 2218 548 2282 prior
571 2216 651 2282 magis
677 2217 779 2267 arridet.
814 2217 1011 2280 Elegantissime
1034 2231 1094 2265 vero
1112 2215 1223 2277 dietum3
1251 2216 1330 2280 quasi

207 2288 263 2351 quis
280 2287 366 2335 Attico
384 2285 461 2334 alicui
480 2285 593 2341 dixisset,
616 2283 697 2349 Tune,
716 2285 812 2334 cilitiis
829 2286 996 2334 Athenarum
1013 2283 1177 2349 etOecropis,
1197 2300 1232 2334 aa
1244 2284 1328 2334 Grae-

207 2355 265 2404 culo
287 2352 386 2403 Tuscus
403 2354 491 2413 taetras
509 2360 554 2405 es?
580 2353 794 2408 Quemadmodum
818 2356 900 2402 autem
924 2352 966 2402 hic
990 2353 1017 2401 in
1042 2351 1099 2416 ipso
1124 2353 1211 2418 scirpo
1228 2352 1329 2401 nodum

205 2423 358 2472 invenerunt
375 2422 539 2486 interpretes3
566 2421 603 2470 ita
626 2437 683 2470 mox
705 2421 734 2470 in
758 2422 815 2485 ipsa
837 2436 902 2470 nuce
925 2419 993 2470 nihil
1010 2419 1068 2469 duri
1086 2425 1243 2484 repererunt.
1281 2420 1328 2470 Sic

206 2492 273 2540 euim
290 2490 422 2554 sequentia
440 2490 599 2539 constituunt
616 2495 642 2538 et
659 2495 789 2538 enarranti
811 2489 852 2538 Aa
871 2504 930 2537 cum
948 2488 1048 2537 Petillii
1065 2503 1160 2537 carasca
1179 2489 1230 2537 titi
1245 2503 1328 2553 pera·

203 2558 365 2624 gauderet,
391 2563 420 2606 tu
442 2560 527 2622 patrii
549 2560 678 2606 seimonis
703 2557 799 2606 attitiae
818 2556 922 2606 Latinio
942 2554 1044 2606 Graeca
1068 2558 1252 2606 intermiscere
1275 2559 1326 2619 vis,

206 2626 369 2676 cianaPediue
383 2630 409 2674 et
419 2623 548 2674 Corvinus
565 2632 659 2674 contra
669 2625 803 2674 Petillium
822 2640 929 2674 cariacae
947 2624 1096 2676 recrederet?
1115 2624 1191 2685 Quot,
1210 2623 1327 2683 ebsecro,

206 2694 330 2743 cariosae?
361 2693 486 2756 siquidem
503 2693 606 2741 unicam
622 2693 693 2755 litem
711 2691 802 2742 habuit
818 2692 950 2753 Petillius,
968 2691 1031 2741 furti
1046 2691 1145 2740 scilicet
1163 2708 1235 2753 reus,
1255 2693 1326 2756 quod

205 2777 235 2810 en
252 2759 380 2825 Capitolio
404 2775 521 2809 coronam
545 2761 687 2810 abstulerit.
722 2760 752 2810 Id
776 2761 843 2824 quod
861 2759 922 2810 satis
940 2760 1038 2809 indicat
1055 2775 1141 2809 versus
1160 2761 1325 2824 praecedens,

204 2829 300 2894 „Dura
318 2828 367 2878 titi
381 2828 534 2892 peragenda
561 2832 602 2878 rei
624 2831 660 2878 nit
676 2844 765 2878 caussa
783 2826 895 2877 Petitur
931 2828 1013 2883 Quare
1031 2831 1056 2876 et
1073 2828 1116 2876 hic
1134 2843 1257 2877 carisium
1277 2844 1325 2878 era·

204 2897 300 2947 sudent
316 2894 449 2945 dicendum
467 2896 556 2956 fuerit;
575 2897 596 2945 si
615 2896 644 2946 de
662 2897 762 2946 actione
780 2895 868 2946 contra
881 2897 1011 2946 Petillium
1027 2896 1055 2944 in
1073 2895 1113 2944 his
1127 2896 1211 2945 verbis
1226 2897 1323 2960 agitur.

204 2968 238 3014 At
256 2980 376 3014 eaucerem
392 2964 435 3013 hic
452 2966 541 3028 reponi
559 2964 598 3013 vel
617 2967 690 3014 metri
713 2965 780 3013 ratio
804 2964 929 3028 prohibet.
965 2963 1032 3019 uuio
1050 2963 1148 3013 multa?
1178 2963 1246 3013 Mihi
1264 2965 1325 3029 qui·

204 3034 260 3083 dem
278 3037 346 3082 totus
363 3032 433 3081 locus
450 3033 500 3082 leri
513 3033 654 3082 mutatione
663 3033 700 3082 sic
710 3032 809 3081 videtur
818 3032 990 3095 refingendus:
1009 3031 1093 3094 „Cum
1110 3047 1201 3080 ceruus
1218 3031 1325 3093 facias:

206 3108 230 3151 te
246 3105 333 3165 ipsium
347 3106 505 3165 percontor,
533 3117 568 3150 aa
592 3106 618 3150 et
635 3116 694 3149 cum
711 3100 788 3150 Dura
813 3101 861 3150 titi
877 3099 1032 3165 peragenda
1050 3102 1091 3148 rei
1107 3102 1143 3148 rit
1160 3115 1254 3149 cerasa
1273 3101 1323 3150 Pe·

205 3166 275 3221 titii?
303 3168 410 3219 Scilicet
426 3168 518 3217 oblitos
541 3171 699 3233 patriaeque
721 3171 860 3233 patrieque
877 3168 981 3228 Latini,
1010 3164 1072 3218 Cum
1091 3167 1188 3216 Pedius
1211 3183 1324 3217 caussas

204 3235 314 3286 casadei
331 3236 468 3300 Poplicola
487 3241 565 3299 atque
582 3235 719 3299 Cervinus,
735 3239 834 3299 peririis
852 3239 1032 3286 intermiscere
1048 3238 1132 3300 petita
1144 3234 1232 3286 Verte
1248 3234 1324 3294 feris

203 3305 288 3362 maiis,
309 3302 438 3354 Cauiiaini
454 3319 526 3352 more
545 3304 671 3367 bilinguis
678 3306 707 3356 ?“
733 3304 793 3365 Vel,
811 3310 840 3353 ut
858 3304 1009 3368 Reginensis
1027 3310 1052 3352 et
1069 3303 1198 3352 Patrensis
1215 3303 1321 3367 habent,

204 3371 324 3421 resiliet.
360 3371 473 3425 Quorum
496 3370 627 3420 verborum
651 3373 692 3421 hic
716 3372 791 3433 ordo,
817 3373 878 3421 haec
897 3373 1024 3421 sententia
1041 3376 1092 3420 est:
1120 3371 1220 3420 Probas
1237 3373 1321 3421 cuba

207 3440 310 3492 Graeca
328 3437 434 3488 Latinis
451 3441 572 3492 misceri:
600 3455 693 3505 ueaipe
710 3442 737 3490 iii
757 3443 875 3489 cerritus
891 3438 1031 3500 faciendis.
1066 3437 1155 3502 Rogo,
1180 3455 1216 3488 aa
1240 3443 1266 3488 et
1289 3442 1322 3489 in

147 3521 161 3541 ⁸
204 3509 303 3558 cariosis
321 3506 448 3571 agendis?
466 3506 581 3570 Scilicet,
599 3524 657 3557 eum
668 3508 762 3556 Pectius
780 3514 806 3556 et
822 3506 958 3569 Coruinus,
977 3507 1046 3557 cieri
1063 3512 1192 3567 oratores,
1211 3522 1323 3557 ceineas

204 3582 299 3634 orant,
324 3575 402 3624 arratis
426 3590 469 3624 eos
492 3576 586 3624 oblitos
608 3578 694 3640 patrii
715 3578 843 3625 semeonis
866 3577 945 3625 verba
963 3575 1031 3636 toris
1047 3577 1132 3639 petita
1150 3575 1320 3625 erationibus

201 3647 256 3694 criu
274 3645 407 3693 incerere?
423 3643 480 3692 Hoc
498 3648 564 3692 certe
581 3649 657 3708 pacto
675 3644 803 3693 evitantur
821 3643 905 3693 omnia
922 3643 1095 3701 incommoda3
1114 3657 1179 3707 quae
1195 3643 1320 3706 utrinque

202 3714 270 3763 hunc
287 3712 370 3761 locum
388 3716 513 3777 premunt,
531 3727 575 3761 seu
592 3710 692 3771 Latini,
710 3712 763 3761 sive
779 3710 876 3760 Latine
893 3712 991 3775 legeris.
1019 3711 1086 3759 Nam
1103 3710 1198 3760 Latine
1216 3710 1319 3775 quidem

201 3782 243 3831 hic
261 3781 320 3844 legi,
339 3796 390 3829 non
408 3780 544 3839 Latinitas,
562 3795 613 3829 non
631 3780 705 3839 ratio,
723 3795 775 3828 non
793 3779 892 3829 codices
909 3794 1072 3828 concessere.v
1092 3778 1166 3834 Quod
1183 3779 1207 3827 si
1224 3777 1321 3828 Latr'rri

201 3849 306 3914 legeris3
330 3848 381 3897 nisi
398 3858 481 3897 tamen
500 3849 594 3897 oblitos
612 3863 657 3910 pro
677 3848 774 3896 obiitus
796 3845 972 3906 substitueris;
1000 3847 1099 3896 nescias
1117 3848 1177 3896 sane
1195 3846 1258 3911 quid
1274 3847 1319 3896 hic

201 3918 297 3967 iaciant
315 3923 359 3965 aut
376 3931 494 3979 quorsum
511 3916 656 3980 pertineant
673 3916 766 3965 Pedius
784 3920 810 3964 ct
826 3914 949 3964 Corvinus
967 3930 1024 3964 eum
1042 3917 1143 3964 caussis
1161 3915 1223 3967 anis.

270 3986 310 4037 32.
353 3985 439 4033 Vetuit
462 3999 503 4033 me
527 3983 577 4032 tati
599 3998 661 4032 voce
679 3982 818 4046 (liiii-iaus]
853 3982 937 4032 Codex
955 3981 1063 4046 collegii
1087 3982 1223 4032 Trinitatis
1249 3998 1317 4032 coru·

201 4052 299 4102 modius
317 4050 391 4101 verba
408 4052 469 4100 haec
487 4050 607 4111 collocat,
631 4050 817 4112 „Versiculesr
843 4054 928 4100 netiiit
949 4050 995 4099 tali
1021 4066 1061 4099 roe
1080 4065 1142 4100 voce
1161 4050 1317 4112 (liiii-inu&

200 4122 279 4169 Porro
296 4120 324 4168 in
342 4134 414 4168 versu
432 4117 597 4181 praecedente
616 4122 692 4182 etqui
708 4135 765 4168 cum
783 4112 894 4183 Oruquio
912 4123 937 4167 et
955 4117 1080 4168 Lambino
1098 4118 1229 4180 dedimus,
1256 4134 1317 4170 euu-

200 4187 256 4237 dem
274 4187 384 4237 codicem
403 4191 429 4234 et
446 4185 642 4235 vetustissimum
660 4186 810 4237 Leidensem
829 4187 918 4237 secuti.
953 4186 1006 4235 'Alii
1024 4186 1119 4236 habent
1138 4185 1230 4251 Atqiae.
