2818 4758
243 244 284 306 84
637 256 669 316 e.
691 255 833 303 nonaum
853 257 977 304 ussum

327 392 401 456 Neu
422 394 568 476 promtee
588 388 704 454 modus
725 388 909 475 amphorae,

372 477 445 541 Neu
466 494 588 540 morem
609 473 642 538 in
664 473 786 538 Salium
810 475 852 541 sit
872 474 1000 557 requies
1020 474 1154 559 pedum:

329 562 401 625 Neu
423 560 516 624 multi
537 558 684 624 Damalis
706 558 785 624 meri

370 644 509 709 Bassum
532 641 681 708 Thret'eie
701 642 808 707 vineat
828 642 1007 727 amystide:

286 744 315 792 rs
329 731 402 795 Neu
424 728 530 794 desint
552 727 656 813 epulis
677 745 781 805 rosae,

370 815 444 878 Neu
465 811 560 877 vivax
582 810 701 896 apium,
723 830 787 876 neu
808 811 904 877 breve
926 810 1036 876 lilium.

329 898 449 964 Omnes
470 896 503 960 in
524 895 675 961 Damalin
696 896 800 981 putris

369 983 419 1047 De
444 986 540 1045 onent
561 980 685 1045 oculos:
708 999 767 1045 nec
788 979 935 1044 Damalis
956 998 1038 1045 novo

326 1065 409 1132 Dive
434 1070 505 1131 etur
527 1064 682 1141 adultero,

284 1162 315 1212 20
373 1149 518 1216 Lascivis
540 1148 645 1214 ederis
668 1147 877 1213 ambitiosior.
929 1186 932 1191 -

243 1348 282 1383 res
300 1333 340 1383 illi
361 1334 507 1384 Thressam.
542 1331 635 1382 Verum
652 1332 715 1382 haec
733 1331 834 1396 quidem
850 1330 1030 1396 interpretatio
1047 1345 1207 1395 nequaquam
1225 1330 1364 1380 satisfacit:

242 1416 300 1450 curn
318 1400 386 1449 enim
403 1400 443 1450 vel
462 1400 592 1450 Cretenses
609 1399 649 1449 vel
665 1400 781 1460 Thraces,
799 1415 858 1448 nam
874 1397 1010 1448 utroslibet
1028 1398 1122 1448 dixeris
1129 1397 1236 1462 perinde
1247 1403 1296 1459 est,
1314 1398 1365 1448 dies

242 1467 366 1530 singulos,
383 1473 461 1532 prout
476 1465 540 1517 bene
558 1467 598 1516 vel
615 1467 680 1516 male
697 1467 887 1532 processissent,
912 1465 951 1515 vel
969 1468 1049 1530 nigre
1067 1465 1165 1515 calculo
1183 1465 1223 1514 vel
1241 1465 1305 1515 albo
1323 1482 1364 1515 no

243 1534 365 1596 taverint3
384 1534 499 1601 proiecto
518 1534 570 1583 sive
592 1533 704 1584 Thressa
721 1539 786 1584 mota
804 1533 856 1583 sive
876 1533 969 1583 Cressa
986 1550 1038 1584 non
1055 1533 1137 1598 magis
1155 1535 1248 1583 album
1267 1537 1295 1582 et
1311 1532 1365 1584 teli·

242 1618 295 1651 cem
314 1602 439 1652 calculum
455 1602 498 1651 hic
515 1602 648 1664 indicaret,
667 1617 742 1666 quam
759 1602 869 1666 migrem
887 1616 916 1650 ae
943 1600 1096 1651 infaustum:
1121 1600 1218 1666 quippe
1242 1604 1270 1649 et
1293 1601 1366 1666 niger

242 1669 355 1720 calculus
373 1670 481 1719 Thressa
499 1675 565 1719 certe
583 1674 708 1730 notescet,
727 1684 805 1734 aeque
823 1685 852 1719 ec
870 1669 950 1718 albus.
989 1667 1102 1718 Thressa
1120 1669 1207 1733 itaque
1224 1672 1298 1728 nota,
1316 1669 1366 1718 nisi

242 1737 281 1786 sic
299 1737 373 1801 plene
392 1737 486 1787 dixeris
504 1737 620 1787 candida
641 1735 774 1787 Thracem
791 1742 864 1800 eote,
887 1736 1051 1786 nullomodo
1068 1735 1246 1785 diembonum
1266 1740 1294 1784 et
1310 1737 1366 1801 pul·

241 1805 338 1866 chrum,
356 1805 455 1869 qualem
473 1804 516 1855 hic
534 1804 644 1854 celebrat
666 1804 798 1864 Horatius,
823 1808 912 1853 notare
934 1804 1036 1868 poterit.
1070 1803 1180 1853 Proinde
1204 1802 1278 1852 aliud
1296 1805 1365 1868 quid,

242 1876 268 1921 et
285 1872 307 1921 si
324 1872 380 1921 deri
397 1877 491 1938 potest,
514 1872 605 1922 melius
628 1871 802 1936 indagandum
825 1877 870 1921 est.
905 1873 988 1936 Atque
1010 1871 1075 1921 illud
1100 1871 1219 1936 inprimis
1236 1886 1266 1919 se
1284 1874 1364 1931 offert

231 1940 309 2005 ,quod
327 1940 513 1990 eruditissimus
530 1939 679 1989 Hardninus
696 1940 841 2005 proposuit,
860 1955 917 1988 cum
934 1939 966 1988 ed
983 1938 1066 1988 locum
1080 1939 1161 1988 Plinii
1178 1940 1228 1988 iem
1246 1939 1364 2002 citatim,

242 2013 297 2058 tum
314 2007 491 2074 in'praeclero
510 2023 585 2072 opere
603 2009 633 2057 de
651 2008 767 2057 Nummis
784 2007 939 2073 Populomm
957 2012 983 2056 et
1000 2005 1115 2066 Urbium,
1138 2021 1199 2055 voce
1221 2008 1364 2057 ΚῩΔΩΝι

240 2074 286 2124 ubi
306 2073 424 2125 Cressam
442 2080 533 2126 motem
550 2092 597 2139 pro
615 2077 673 2125 cini
688 2074 786 2125 Cretici
802 2080 867 2125 moto
885 2075 988 2140 accipit,
1006 2078 1036 2124 ut
1053 2074 1115 2123 alibi
1133 2076 1226 2123 Noster
1235 2072 1321 2126 Germ.
1331 2075 1364 2136 II,

241 2146 265 2204 3,
283 2143 306 2194 8.
326 2147 351 2192 et
369 2144 448 2194 Sena.
460 2143 481 2208 Ι,
502 2145 541 2206 10,
560 2144 601 2194 24.
620 2148 703 2207 „mols
720 2141 857 2207 Folermi‚“
876 2147 901 2191 et
919 2141 1038 2192 similiter
1055 2141 1144 2191 Cicero
1161 2143 1280 2192 inBruto
1293 2159 1314 2191 c.
1325 2144 1363 2195 83.

242 2209 344 2261 Cretico
363 2215 447 2260 antem
464 2213 527 2260 vino
546 2209 615 2259 diem
632 2210 773 2274 pulchram
790 2211 832 2259 hic
851 2210 981 2272 celebrari,
999 2214 1029 2259 ut
1047 2208 1128 2261 Germ.
1137 2210 1238 2270 111‚21,
1249 2213 1275 2261 6.
1296 2210 1364 2261 diem

241 2279 337 2327 bonum
356 2279 462 2343 antiqua
479 2282 551 2339 testo,
570 2282 596 2327 et
614 2279 662 2339 ΠΙ,
680 2280 721 2339 28,
735 2280 757 2329 1.
776 2277 843 2329 diem
860 2276 958 2336 festum
975 2277 1106 2327 recondito
1124 2276 1247 2327 Caecubo.
1286 2279 1364 2328 Porro

240 2346 329 2395 vinum
347 2346 475 2397 Oreticum
494 2349 522 2395 in
539 2349 657 2396 momiano
672 2347 761 2410 pretio
780 2346 900 2395 habitem
916 2346 1000 2406 feisse
1019 2344 1174 2396 Clementem
1191 2344 1312 2409 Peedug.
1330 2346 1365 2399 ΙΙ.

242 2416 276 2478 [p.
297 2416 355 2475 156]
384 2415 502 2478 aliosque
516 2414 665 2478 permultos
683 2413 809 2462 decesisse.
844 2413 902 2462 Huc
921 2414 1046 2478 recidunt,
1065 2428 1237 2476 quaecumque
1254 2429 1306 2476 pre
1323 2414 1363 2462 fir·

239 2480 332 2529 manda
349 2497 395 2532 sue
413 2481 540 2531 sententia
557 2480 663 2530 diversis
680 2481 709 2530 in
726 2480 790 2530 locis
808 2481 917 2544 protulit
933 2481 973 2530 vir
989 2480 1145 2544 ingeniosus.
1181 2481 1290 2530 Utinam
1307 2497 1363 2530 vero

239 2547 395 2597 nominasset
412 2548 557 2613 permultos
575 2548 641 2609 illos,
659 2548 704 2612 qui
716 2547 843 2598 Creticum
860 2548 948 2598 vinum
966 2554 1019 2598 tam
1035 2563 1188 2664 magnopere
1205 2549 1362 2612 praedicent

241 2614 356 2663 Clemens
374 2619 441 2663 certe
459 2614 646 2664 Alexandrinus
663 2632 715 2665 nno
732 2615 836 2665 verbulo
853 2616 901 2665 hoc
919 2615 1014 2678 laudat,
1033 2612 1048 2665 ὃ
1066 2612 1119 2667 ευώ
1139 2633 1169 2677 ης
1184 2615 1230 2665 καὶ
1247 2609 1363 2670 εὔπνους

238 2679 362 2745 Λέσβιος,
382 2679 428 2730 καὶ
444 2684 472 2730 Κ
490 2680 519 2741 ἧς
536 2697 577 2734 τις
593 2679 698 2747 γλυκύς,
720 2682 850 2733 Creticum
868 2684 1002 2748 quoddam
1019 2686 1110 2733 ninum
1120 2684 1197 2733 dulce
1214 2685 1362 2748 appellens:

240 2747 320 2796 etsie
338 2747 459 2797 Aelianus
499 2764 534 2797 ar.
552 2747 620 2797 Hist.
639 2748 699 2811 XII,
718 2753 758 2802 31.
794 2746 917 2808 „sloede
932 2767 983 2807 τις,
1010 2748 1056 2799 καὶ
1073 2747 1149 2821 Κρὴς
1166 2745 1278 2805 ἄλλος.“
1314 2752 1362 2802 Sed

240 2813 322 2877 quale,
341 2815 438 2876 amabo,
462 2815 527 2865 illud
550 2818 641 2865 vinem
660 2817 754 2868 dulce?
779 2834 830 2867 non
849 2818 920 2868 aliud
938 2834 1012 2883 quem
1029 2819 1147 2883 Pessum,
1174 2818 1362 2883 quodquidam

240 2882 329 2931 Cretae
347 2882 471 2947 optimum
487 2882 572 2935 fiebat.
607 2884 708 2934 Plinius
725 2885 795 2946 XIV,
813 2888 836 2937 9.
859 2886 986 2947 „Possm
1004 2902 1021 2935 a
1039 2887 1139 2936 Cretico
1159 2884 1283 2936 Cilicium
1300 2903 1363 2951 pro·

241 2950 328 3014 batur,
346 2955 372 3001 et
388 2949 522 3016 Ass-seem,
541 2957 567 3001 et
582 2954 612 3002 im
630 2953 721 3015 ltalia,
746 2953 921 3018 finitimisque
936 2955 1110 3018 preoimcimf‘
1144 2954 1274 3003 Iuvenalis
1293 2954 1361 3015 XIV,

239 3018 297 3068 270.
316 3018 346 3068 de
363 3023 509 3082 mercatore,
527 3018 599 3083 „Qui
613 3021 717 3084 gaudes
733 3020 829 3086 pingue
847 3024 974 3085 emtIqmae
992 3021 1024 3070 de
1042 3021 1120 3070 litore
1138 3022 1228 3073 Cretae
1249 3024 1361 3083 Passum,

239 3090 265 3135 et
281 3089 429 3154 municipes
446 3088 517 3138 Iovis
534 3088 672 3138 advexisse
690 3088 825 3151 legemcsf‘
859 3088 986 3137 Martialis
1003 3089 1093 3152 Epigr.
1112 3087 1186 3149 XIII,
1207 3091 1264 3141 106.
1283 3092 1361 3153 „Pas-

240 3169 302 3203 sum.
339 3153 448 3205 Cnossio
458 3154 565 3205 Minoae
580 3158 677 3219 genuit
693 3155 827 3205 vindemia
838 3156 926 3212 Cretae
944 3157 999 3206 Hoc
1012 3157 1067 3217 moi,
1086 3156 1159 3220 qued
1174 3157 1287 3206 mulsum
1301 3173 1361 3223 pau·

238 3221 306 3284 peris
324 3238 378 3272 esse
395 3223 487 3272 solet.“
522 3223 654 3272 Caeterum
672 3222 782 3272 Pessum
800 3223 863 3285 quid
880 3225 915 3273 sit
932 3228 958 3273 et
975 3223 1183 3286 quemadmodum
1200 3224 1253 3288 flet,
1272 3227 1361 3277 exco-

237 3286 340 3338 lamella
363 3290 445 3339 disces
462 3289 521 3350 XII,
540 3290 582 3340 39.
601 3294 626 3339 et
643 3289 759 3339 Palladio
776 3290 901 3340 inOctob.
926 3306 947 3340 o.
969 3294 1006 3342 19.
1026 3296 1051 3340 et
1068 3307 1114 3340 cur
1127 3294 1234 3356 pingue
1251 3297 1277 3342 et
1293 3308 1362 3359 peu·

235 3357 310 3417 peris
326 3356 440 3405 mulsam
457 3355 573 3405 quenali
591 3357 756 3421 Martialique
773 3358 880 3420 dicatur,
898 3358 976 3421 probe
986 3359 1128 3422 intelligam
1146 3361 1245 3424 quippe
1259 3376 1295 3409 eac
1303 3363 1360 3410 aab

235 3422 323 3483 pessis
342 3424 370 3470 in
385 3421 481 3486 proclo
500 3427 656 3487 compressis
674 3423 769 3488 eflicit,
789 3430 815 3474 et
832 3425 967 3476 conditum
985 3426 1291 3489 vcsmlqmetlnmore,
1309 3444 1360 3478 sm

237 3490 326 3535 catur.
362 3489 415 3536 Iam
433 3492 516 3538 nutem
534 3494 634 3554 praeter
657 3493 704 3541 hos
728 3491 803 3542 modo
826 3492 950 3555 laudatos,
975 3494 1020 3557 qni
1043 3509 1145 3557 passum
1164 3493 1294 3545 Creticum
1311 3511 1360 3545 me·

237 3556 344 3615 morant,
362 3570 428 3617 nego
442 3555 508 3605 ullos
524 3561 639 3607 veterum
657 3559 827 3609 Romanorum
844 3559 1002 3610 siniCretici
1012 3562 1266 3614 mentionemfacere.
1293 3563 1360 3619 Quid

238 3619 316 3684 ergo?
334 3620 415 3671 faceta
433 3638 493 3671 sane
511 3630 536 3673 et
554 3624 663 3675 ridicula
681 3642 720 3675 res
738 3631 811 3689 esset,
828 3628 852 3677 si
870 3632 909 3677 tot
926 3631 986 3678 ceri
1002 3629 1108 3690 sodales,
1126 3634 1179 3680 tam
1196 3632 1313 3694 pulchra
1329 3632 1359 3679 ob

237 3685 363 3738 Numidae
385 3689 495 3739 reditum
518 3691 568 3751 die,
593 3692 660 3742 nihil
686 3694 737 3744 nisi
760 3710 868 3759 pessum
890 3694 1028 3757 sorberent,
1053 3697 1094 3746 rel
1119 3697 1249 3762 lingerent
1265 3699 1358 3764 potins.

238 3754 340 3805 Habent
356 3754 384 3805 id
402 3754 452 3806 sibi
469 3757 537 3807 domi
554 3760 711 3822 Harduinus,
735 3765 787 3810 tarn
810 3762 892 3812 bellae
916 3764 1102 3813 comissationis
1125 3780 1206 3815 novus
1229 3766 1358 3831 Magister.

238 3822 313 3882 Quid,
333 3821 400 3887 quod
418 3823 440 3873 si
458 3829 549 3875 notam
566 3827 620 3876 vini
637 3828 759 3879 voluisset
776 3829 818 3879 hio
835 3830 936 3892 Noster,
954 3831 1057 3881 omnino
1071 3829 1162 3881 Chium
1179 3832 1267 3897 potius
1285 3849 1359 3898 quara

238 3889 365 3940 Oreticum
384 3889 421 3939 ele
442 3890 509 3953 isset,
528 3891 602 3956 „chii
621 3910 654 3944 ne
673 3900 765 3946 cureat
778 3897 894 3962 pulchre
912 3899 968 3948 dies
985 3900 1078 3949 ποῖαί(
1103 3904 1132 3949 ut
1150 3901 1235 3965 Epod.
1254 3901 1302 3963 IX,
1320 3903 1357 3953 34.

237 3957 304 4024 petit
321 3956 395 4021 „Aut
414 3906 479 4007 dom
496 3961 559 4008 osne
579 3967 627 4010 ortt
644 3960 772 4013 Lesbr‘c:“
790 3968 816 4013 et
833 3964 914 4015 Carm.
927 3967 976 4027 ΙΙΙ,
988 3968 1027 4028 19,
1041 3970 1066 4018 5.
1084 3966 1141 4029 Quo
1161 3967 1257 4018 Chium
1272 3971 1358 4035 pretio
1407 4014 1408 4019 ,

239 4023 336 4075 cadram
353 4029 494 4085 mercetur,
512 4025 661 4092 interroget.
697 4030 766 4080 Setis
783 4047 842 4081 vero
859 4033 890 4082 de
900 4033 955 4082 vini
965 4033 1040 4099 copia
1056 4035 1185 4099 provisum
1202 4040 1241 4085 est
1251 4037 1359 4087 inversu

238 4096 368 4157 sequente,
387 4090 464 4157 „Neu
479 4100 621 4159 praeceptus
638 4097 732 4147 modies
754 4100 925 4163 amphorae,“
952 4101 997 4151 ubi
1014 4101 1081 4151 illud
1097 4118 1150 4153 neu
1167 4103 1245 4168 plene
1262 4104 1360 4155 indicet

238 4158 304 4209 nihil
321 4164 396 4211 anton
413 4158 443 4209 de
468 4160 527 4209 siue
551 4162 648 4212 clintum
675 4180 734 4215 esse.
770 4166 836 4216 Mihi
861 4167 963 4231 quidem
988 4170 1074 4219 omnia
1097 4171 1268 4236 perpendenti
1291 4171 1359 4223 nulls
