2842 4758
259 308 320 370 374
647 320 683 380 o.
705 321 846 368 nossem
866 321 990 370 snnocr

279 470 310 520 00
327 454 507 521 Oonminxit
528 456 644 519 lectum
665 461 772 541 potus,
793 474 946 521 mensave
962 455 1109 521 catillum

321 540 462 606 Evandri
483 540 631 605 menibus
652 541 762 605 tritum
784 539 913 606 deiecit:
941 541 982 605 ob
1003 540 1085 605 banc
1106 559 1183 618 rem,

323 629 388 691 Aut
410 626 549 711 positum
572 633 646 689 ante
668 645 740 690 mea
762 626 839 708 quia
860 626 983 710 pullum
1004 626 1037 690 in
1060 633 1153 711 parte
1175 625 1274 692 000101

323 711 459 777 Sustulit
481 710 635 787 esuriens,
657 710 764 777 minus
784 711 845 775 troc
867 711 1025 777 iucundus
1051 710 1174 775 amicus

324 796 372 862 Sit
392 796 492 861 mihi?
514 796 591 878 quid
613 795 739 874 faciam,
762 795 791 862 si
812 795 932 860 furtum
953 795 1074 874 fecerit,
1095 803 1153 861 aut
1176 795 1204 860 si

280 895 311 945 95
325 880 504 947 Prodiderit
525 881 684 946 conmissa
704 881 778 958 fide,
800 900 994 964 sponsumve
1016 881 1162 962 negarit?

324 967 404 1045 Quis
426 965 517 1052 paria
539 985 611 1032 esse
634 966 700 1032 fere
722 966 843 1051 placuIt
864 973 1005 1051 peccata,
1027 967 1184 1043 laborant,

278 1124 281 1129 Δ
324 1052 405 1117 Cum
427 1058 556 1117 ventum
579 1051 621 1115 ad
641 1071 752 1118 verum
773 1057 838 1118 est:
862 1071 976 1117 sensns
997 1069 1165 1134 moresque
1188 1052 1378 1135 repugnant,

323 1140 428 1219 Atque
449 1136 523 1221 ipsa
544 1136 675 1215 utilitas,
697 1135 774 1201 iusti
796 1155 895 1221 prope
916 1142 1019 1200 mater
1040 1143 1073 1201 et
1093 1134 1200 1218 aequi.

323 1221 403 1286 Cum
424 1227 651 1307 prorepserunt
671 1220 783 1307 primis
805 1220 956 1285 animalia
978 1221 1081 1299 terris,

261 1320 305 1370 roo
326 1309 449 1371 Mutum
471 1313 503 1372 et
524 1316 617 1391 turpe
638 1326 747 1392 pecus,
770 1305 921 1387 glandem
943 1311 1040 1388 atque
1061 1305 1179 1370 cubilia
1201 1309 1338 1390 propter

324 1391 493 1473 Unguibus
516 1398 548 1456 et
568 1391 696 1477 pugnis,
720 1391 793 1457 dein
815 1391 964 1467 fustibus,
986 1397 1083 1474 atque
1104 1390 1150 1454 ita
1170 1409 1270 1476 porro

323 1477 515 1558 Pugnabant
537 1476 643 1555 armis,
667 1496 750 1558 quae
772 1483 846 1561 post
866 1475 1079 1541 fabricaverat
1099 1496 1195 1541 usus:

322 1563 432 1628 Donec
453 1562 560 1644 verba,
584 1561 700 1644 quibus
721 1581 816 1626 voces
838 1581 1015 1644 sensusque
1037 1566 1194 1638 notarent,

324 1645 524 1729 Nominaque
545 1646 708 1713 invenere:
733 1645 846 1712 dehinc
867 1647 1023 1711 absistere
1045 1646 1139 1724 bello,

262 1745 307 1794 ros
329 1731 457 1818 Oppida
479 1738 651 1817 coeperunt
671 1731 811 1811 munire;
834 1737 866 1796 et
887 1751 1005 1816 ponere
1026 1733 1125 1814 leges,

323 1819 373 1882 Ne
396 1816 468 1900 quis
491 1817 543 1882 fur
564 1823 659 1896 esset,
681 1836 744 1882 neu
766 1817 857 1895 latro,
881 1836 943 1882 nen
966 1817 1038 1899 qnis
1059 1816 1194 1881 adulter.

666 1952 688 1984 v.
707 1937 747 1986 91.
766 1936 850 1996 Forte,
869 1941 975 1985 tortam.

328 2072 368 2121 91.
405 2069 530 2120 Catillum
553 2069 677 2120 Evandri
699 2072 822 2121 0000000
846 2073 949 2134 attam]
985 2069 1116 2121 Dissident
1143 2068 1212 2118 inter
1235 2083 1264 2117 se
1290 2071 1381 2117 veteres

260 2139 371 2201 novique
389 2138 548 2203 interpretes,
567 2138 597 2187 de
615 2137 691 2187 huius
708 2137 759 2188 loci
777 2138 954 2203 explicatione.
981 2139 1019 2190 Hi
1042 2138 1093 2188 fere
1111 2137 1138 2187 in
1156 2152 1185 2186 ea
1202 2140 1266 2186 sunt
1285 2139 1379 2186 senten·

260 2207 312 2270 tia,
329 2211 359 2256 00
374 2206 493 2256 Evander
510 2207 564 2256 Rex
580 2205 754 2271 intelligatur,
779 2210 805 2256 et
822 2207 879 2257 ideo
897 2207 999 2258 catillus
1016 2210 1070 2256 tum
1087 2205 1119 2255 ob
1137 2207 1307 2267 vetustatem,
1333 2208 1380 2252 tum

259 2274 292 2324 ob
310 2279 409 2325 tantum
426 2273 488 2324 olim
504 2289 672 2339 possessorem
696 2275 746 2325 iam
769 2275 905 2339 pretiosior
927 2276 970 2325 sit.
1003 2276 1082 2326 Favet
1104 2273 1144 2323 his
1168 2271 1299 2337 imprimis
1317 2271 1379 2321 star·

259 2342 330 2393 tialis
349 2343 520 2408 Epigramma,
538 2342 617 2403 VIII,
636 2343 660 2394 6.
694 2344 874 2409 „Archetypis
892 2343 975 2394 aetati
991 2343 1061 2392 01011
1078 2347 1117 2391 000
1133 2340 1251 2390 odiosius
1270 2339 1379 2390 Encas:

258 2409 306 2460 ubi
322 2411 421 2460 Euctus
438 2410 483 2460 ille
499 2410 626 2475 glomatur
642 2425 689 2460 sua
706 2411 798 2476 pocula
816 2411 877 2460 olim
895 2411 972 2461 fuisse
991 2409 1184 2469 Laomedontis,
1202 2407 1378 2473 Lapitharum,

259 2479 390 2540 Nestoris,
413 2478 535 2540 Achillis,
562 2478 658 2528 Didds:
688 2480 741 2542 „Hi
764 2479 817 2529 dae
841 2478 969 2543 longaevo
993 2482 1133 2528 0000000ον
1150 2474 1264 2526 Nestore
1290 2473 1379 2538 fandi:

259 2546 357 2598 Pollice
374 2546 407 2596 010
417 2546 494 2612 Pylio
513 2547 599 2596 trita
617 2546 738 2597 columba
747 2549 840 2597 aitet.“
866 2547 959 2596 Verum
976 2546 1061 2596 obstat
1077 2545 1166 2609 magis,
1185 2543 1253 2608 quod
1261 2542 1379 2594 Evander

260 2615 304 2664 ille
322 2615 428 2677 antiqua
446 2618 499 2664 erat
516 2619 673 2680 paupertate,
690 2630 773 2679 neque
790 2615 915 2665 nobilium
932 2615 1057 2664 artificum
1074 2611 1166 2680 pocula
1180 2612 1209 2660 in
1223 2609 1378 2677 supellectile

260 2680 352 2731 habere
369 2683 461 2746 potuit.
497 2681 561 2732 Tum
584 2686 668 2732 autem
691 2683 798 2733 catillus
821 2682 877 2744 hic,
904 2683 964 2747 quia
987 2682 1103 2732 deiectas
1120 2678 1304 2746 frangebatur,
1330 2677 1377 2729 sine

260 2749 339 2799 dubio
356 2748 443 2798 fictilis
461 2753 528 2799 erat:
546 2753 573 2799 at
591 2749 741 2801 incredibile
758 2756 804 2811 est,
823 2755 853 2800 ut
868 2766 911 2801 vas
929 2751 1007 2800 lictile
1024 2749 1055 2799 ab
1068 2748 1182 2799 Evandri
1199 2764 1282 2812 usque
1296 2751 1377 2808 ,000000

261 2817 293 2867 ad
304 2817 409 2866 Horatii
426 2822 540 2882 tempora
558 2819 651 2868 servari
669 2823 755 2883 posset
772 2819 900 2883 integrum
918 2824 943 2869 00
961 2819 1094 2868 sincerum.
1130 2815 1209 2880 Adde,
1228 2817 1299 2881 quod
1318 2815 1377 2880 figli-

261 2900 296 2935 na
313 2900 390 2950 opera
412 2901 464 2935 non
488 2888 553 2935 tre'ta
576 2886 642 2935 fiunt
658 2903 706 2937 usu
724 2895 749 2937 et
766 2887 794 2936 in
811 2888 927 2937 manibus
945 2882 1074 2946 habend03
1093 2884 1136 2935 sed
1152 2884 1256 2934 metalla
1274 2889 1375 2935 tantum.

259 2953 390 3004 Audiendi
407 2969 466 3017 ergo
483 2953 533 3003 iam
544 2959 639 3004 veteres
649 2955 813 3017 Scholirastae
832 2955 876 3019 qui
893 2954 1041 3004 Evandrum
1058 2954 1134 3014 hunc,
1152 2968 1204 3002 non
1217 2954 1322 3018 Regem,
1339 2948 1376 3001 sed

261 3021 369 3087 plastem
386 3026 412 3071 et
429 3023 577 3071 caelatorem
595 3023 739 3088 accipiunt:
757 3021 830 3087 „Qui
847 3023 879 3073 de
894 3024 1041 3088 persoar'r‚“
1059 3021 1188 3086 inquiunt,
1206 3020 1377 3084 „Horatianis

259 3093 439 3156 scripserant,
467 3092 545 3140 00000
567 3090 724 3141 Euandrum
747 3092 817 3141 tanc
843 3091 1001 3141 certatorem
1029 3095 1055 3140 et
1079 3090 1184 3156 plasten
1209 3094 1374 3149 00000000οῑ

261 3174 338 3223 qaam
366 3157 488 3209 Marcam
512 3158 660 3208 Aretoniam
687 3159 719 3208 ab
749 3159 860 3208 Atlante
884 3158 1080 3209 Aleaaadriam
1107 3156 1293 3219 transtatissa,·
1320 3154 1375 3205 iada

261 3229 332 3275 iuter
350 3229 468 3291 captibos
485 3224 595 3276 110000
611 3227 775 3291 perductam,
794 3227 879 3276 00100
896 3242 979 3291 opera
995 3225 1131 3276 spirabilia
1144 3224 1265 3285 facesse.“
1291 3225 1374 3275 Enim·

260 3309 320 3343 vero
338 3294 398 3343 hacc
417 3310 468 3343 non
486 3298 546 3343 sunt
562 3299 655 3344 temere
671 3294 843 3359 repudianda;
870 3294 965 3359 qnippe
988 3294 1087 3358 prolata
1110 3309 1126 3343 0
1148 3292 1206 3343 fidis
1223 3290 1373 3351 auctoribus,

260 3362 306 3423 qni
325 3360 356 3410 ab
381 3366 462 3411 aetate
480 3362 567 3411 Flacci
591 3362 703 3427 proxime
726 3364 851 3413 virerent.
886 3362 956 3413 Idem
973 3361 1017 3411 ille
1034 3361 1148 3423 videtur,
1174 3361 1247 3410 cuins
1265 3357 1373 3411 meminit

260 3428 362 3480 Plinius
370 3428 438 3479 Hist.
448 3428 568 3493 XXXVI,
577 3432 601 3482 5.
612 3430 638 3497 [§
647 3432 691 3492 32]
709 3428 1156 3495 ,,Το0000010000110000110000
1173 3434 1212 3478 est
1228 3432 1258 3479 10
1267 3428 1372 3484 Palatia

261 3495 396 3561 Apolliae'r
420 3496 545 3548 delabro:
572 3502 618 3548 cai
640 3501 718 3563 signo
743 3504 825 3565 rapat
849 3500 969 3564 reposuit
992 3497 1126 3547 Aalaaiar
1151 3495 1305 3547 1100011000ι
1341 3494 1371 3544 Et

261 3563 725 3631 00000001000100000001010000ος
752 3571 781 3615 ut
806 3567 913 3616 catillus
934 3567 977 3616 hic
1000 3564 1032 3616 ob
1050 3564 1156 3616 artificis
1173 3564 1271 3615 celebre
1289 3576 1371 3614 nomen

260 3633 289 3683 in
313 3633 407 3682 maiore
430 3634 513 3697 pretio
536 3633 679 3684 haberetur.
723 3634 773 3684 Sed
802 3634 899 3685 interea
922 3634 984 3700 quid
1007 3634 1128 3684 faciemus
1156 3632 1202 3682 illo
1233 3628 1370 3690 tritaml*l

260 3701 421 3751 Membranae
439 3701 540 3765 quidem
557 3706 658 3752 nostras
676 3702 712 3752 sic
730 3701 894 3753 interlineas
912 3703 963 3753 fere
981 3706 1113 3764 enarrant,
1142 3697 1258 3763 Tritum,
1276 3699 1369 3762 sabasta

260 3770 302 3819 001
314 3769 492 3830 fabricatam
510 3775 540 3820 ut
552 3774 687 3821 annotator
697 3769 866 3835 Oruquianus,
881 3769 1041 3836 perfectam,
1059 3770 1197 3821 caelatam.
1236 3764 1368 3885 *ttyirp'pb

260 3839 352 3902 Georg.
371 3838 406 3899 II,
425 3839 483 3889 444.
506 3839 594 3903 „Hiar
611 3838 703 3890 radios
720 3838 812 3889 trivere
830 3842 903 3903 rotis,
922 3840 984 3890 triac
1003 3843 1132 3904 tympana
1149 3837 1304 3902 plaustrr's.“
1359 3847 1367 3880 1

261 3906 377 3965 Servium
402 3904 546 3968 „Tricas-e:
570 3913 724 3969 tornaverc,
743 3922 912 3972 composuere
930 3904 962 3957 dc
980 3907 1085 3957 torno.“
1120 3905 1277 3955 Glossarium
1295 3901 1368 3954 Philo·

259 3974 327 4024 xeni:
339 3971 624 4040 ,,Το1οον,τορευτῆς.“
635 3974 735 4024 Plinius
743 3974 813 4026 Hist.
822 3974 915 4037 XXVI,
926 3977 966 4028 36.
977 3973 1106 4037 [XXXVL
1117 3972 1175 4036 66§
1189 3974 1245 4037 193]
1255 3972 1368 4036 „Visae

260 4040 338 4092 aliad
353 4042 422 4103 slata
438 4040 583 4106 figuratur,
603 4043 679 4093 01000
695 4044 896 4094 tornoteritur.“
925 4043 990 4093 Vide
999 4041 1150 4092 Salmasium
1157 4040 1239 4092 fusius
1248 4040 1308 4093 haec
1320 4052 1367 4104 pro

309 4123 332 4173 *l
347 4121 501 4174 [0000000000
513 4127 564 4165 baec
575 4126 645 4172 ‚alam
657 4136 682 4166 aa
694 4136 736 4168 vox
747 4126 837 4168 minime
848 4126 960 4175 0001110000,
982 4125 1021 4166 sed
1033 4135 1177 4176 possessorem
1189 4124 1254 4177 plane
1277 4120 1367 4166 indicatu

256 4175 325 4214 deleta
338 4184 353 4213 a
366 4175 459 4215 Beatta‘o
472 4177 495 4214 s'a
507 4176 612 4216 Aaronem
627 4178 658 4215 00.
675 4178 722 4217 llll
732 4187 757 4226 p.
772 4177 826 4228 sibl

297 4224 333 4272 ”t
349 4223 415 4274 [Haec
428 4225 519 4275 „virgil
532 4247 556 4254 -
569 4227 662 4266 'ramam'
675 4228 780 4267 Bentleias
794 4230 807 4268 1.
822 4239 839 4267 0.
853 4230 952 4269 morata·
967 4228 1030 4267 tarstt
1041 4228 1064 4268 ta
1077 4228 1143 4268 10000
1157 4237 1235 4275 emessa,
1250 4239 1303 4278 qaae
1314 4226 1365 4266 00001

270 4276 386 4322 0000000000
401 4275 515 4323 „Frustraz
529 4287 599 4326 neque
614 4277 672 4317 enim
685 4277 797 4327 qnisquam
811 4290 836 4320 eo
849 4279 910 4321 modo
923 4277 1041 4332 locutus.“]
