2842 4758
359 270 543 319 SERMONUM
564 271 630 319 ΠΒ.
646 270 668 319 1.
681 264 717 319 ,3.

118 402 211 470 modo
232 404 326 491 plura
346 403 424 470 mihi
446 403 530 469 bona
553 408 639 481 sunt)
660 402 800 478 inclinet,
823 404 925 477 amari

107 491 198 556 volet.
242 490 405 572 berciago,
428 491 460 554 iu
483 489 602 555 trutina
623 496 760 575 ponetur
780 490 904 559 eadem.

103 576 122 652 i,
143 595 182 642 ne
204 574 369 641 tuberibus
391 573 529 660 propriis
551 573 692 640 offendat
713 574 860 651 amicum,

103 661 206 739 ttulet;
229 659 372 740 ignoscet
392 659 534 726 veaucis
555 658 652 725 illius
696 679 835 742 aequum
856 665 914 732 est,

103 745 190 811 scafis
210 745 336 810 veniam
357 751 540 831 poscentem
561 743 696 810 reddere
717 764 838 810 rursus.

102 831 200 913 nique,
222 836 380 913 quatenus
403 830 507 895 excidi
528 830 657 914 penitus
679 829 791 895 vitium
819 829 895 905 irae,

102 923 181 981 ctera
201 915 276 980 item
298 921 461 997 nequeunt
483 915 589 980 stultis
610 915 790 993 haerentia;
813 932 870 979 cur
891 934 953 978 uon

102 1000 243 1067 rderibus
264 1000 467 1083 modulisque
489 999 558 1066 sais
580 999 661 1065 intio
683 1000 807 1067 utitur?
827 1018 875 1075 ac,
899 1018 951 1064 res

109 1103 254 1168 quaeque
276 1091 334 1163 est,
355 1084 403 1150 ita
424 1084 591 1171 suppliciis
612 1083 729 1150 delicta
750 1087 897 1149 coercet?

104 1170 176 1254 quis
197 1190 269 1235 eum
292 1189 426 1247 sewum,
449 1169 592 1256 patinam
614 1168 670 1253 qui
690 1170 801 1239 tollere
822 1169 932 1233 iussus

102 1276 196 1321 nesus
218 1254 316 1341 piscis
339 1254 545 1341 tepidumque
566 1254 740 1336 ligurrierit
759 1254 820 1334 ius,

110 1361 200 1406 eruce
223 1340 370 1422 sirlfigat3
393 1340 543 1406 Labeone
564 1339 707 1407 insanior
727 1339 809 1407 inter

215 1458 237 1489 v.
257 1443 296 1492 74.
316 1440 391 1506 Vulg.
410 1440 544 1506 Ignoscat.
580 1443 621 1494 82.
641 1442 725 1503 Forte,
743 1440 869 1491 Labieno.

101 1574 150 1623 cae,
167 1563 196 1610 ia
213 1561 264 1609 tac
281 1561 408 1609 sacietate
424 1559 506 1623 cicili,
523 1560 551 1609 iu
566 1558 926 1621 sensnbomiuumcommnui,
945 1561 974 1609 ia
991 1563 1102 1619 natare,

101 1629 157 1689 tur,
183 1626 430 1692 eompretasdeada
455 1642 510 1676 esse
527 1631 632 1679 oratori
645 1630 739 1693 ιιτιίοέί
774 1626 907 1678 Communi
926 1626 1007 1691 igitur
1025 1642 1102 1679 senen

124 1710 208 1746 carere
230 1696 341 1757 dieitur,
367 1694 429 1759 qnia
450 1694 576 1759 legentem
600 1700 645 1746 snt
668 1695 789 1757 tacitam,
816 1694 900 1746 alieno
917 1710 975 1744 cum
991 1694 1099 1744 maxime

117 1779 229 1814 somnone
246 1761 437 1814 sne-obturbat.
464 1762 556 1818 Quales
573 1769 600 1814 et
616 1763 664 1825 ini,
682 1779 746 1827 quos
757 1764 876 1814 Sermone
893 1762 1009 1828 proximo
1028 1764 1098 1814 ulii.

116 1835 227 1894 „inanes
246 1831 301 1881 Hoc
317 1833 402 1894 iacet,
420 1830 580 1882 haediliae
597 1836 763 1897 quaerentes,
782 1846 846 1882 aum
857 1831 913 1882 siue
924 1846 1007 1890 seusu,
1025 1830 1099 1880 Tem·

100 1915 120 1948 ιι
137 1898 243 1960 faciant
260 1899 370 1949 alienoi‘
404 1898 452 1949 hoc
470 1903 520 1961 est,
544 1903 603 1950 riae
625 1914 704 1951 aenea
728 1901 875 1963 communi,
903 1899 965 1964 quis
982 1903 1103 1962 tempore

122 2033 249 2099 Ignoscat
265 2035 385 2085 cenauit
401 2034 485 2096 illias]
515 2035 557 2083 Ita
574 2033 698 2084 editiones
726 2032 800 2083 credo
827 2049 913 2083 omues
930 2035 989 2097 post
1005 2030 1100 2081 Alduur

101 2107 154 2154 unt.
181 2104 215 2152 At
231 2102 381 2153 vetustiores
394 2100 506 2152 Venetae
524 2102 588 2152 duae
606 2117 663 2152 cum
679 2101 861 2164 Loscberieua‚
880 2103 1012 2166 ignosce&
1031 2099 1099 2163 quod

100 2187 133 2220 ‚us
150 2171 179 2220 iu
197 2172 250 2220 suis
267 2171 393 2230 omuibus,
411 2171 580 2220 Bersmannus
598 2170 625 2219 in
644 2169 743 2219 duobus
755 2169 875 2235 repperit
904 2167 987 2218 Ceteri
1004 2172 1098 2217 tacent.

100 2262 103 2287 l
120 2239 188 2288 bona
205 2239 261 2299 lide,
280 2254 310 2288 ox
327 2237 389 2287 meis
408 2253 507 2301 qnoque
524 2237 622 2287 discere
639 2242 726 2302 potes3
744 2253 851 2302 qnorum
868 2236 958 2286 melior
968 2235 1098 2299 maiorque

99 2312 175 2356 noscet
191 2306 258 2356 clere
276 2305 430 2372 praeferunt.
464 2309 548 2370 Atque
565 2305 591 2355 id
610 2305 689 2355 altero
706 2305 791 2356 lanius
808 2310 834 2355 et
850 2304 981 2356 urbanius.
1017 2302 1098 2353 Civile

99 2376 143 2438 ,gis
160 2379 212 2434 est,
239 2374 344 2424 Futuris
368 2389 443 2439 quem
460 2373 621 2439 Imperativis
638 2374 804 2438 'praecipere,
828 2373 904 2438 idque
921 2371 1031 2423 Horatio
1049 2370 1098 2421 sol-

99 2447 120 2491 ιι
136 2443 222 2507 Epist.
239 2443 261 2503 I,
281 2444 320 2493 18.
339 2458 361 2491 ι.
374 2444 416 2494 37.
451 2442 606 2506 ,Arcenam
623 2457 708 2507 aeque
725 2447 754 2492 ta
771 2439 925 2493 scrutaberis
941 2440 1024 2491 allius
1041 2454 1098 2491 aaa·

98 2509 321 2575 Commiseamqae
344 2513 428 2575 togas,
456 2515 483 2559 et
506 2513 567 2560 uiae
592 2515 678 2560 tortas
701 2515 726 2560 et
750 2512 810 2561 ira:
836 2507 893 2560 Nec
918 2514 964 2559 taa
982 2506 1098 2558 laudabis

99 2584 141 2628 zat
158 2579 248 2628 aliena
266 2580 425 2643 reprendes.“
453 2577 495 2626 Sic
514 2577 578 2627 alibi
595 2577 697 2643 passius
724 2577 761 2628 Ut
777 2579 838 2628 Arte
855 2579 927 2628 Post.
945 2577 1003 2629 385.
1038 2573 1098 2638 „Ta

99 2651 149 2696 rita
166 2647 236 2695 dices
253 2646 362 2696 faciesve
380 2644 529 2695 Mr'rserea.“

119 2713 243 2764 Labeone
255 2716 379 2764 iasaaier
391 2716 461 2763 inter
472 2712 558 2763 Saaos
576 2713 693 2776 dicator]
720 2713 861 2780 Porphyrio
879 2712 911 2762 ud
928 2711 1024 2763 locum:
1042 2710 1097 2775 „ll

99 2799 107 2831 ι
126 2781 223 2845 Labeo,
239 2784 402 2846 praetorias,
420 2784 586 2831 {arrectiora
601 2783 714 2845 peritas,
731 2797 833 2832 memor
845 2782 983 2843 libertates,
1002 2781 1032 2830 ia
1044 2795 1097 2845 qaa

99 2855 145 2912 ut,
170 2850 255 2900 snalla
275 2851 467 2900 contumaciter
483 2848 612 2898 adversas
631 2846 769 2901 Caesareas
787 2849 887 2900 driuisse
906 2847 1040 2909 olfecisse
1058 2847 1098 2897 di·

99 2922 189 2983 raptor
207 2917 280 2982 qaod
296 2933 369 2967 aaac
385 2917 513 2966 Horatius
531 2916 646 2967 adalano
657 2917 779 2981 Angusto
792 2920 916 2967 insanam
929 2931 989 2969 aum
1002 2916 1098 2965 aaran

99 2985 194 3049 gemina
212 2986 397 3045 hebetiorem
414 2989 441 3034 et
459 2983 562 3034 eandem
581 2982 735 3034 cantilenam
753 2984 848 3035 iterant
864 2986 1017 3048 interpretas
1029 2984 1096 3035 nori.

99 3070 121 3114 ι,
145 3054 167 3103 si
186 3069 293 3117 usquam
310 3053 388 3115 alias,
412 3052 537 3102 iudicium
561 3052 603 3102 hie
620 3051 648 3100 ia
667 3052 700 3101 iis
718 3052 840 3103 desidero.
874 3052 1011 3102 Videamus
1029 3051 1098 3101 euim

99 3137 143 3172 sa:
169 3122 279 3186 „saara
303 3136 362 3171 earm
385 3136 506 3181 εσνυιιιιι,
533 3122 657 3185 pataram
681 3123 729 3184 qai
752 3120 845 3171 tollere
868 3122 956 3170 iussas
979 3118 1097 3173 Seraesos

99 3189 254 3255 episimone
278 3189 432 3254 ligurrierit
454 3191 511 3249 iae,
538 3188 570 3237 Ia
588 3202 667 3237 cruce
683 3186 811 3252 suffigat,
835 3187 957 3238 Labeone
974 3189 1098 3239 insanior

101 3273 150 3307 aas
168 3257 308 3308 dicatas-“z
327 3257 375 3307 hoe
394 3260 439 3316 est,
459 3254 490 3305 ab
509 3254 627 3306 omnibus
644 3258 718 3305 raaia
728 3256 846 3309 Labeone
863 3257 988 3307 insanior
1005 3255 1097 3307 habea-

99 3341 194 3391 rperam
214 3327 283 3375 euim
299 3324 422 3376 Daoerins
440 3323 543 3388 accipit,
561 3324 598 3374 sic
616 3322 691 3372 verbe
709 3328 871 3383 construeus3
893 3321 957 3373 Cam
974 3325 1098 3375 iasaaior

99 3409 157 3457 cae,
176 3391 255 3443 fildas
272 3395 344 3443 inter
360 3407 440 3442 saaos
458 3391 575 3456 dicatur,
592 3393 647 3441 siue
662 3395 835 3443 numeretur?
853 3391 909 3448 Quo
919 3391 1021 3455 quidem
1029 3391 1097 3441 nihil

99 3461 175 3511 idici
192 3461 287 3527 potuit.
321 3461 392 3525 Ergo
416 3460 464 3509 hoc
482 3475 529 3524 pro
548 3464 679 3524 comperto
703 3460 846 3511 babendum
871 3464 921 3522 est,
947 3458 1097 3511 Labeonem

99 3531 242 3593 cuicumque
265 3528 357 3591 inerit,
381 3527 432 3577 iam
456 3532 510 3576 tum
534 3527 683 3593 prinsquam
699 3527 761 3578 haec
779 3529 901 3580 scriberet
917 3527 1054 3588 Horatius,
1082 3525 1098 3575 d

99 3597 209 3648 minibus
226 3614 273 3662 pro
290 3597 381 3647 insano
398 3595 477 3645 luisse
496 3595 620 3647 habitum.
653 3595 763 3648 Videant
780 3597 874 3662 igitur,
893 3595 938 3660 qai
955 3595 1097 3649 Antistium

99 3682 118 3715 n
136 3666 206 3716 iuter
221 3670 317 3715 vetares
335 3663 533 3715 Iurisconsultus
550 3663 625 3713 facile
643 3663 787 3729 principem
804 3664 919 3715 sFleecc
936 3663 979 3713 bic
997 3662 1098 3721 aedani

99 3738 128 3783 rt.
165 3733 235 3789 Quid
252 3733 340 3784 euim?
368 3731 444 3782 illene
462 3735 491 3780 ut
508 3732 590 3783 virum
608 3732 770 3795 senatorem,
786 3733 920 3796 dignitato,
939 3729 1039 3796 opibus,
1058 3744 1097 3779 se·

104 3801 202 3866 gloria,
230 3805 256 3852 et
272 3800 357 3866 gratia
379 3799 446 3865 apud
464 3799 531 3848 cives
548 3799 768 3862 florentissimum,
791 3800 879 3853 mulne
896 3798 1005 3863 denique
1021 3795 1097 3849 rebus

99 3871 183 3930 iorem,
201 3874 254 3919 tem
271 3868 373 3919 vecordi
391 3866 546 3918 contumelia
562 3867 702 3919 laceraret?
720 3869 784 3918 Esto
802 3868 878 3930 euim,
896 3870 925 3915 ut
943 3866 971 3915 in
986 3864 1097 3930 gratiam

101 3938 201 3988 laedere
219 3954 275 3987 eum
292 3937 412 4003 gestiret:
431 3951 490 4000 quo⁴
500 3939 584 3986 musea
601 3952 653 3999 ore,
671 3951 723 3987 uon
740 3936 790 3987 sibi
807 3934 895 3995 solnm,
914 3933 957 3985 sed
976 3934 1097 3987 omanus

99 4021 183 4056 seuam
201 4022 258 4056 eum
276 4005 366 4070 videri,
384 4005 468 4054 dicere
483 4004 586 4069 potuit?
605 4003 662 4053 Hoc
680 4006 748 4055 certe
765 4003 886 4064 conuitio,
913 4000 964 4051 sibi
982 4001 1037 4067 ipse
1056 4015 1098 4051 co·

100 4075 186 4125 insani
205 4079 231 4124 et
247 4074 339 4124 furiosi
356 4073 447 4122 merito
465 4071 610 4123 invenisset.
637 4071 776 4123 Audiamus
793 4072 862 4123 euim
870 4070 988 4123 Tacitum
1004 4068 1096 4118 Auual.

123 4142 316 4207 „Consulatum
336 4140 462 4206 Capitoni
478 4140 555 4191 Ateio
574 4140 771 4193 acceleraverat
787 4141 933 4205 Augustas,
951 4142 984 4187 at
999 4135 1097 4188 Labeo·

99 4211 185 4261 istium
202 4211 296 4260 iisdem
315 4210 417 4261 artibus
436 4208 604 4272 (eloquentiae
616 4209 876 4275 etiurisprndcutiae)
892 4205 1098 4273 praecellentem

840 4288 897 4342 24*
