2840 4762
191 255 256 315 vlu
654 255 851 305 Dunrufflo.

192 388 321 455 natione
361 391 389 455 dr
426 388 532 455 studio
575 391 642 456 sive
685 390 735 456 sui
775 389 893 457 fiducia
932 381 1110 472 neglexerit
1157 391 1314 478 accipere.

193 488 243 566 Tu
266 504 388 579 tamem
418 505 469 565 sat
498 499 579 584 scio,
607 499 716 585 Ipsius
738 499 867 584 quidem
895 499 1083 587 praecipue,
1113 500 1171 567 sed
1192 504 1221 568 dr
1241 502 1316 568 Mea

192 607 337 675 nonnihil
357 609 473 690 gratia,
496 609 587 676 cuius
601 611 704 677 Notas
715 610 1028 694 Emendationesque
1049 629 1159 677 secum
1181 611 1315 678 circum-

193 719 264 801 fert,
287 718 321 786 in
341 722 485 785 Tuorum
507 739 580 786 eum
601 740 735 787 numero
755 720 901 788 habebis.
944 722 1058 805 Neque
1085 719 1170 787 enim
1191 741 1313 805 vereor,

192 850 233 896 ne
253 830 334 897 haec
355 829 601 914 qualiacumque
629 837 704 898 sunt
724 833 843 898 Nostra
864 830 937 895 Tibi
967 830 1029 897 isto
1051 831 1180 896 nomine
1199 831 1315 898 viliora

193 940 388 1025 siut,·quod
416 941 521 1007 amei
543 940 672 1008 Ordinis
700 941 828 1007 homine
856 941 1120 1028 proficiscantur*
1150 943 1201 1007 Ita
1228 963 1316 1009 nunc

194 1049 325 1134 quidem
346 1051 546 1135 quorundam
569 1051 794 1138 importunitas
814 1057 916 1117 totum
928 1070 1060 1134 gregem
1081 1052 1171 1137 apud
1190 1052 1316 1138 pleros·

194 1179 258 1245 quc
279 1161 314 1225 iu
334 1160 485 1227 invidiam
515 1160 667 1229 adduxit:
704 1183 816 1229 verum
843 1161 909 1227 alia
929 1161 1003 1227 Tibi
1030 1181 1121 1228 mens
1150 1167 1216 1241 est,
1248 1161 1316 1230 alia
1367 1170 1370 1175 ⁴

192 1291 317 1339 morum
338 1271 406 1339 via:
429 1292 502 1337 nam
525 1274 554 1338 dr
576 1272 661 1337 omni
682 1273 750 1339 vita
769 1277 917 1338 anteacta
938 1276 1064 1339 &nunc
1085 1291 1157 1338 cum
1174 1271 1315 1339 maxime

192 1382 412 1447 auctoritatem
447 1401 487 1446 ac
518 1381 613 1448 fidem
646 1383 743 1449 verbo
778 1382 879 1449 veteri
909 1381 1004 1460 tacis,
1044 1381 1106 1462 Qui
1136 1382 1218 1446 boae
1241 1382 1314 1467 fide

192 1493 295 1557 Duum
317 1494 400 1571 colit,
423 1502 509 1555 amat
528 1494 557 1558 dr
578 1493 810 1560 sarraconis.
847 1493 1044 1560 Obtinebunt
1064 1492 1163 1574 igitur
1184 1495 1213 1559 dr
1233 1493 1315 1560 haec

192 1603 313 1671 Nostra
340 1602 444 1668 locum
471 1602 611 1686 aliquem
641 1602 675 1667 in
695 1600 894 1669 Bibliotheca
923 1609 979 1669 tua
1000 1601 1215 1689 amplissima;
1249 1622 1314 1688 qua

79 1735 110 1789 p.
124 1735 162 1790 m]
194 1718 333 1799 (praeter
353 1711 515 1798 parabiles
536 1712 609 1778 illas
619 1712 869 1798 Typographiae
884 1711 1026 1786 divitias)
1040 1712 1049 1797 ll
1063 1728 1181 1795 magno
1204 1717 1313 1779 sumtu

194 1821 364 1906 studioque
400 1822 558 1904 collegisti
595 1828 739 1888 vetustos
775 1821 915 1887 omnium
953 1822 1136 1905 linguarum
1153 1818 1156 1824 ’
1175 1822 1311 1891 Codices

191 1933 326 1999 MSStos
346 1931 434 1999 Mille
455 1932 593 2018 amplius
615 1939 642 1992 tr
663 1932 878 2014 octingentos3
906 1934 1004 2016 atquc
1025 1932 1243 1999 incredibilem
1264 1932 1314 1999 in·

193 2062 291 2129 super
303 2043 559 2110 Membranarum
580 2041 655 2123 vim,
677 2036 750 2109 cum
772 2062 853 2126 quos
869 2042 1003 2110 Rotulos
1025 2048 1093 2119 tum
1115 2063 1197 2126 quas
1212 2042 1313 2109 Obar-
1375 2107 1378 2113 ,

193 2159 244 2220 tas
272 2153 473 2239 appellamus
480 2176 489 2233 ;
526 2137 660 2236 quorum
690 2142 736 2218 illi
764 2152 808 2219 ad
827 2152 915 2219 Mille
943 2173 1015 2220 reor
1042 2152 1317 2236 &quingentum

192 2263 253 2330 hae
280 2262 323 2329 ad
355 2264 505 2331 tredecim
533 2262 669 2331 Millium
700 2284 868 2330 numerum
899 2262 993 2330 facile
1024 2269 1208 2346 assurgunt.
1252 2263 1313 2330 Hic

193 2373 251 2440 tibi
265 2375 551 2441 Instrumentorum
572 2379 727 2453 veterum,
748 2375 866 2460 partim
886 2375 921 2440 in
934 2373 1030 2449 Urbe,
1053 2374 1170 2459 partim
1191 2392 1265 2440 rure
1278 2374 1312 2439 in

193 2483 289 2550 avitis
318 2485 452 2551 aedibus
473 2485 682 2549 Bremtonicc
712 2485 854 2551 Castello
882 2483 980 2568 (quod
1008 2485 1050 2550 ab
1071 2485 1230 2551 Eburum
1258 2505 1311 2551 us·

193 2615 255 2678 que
277 2594 293 2658 Ι
314 2600 421 2660 aetate
442 2614 500 2680 per
520 2594 689 2660 Batauum
708 2595 892 2660 Hammon
906 2594 1054 2677 Equitem
1077 2593 1120 2661 ad
1142 2613 1232 2661 seros
1253 2593 1311 2660 ad·

191 2704 254 2769 huc
276 2710 409 2790 nepotes
422 2703 607 2799 ‚demissum
629 2707 689 2781 est)
712 2703 882 2773 thesaurus
897 2704 1100 2771 adservatur:
1124 2704 1310 2788 quotidiano

192 2813 322 2897 quidem
344 2813 373 2880 is
394 2820 491 2880 auctu
513 2833 670 2893 crescens,
693 2813 806 2880 diam
826 2833 911 2879 nuno
931 2813 1032 2880 multo
1047 2814 1143 2881 ditior
1164 2815 1309 2895 iuturus;

191 2923 254 2991 nisi
275 2924 318 2988 ad
339 2923 404 2988 alia
425 2923 556 2991 damna
571 2944 630 3010 per
650 2923 768 2991 civiles
796 2923 960 3010 superiore
988 2926 1117 2991 saeculo
1139 2925 1311 2992 Tumultus

192 3034 350 3112 castellis,
372 3033 517 3120 templis,
546 3032 647 3113 villis,
675 3035 922 3118 nemoribusque
943 3036 1059 3102 vestris
1080 3035 1171 3101 illata
1192 3034 1311 3101 Biblio-

191 3144 304 3213 thecae
325 3163 453 3229 quoque
474 3143 744 3230 locupletissimae
766 3145 902 3230 direptio
923 3145 1122 3213 accessisset.
1150 3147 1255 3212 Macte
1272 3165 1311 3212 ea

191 3253 324 3332 virtute,
352 3254 416 3320 Vua
437 3255 713 3334 Lmuuuurssmm
745 3254 849 3338 deque
877 3256 962 3320 omni
982 3255 1196 3339 Antiquitate,
1219 3255 1311 3322 euius

191 3370 356 3448 tamquam
378 3383 424 3430 eu>
439 3363 607 3446 naufragio
629 3364 756 3430 tabulas
778 3365 945 3449 conquiris
972 3365 1113 3449 undique
1135 3366 1163 3432 dr
1184 3386 1311 3433 conser-

191 3493 259 3553 vas,
281 3494 381 3560 perge
403 3475 484 3540 bene
506 3474 631 3542 mereri.
658 3475 746 3541 Haec
766 3474 939 3543 laudabilis
961 3478 1033 3541 Tua
1054 3474 1207 3556 luxuries,
1228 3476 1310 3542 haec

190 3585 326 3652 honesta
347 3585 482 3651 avaritia
502 3591 567 3651 ost:
588 3584 669 3651 haec
683 3584 757 3667 Tibi
777 3584 860 3651 iuter
881 3591 929 3651 tot
949 3585 1082 3668 egregia
1102 3605 1166 3651 non
1187 3585 1222 3650 iu
1235 3585 1310 3652 ulti·

190 3693 253 3761 mis
280 3693 413 3761 laudum
442 3693 516 3772 erit,
549 3714 615 3778 qua
635 3696 686 3760 Tu
718 3693 853 3762 aliorum
884 3715 943 3765 seu
974 3696 1131 3763 immensa
1161 3695 1309 3762 villarum

191 3805 314 3892 spatia,
343 3824 401 3871 seu
422 3803 578 3891 pictarum
600 3805 782 3870 tabularum
809 3806 980 3886 miracula,
1011 3805 1080 3874 sive
1101 3806 1308 3892 pecuniosam

192 3922 361 3992 senectam,
384 3917 587 4018 &quaeques
608 3915 833 3982 &antecellas
862 3916 975 4000 Neque
994 3934 1070 3982 vcro
1086 3914 1126 3981 de
1141 3915 1308 3983 Vetustate

192 4025 305 4103 solum,
329 4024 387 4091 sed
408 4027 437 4091 dr
457 4025 498 4092 dc
520 4025 682 4111 praesenti
703 4030 896 4111 posteraque
916 4032 1038 4105 aetate,
1067 4026 1150 4093 sicut
1175 4025 1308 4093 mereris

190 4135 319 4221 optimc,
340 4136 387 4201 ita
407 4155 502 4221 porro
522 4136 711 4202 mereberis:
740 4135 802 4203 nisi
825 4136 924 4215 (dictu
944 4136 1047 4215 nefas)
1076 4135 1238 4203 desciscas
1258 4142 1308 4204 at·
