2842 4758
407 257 592 306 sennonnn
613 259 680 305 nm.
698 258 721 304 1.
744 252 768 303 a.
1088 245 1150 309 365

106 390 254 458 tustioius
276 399 369 458 tonso
391 398 468 474 toga
489 390 610 469 defluit,
632 399 665 456 et
685 392 773 479 male
792 390 886 458 laxus

106 479 131 539 sn
154 477 234 562 pede
255 478 382 543 oaleens
403 476 522 541 haeret.
566 482 601 540 at
622 482 671 542 est
692 476 806 552 bonus,
829 482 865 540 nt
885 477 998 541 melior
1019 479 1067 544 vir

105 563 164 624 ‚ion
186 563 268 627 alius
290 561 477 644 quisquam:
499 566 534 626 at
555 560 613 625 tibi
634 559 773 626 amiens:
795 566 830 625 at
850 561 1014 643 ingenium
1036 562 1150 646 iugens

106 646 215 711 neulto
237 647 315 712 latet
336 646 397 712 hoe
419 647 480 712 sub
502 665 643 745 eorpore.
687 644 826 728 denique
848 647 986 745 teipsum

106 731 246 816 iouente,
269 750 411 813 numqua
432 730 489 795 tibi
511 730 669 795 vitrorum,
682 730 834 796 inseverit
855 742 931 796 olrm

106 817 224 893 latura,
246 816 421 881 autetiam
443 814 640 881 consuetudo
662 815 757 880 mala.
801 834 940 900 namque

106 900 256 981 legleetis
279 900 402 965 urenda
422 900 491 964 filix
511 898 688 966 innascitur
708 898 806 981 agris.
827 922 830 927 ·

109 985 172 1049 llue
192 993 443 1070 praeveniamur,
464 991 639 1050 amatorem
662 983 749 1068 quod
769 984 892 1050 amieae

106 1069 212 1155 lurpia
233 1070 396 1156 deeipinnt
416 1089 546 1135 caesum
567 1068 655 1146 vitia,
678 1075 735 1133 aut
757 1069 851 1135 etiarn
874 1070 947 1155 ipsa
968 1068 1048 1136 haee

106 1155 275 1235 leleetant3
297 1154 397 1222 veluti
419 1154 588 1220 Balbinum
609 1153 749 1240 polypus
770 1155 916 1238 Hagnae.

442 1289 464 1322 r.
484 1275 525 1325 40.
544 1272 619 1339 Vulg.
638 1272 741 1337 Agnae.

106 1407 136 1456 lie
154 1423 170 1456 a
182 1408 271 1459 multis
288 1409 413 1459 oreditum
430 1412 477 1474 est,
496 1407 540 1458 sed
557 1407 676 1473 seipsum.
700 1408 786 1457 Primo
804 1408 873 1458 enim
889 1408 945 1473 ipse
961 1424 989 1459 se
1006 1408 1150 1475 oompellat,

106 1492 110 1523 ι
129 1482 175 1525 tna
191 1476 351 1541 praevideas
368 1475 453 1526 oerllis
476 1476 564 1526 mula
582 1475 702 1540 lippus
718 1478 862 1528 inunatr's.⁸‘
896 1475 998 1543 Lippus
1015 1477 1083 1526 enim
1100 1477 1150 1527 luit

106 1543 165 1603 2ins3
187 1544 246 1594 ride
263 1560 309 1595 nos
327 1544 359 1594 ad
377 1544 456 1594 Serm.
474 1545 496 1604 Ι,
515 1546 539 1596 1.
557 1559 580 1593 ι’.
600 1545 657 1595 121).
693 1543 815 1609 Sequitur
831 1559 902 1594 mox:
921 1543 1044 1608 „Euenit
1062 1547 1151 1609 inqui-

108 1611 173 1661 ritia
189 1617 221 1662 ut
237 1618 282 1662 tna
299 1627 394 1662 rursus
411 1617 439 1662 st
454 1612 523 1663 illi.“
546 1610 574 1661 id
592 1615 637 1674 est,
655 1615 707 1673 tna,
726 1612 853 1673 oFlaeee,
871 1612 947 1662 vitia:
974 1617 1001 1664 et
1017 1617 1043 1662 te
1060 1613 1150 1662 absen-

106 1680 136 1728 tis
153 1680 236 1731 verbis
253 1684 373 1746 carpant:
398 1679 615 1730 iracundior
638 1683 689 1728 est
709 1679 841 1744 paullo.
876 1680 934 1729 Hos
950 1694 1030 1730 unum
1048 1695 1078 1730 ex
1094 1682 1149 1731 Ho-

111 1747 197 1811 ritiis,
224 1753 254 1798 nt
275 1749 333 1815 ipse
357 1748 388 1797 de
411 1764 438 1798 se
456 1749 536 1799 Serm.
552 1747 593 1808 11,
618 1748 642 1798 3.
667 1762 690 1795 v.
708 1748 766 1799 323.
800 1745 880 1809 „Non
903 1748 964 1797 dieo
987 1748 1150 1799 donandam

106 1817 149 1863 n.“
166 1823 192 1866 et
208 1815 293 1880 Epist.
311 1816 333 1878 Ι,
351 1817 392 1875 20,
412 1818 453 1867 25.
488 1814 586 1878 „Irasoi
603 1814 711 1876 saoilenr,
731 1819 818 1864 tamen
836 1819 868 1864 ut
883 1815 1025 1880 placabilis
1042 1820 1150 1868 essm.“

106 1886 214 1934 tinius
233 1889 341 1934 tonso.
368 1883 425 1933 Hoe
443 1883 519 1934 etiarn
537 1882 570 1932 ad
587 1883 723 1932 Horatium
740 1882 866 1946 pertinet:
884 1887 914 1931 nt
931 1883 1014 1947 Epist.
1025 1883 1046 1943 I,
1067 1885 1090 1948 1,
1108 1886 1149 1936 94.

106 1957 197 2001 ornlus
208 1952 337 2017 inaequali
355 1957 456 2002 tonsore
474 1949 587 2017 capillos
598 1950 737 2013 Oeaurri‚“
747 1977 780 1987 —
790 1953 823 2012 [ι.
836 1952 894 2012 104]
912 1957 956 2013 „el
967 1966 1044 2016 prave
1054 1956 1150 2002 sentum

106 2019 202 2069 rebaris
219 2021 251 2069 ob
268 2022 412 2083 anguem.“
448 2017 539 2082 Toga
558 2017 675 2079 deflui
681 2024 705 2077 t;
724 2019 807 2068 etheo
825 2034 924 2083 quoqne
941 2018 1037 2068 ibidem
1056 2022 1088 2082 [r.
1106 2021 1149 2082 ab]

118 2086 226 2136 latetur:
252 2091 294 2151 „si
309 2086 381 2147 forle
397 2086 527 2137 menenio
544 2101 633 2151 penne
653 2084 728 2136 Trita
745 2086 834 2135 rubeat
852 2089 973 2148 tunicae,
990 2086 1033 2136 uel
1048 2089 1074 2136 ri
1090 2091 1151 2151 toga

108 2160 133 2203 et
149 2154 259 2220 imperf*
292 2156 353 2205 Mox
370 2156 477 2205 virtutes
495 2154 616 2219 quasdam
634 2153 715 2218 addit,
733 2158 762 2202 nt
779 2169 836 2203 eum
853 2154 924 2203 vitiis
941 2163 1149 2218 compensentur:

106 2238 122 2271 e
146 2238 246 2287 quoque
271 2223 379 2272 virtutes
403 2223 435 2273 ad
452 2223 588 2272 Horatium
607 2222 691 2287 ipsum
708 2220 852 2272 referendae
869 2232 936 2272 sunl.
969 2222 1014 2271 At
1030 2228 1084 2272 ert
1100 2225 1150 2273 bo-

125 2296 155 2339 nt
172 2289 254 2341 Garm.
272 2292 293 2341 I.
312 2293 360 2352 22,
383 2293 403 2342 1.
439 2292 560 2355 „Integer
576 2290 645 2339 ritae
661 2290 820 2353 scelerisque
835 2291 948 2354 prinas.“
973 2295 1000 2339 et
1017 2290 1096 2340 Serm.
1114 2292 1149 2353 II,

111 2360 151 2410 85.
187 2362 230 2421 „si
247 2361 306 2424 quir
326 2359 482 2424 opprobriis
500 2359 612 2422 dignum
631 2358 796 2418 loaernoern't,
815 2357 915 2421 integer
932 2357 1014 2422 ipse.“
1032 2363 1057 2407 et
1074 2374 1150 2425 saepe

134 2426 176 2475 At
200 2427 267 2477 tibi
290 2429 427 2477 amicas.
463 2426 631 2486 Serm.I,6.
650 2439 674 2476 ιι.
693 2427 734 2476 lb.
762 2428 1029 2489 .‚runuet1·nsons,
1060 2424 1093 2477 Ut
1108 2442 1150 2476 ane

107 2493 182 2556 idern,
201 2497 227 2544 ei
243 2499 269 2544 et
285 2497 345 2544 uiuo
362 2510 436 2544 carus
454 2495 569 2544 amieis.“
586 2493 644 2543 ride
661 2497 687 2543 et
704 2494 725 2553 Ι,
744 2495 768 2544 4.
787 2509 809 2541 ι.
825 2495 880 2544 101.
910 2493 953 2543 Ar
969 2496 1150 2557 ingenium

113 2577 158 2611 nr.
194 2560 276 2612 Germ.
297 2563 338 2623 II,
359 2564 404 2623 18,
423 2564 446 2614 9.
482 2562 536 2625 „At
552 2560 619 2623 tides
636 2564 662 2610 et
678 2561 768 2625 ingeni
785 2560 902 2624 Benigne
918 2575 981 2611 vena
1000 2563 1064 2612 sst.“
1099 2563 1148 2612 Sed

107 2628 202 2690 obiter,
225 2635 252 2681 et
269 2635 369 2695 praeter
386 2646 480 2680 morem
498 2634 625 2688 nestrum,
655 2630 700 2693 qui
718 2626 905 2679 emendationes
924 2628 1073 2691 scribimus,
1096 2646 1148 2680 non

107 2698 241 2747 antatium.
276 2698 340 2754 Quis
364 2698 431 2748 eninr
456 2702 521 2748 esset
545 2697 650 2746 modus?
677 2696 767 2746 Doluit
789 2701 873 2746 tamen
897 2697 980 2747 loenm
1003 2697 1071 2747 huno
1098 2702 1149 2747 tam

117 2764 148 2813 ab
161 2765 346 2831 interpretibus
358 2770 491 2831 acceptum
503 2782 564 2828 esse,
583 2764 653 2814 etin
671 2766 782 2814 transitu
800 2781 842 2814 eos
860 2764 942 2815 tribus
958 2765 1048 2814 saltem
1065 2766 1149 2816 verbis

108 2833 197 2883 nendos
214 2850 269 2883 esse
282 2835 435 2887 sensuimus,

110 2903 134 2951 4.
170 2901 226 2952 Sub
244 2904 365 2967 corpore]
392 2898 513 2951 Lambini
531 2900 630 2964 aliquot
647 2899 747 2949 codiees
765 2904 790 2949 et
807 2899 945 2949 Pnlmanni
962 2899 1148 2964 Torrentiique,

108 2971 230 3032 ngenium
254 2973 349 3034 ingens
371 2969 475 3018 Inculto
500 2967 566 3018 latet
588 2968 638 3018 boe
660 2966 708 3016 rub
726 2972 854 3030 pectore.“
881 2974 957 3032 atque
973 2969 1012 3017 ita
1029 2973 1151 3031 quattuor

108 3037 176 3087 stris.
203 3036 277 3093 Quod
293 3039 372 3087 miror
389 3035 505 3100 equidem
521 3034 675 3085 Lambinum
693 3051 745 3084 non
763 3035 927 3099 improbasse,
945 3038 971 3084 et
988 3035 1149 3086 Torrentium

108 3105 232 3154 uestium
249 3105 352 3170 vulgato
371 3103 529 3169 praetulisse.
565 3102 639 3153 Nihil
657 3104 724 3152 enim
743 3101 890 3151 absurdius:
918 3109 944 3153 et
960 3103 1066 3167 perinde
1084 3110 1151 3154 esset

109 3188 168 3234 rens
186 3175 325 3237 ingenium
342 3175 389 3222 rub
407 3171 509 3222 inculte
528 3172 578 3220 loo
596 3173 713 3235 ingenio,
731 3176 761 3219 ut
774 3170 857 3234 Epist.
869 3172 889 3231 I,
908 3173 933 3231 3,
951 3172 991 3221 21.
1010 3186 1082 3233 „non
1101 3175 1151 3222 tibi

109 3256 130 3288 m
149 3241 294 3305 Ingenium,
312 3255 367 3291 non
385 3239 511 3289 incultum
529 3244 581 3300 eri,
607 3254 656 3288 nee
675 3242 791 3303 turpiter
808 3239 937 3288 birtrtm.“
971 3238 1063 3289 Peotns
1081 3240 1150 3290 enim

126 3309 261 3372 ingenium
279 3312 366 3357 notat:
391 3313 421 3357 ut
436 3307 523 3372 Epist.
541 3307 562 3367 Ι,
580 3308 604 3367 4,
622 3308 646 3358 6.
683 3304 762 3367 „Non
781 3311 809 3356 tn
828 3321 926 3371 eorpus
943 3321 1005 3356 eras
1021 3310 1079 3358 eine
1104 3325 1149 3374 pe·

109 3379 119 3402 *‘
137 3375 155 3423 i.
165 3392 186 3427 e.
202 3376 258 3426 sine
274 3381 365 3437 mente,
384 3377 439 3425 sine
458 3376 570 3439 ingenio.
597 3374 670 3425 Ovio.
688 3375 790 3426 Metam.
799 3374 874 3434 XIII,
892 3376 950 3427 2911,
977 3375 1070 3437 „Artis
1083 3391 1150 3442 opus

109 3443 211 3494 erudis
229 3449 255 3493 at
270 3447 328 3494 sino
344 3448 447 3509 pestere
464 3443 539 3492 miles
557 3441 721 3496 Induerel?“
748 3443 825 3492 Reate
850 3459 909 3507 ergo
927 3458 984 3492 eum
1002 3443 1149 3494 melioribus

109 3513 178 3562 ranis
196 3515 222 3562 et
239 3512 331 3576 priscis
349 3509 506 3562 editionibus
523 3512 571 3560 snb
595 3510 697 3560 innatae
721 3526 845 3576 corpore:
872 3516 902 3560 nt
925 3510 958 3560 ad
980 3514 1149 3562 martinian-ent

110 3594 182 3648 rum,
207 3585 297 3642 togam
316 3580 488 3641 defluentem,
513 3583 538 3628 et
563 3579 643 3629 locros
667 3578 769 3628 eoleeos
786 3579 916 3628 referatur.
953 3580 1031 3628 Porro
1049 3578 1149 3644 saepius

110 3647 154 3696 lno
171 3647 295 3698 voeabula
313 3647 681 3711 aLibrariispermutantn13
698 3651 728 3695 ut
745 3645 813 3711 apud
832 3646 923 3710 Virgil.
942 3650 1003 3695 Aen.
1014 3647 1072 3706 VII,
1091 3649 1149 3698 349.

110 3717 181 3765 inter
198 3719 277 3765 vestm
289 3720 316 3765 et
327 3715 396 3765 levia
409 3720 513 3780 pectora
525 3714 649 3764 lobras“:
666 3713 780 3764 Pieriani
799 3715 899 3778 aliquot
915 3713 1015 3763 eodiees
1034 3729 1150 3778 corpora

110 3788 176 3832 runt.

110 3853 133 3902 0.
169 3851 290 3916 Polym
307 3849 411 3915 Agnae]
447 3850 474 3900 Si
493 3851 590 3916 Agnus
607 3849 650 3899 hie
667 3848 789 3913 legimns3
813 3864 864 3897 non
882 3847 1031 3909 femineum,
1049 3852 1079 3898 ut
1096 3864 1149 3899 esse

126 3918 170 3968 sed
187 3919 213 3968 ri
230 3920 263 3968 'e
281 3934 420 3983 cognomen
437 3919 502 3968 erit:
527 3922 557 3967 nt
574 3916 673 3978 Arina,
693 3916 806 3980 Scrofa,
823 3916 902 3976 Pisa,
920 3915 1069 3979 Panthera,
1091 3916 1151 3966 Oni-

115 3985 233 4051 Capella‚
254 3984 384 4051 Vaccula,
402 3988 452 4036 etsi
468 3987 525 4051 ipsa
542 3985 661 4035 seminini
679 3986 731 4034 sint
748 3985 856 4049 generis,
875 3983 986 4033 virorum
994 3987 1150 4033 tamensnnt

111 4059 201 4104 menta.
237 4053 321 4110 Quare
346 4055 482 4120 legendum
499 4070 557 4104 eum
575 4052 673 4103 dnobus
691 4052 819 4101 Torrentii
837 4050 982 4113 eodieibus,
1000 4051 1148 4115 „Deleatat,

130 4122 275 4174 Balbinum
297 4123 416 4189 polypus
438 4123 572 4186 Hagnae.“
613 4121 711 4185 Hagno
739 4119 792 4171 sive
815 4119 910 4185 lingna
934 4120 1087 4170 Graecorum
1111 4127 1150 4170 est

111 4192 137 4253 l,
161 4196 252 4251 earto3
282 4190 350 4240 unde
367 4190 527 4242 Libertinam
550 4188 629 4239 fuisse
645 4193 713 4239 reete
730 4188 844 4252 colligas.
880 4188 1017 4251 Gruterus,
1042 4190 1105 4251 951,
1124 4190 1147 4241 8.
