2834 4758
230 258 291 322 304
616 272 647 331 q.
670 272 813 319 nonnum
834 275 957 323 rnnccr

312 405 413 473 Simul
437 404 571 470 calentis
593 405 827 473 inverecundus
850 409 941 474 Deus

352 490 537 556 Ferridiore
559 508 647 555 mero
669 496 787 556 arcana
808 500 972 578 promorat
992 495 1070 560 loco.

269 589 298 639 15
314 575 407 655 Quod
430 575 457 640 si
478 574 559 641 meis
581 576 741 642 inaestuet
762 578 957 662 praecordiis

353 661 471 727 Libera
492 659 576 738 bilis,
600 665 636 725 ut
656 661 737 726 haec
758 663 886 743 ingrata
906 664 1010 730 ventis
1033 665 1155 732 dividat

310 747 475 823 Fomenta,
498 745 614 810 vulnus
637 745 681 809 nil
702 747 823 813 malum
846 749 1001 827 levantia;

352 832 487 897 Desinet
507 829 673 915 inparibus
696 838 817 897 certare
844 834 1011 899 submotus
1032 836 1145 920 pudor.

311 915 373 983 Ubi
395 916 475 981 haec
498 935 629 981 severus
652 922 683 981 te
705 918 813 1002 palam
836 918 1059 1000 laudaveram

267 1014 299 1065 nc
355 1002 469 1067 Iussus
491 1000 580 1065 abire
603 1000 742 1079 domum,
765 1002 892 1067 ferebar
912 1004 1031 1069 incerto
1052 1005 1136 1090 pede

309 1086 361 1151 Ad
383 1106 445 1150 non
467 1086 586 1151 amicos
608 1086 671 1151 heu
693 1086 771 1151 mihi
793 1089 895 1171 postis
918 1095 949 1154 et
970 1088 1034 1153 heu

352 1170 479 1237 Limina
501 1169 591 1250 dura,
615 1171 732 1253 quibus
754 1172 880 1238 lumbos
903 1180 935 1238 et
957 1174 1072 1255 infregi
1094 1176 1189 1242 latus,

309 1257 405 1321 Nunc
427 1256 594 1337 gloriantis
617 1256 793 1337 quamlibet
813 1258 1033 1324 mulierculam

352 1341 486 1406 Vincere
508 1340 640 1406 mollitie
663 1361 753 1406 amor
773 1342 898 1427 Lycisci
920 1364 972 1408 me
994 1352 1095 1409 tenet:
1147 1388 1155 1402 ·

267 1437 298 1488 25
312 1425 405 1491 Unde
428 1426 579 1511 expedire
600 1445 663 1490 non
687 1426 860 1493 amicorum
883 1439 1003 1527 queant

352 1510 470 1576 Libera
492 1510 634 1587 consilia,
658 1532 716 1578 nec
738 1514 949 1579 contumeliae
971 1534 1103 1596 gravem

310 1595 374 1660 seu
396 1595 480 1661 alius
502 1596 597 1661 ardor
619 1604 675 1662 aut
697 1597 824 1682 puellae
847 1598 1012 1675 candidae,

351 1681 416 1745 Aut
439 1680 547 1746 teretis
569 1681 660 1767 pueri
681 1681 812 1764 longam
834 1684 1019 1749 renodantis
1041 1704 1173 1748 comam.

747 1835 821 1898 XII.

310 1950 395 2030 Quid
417 1950 473 2015 tibi
496 1950 554 2029 vis,
577 1950 692 2015 mulier
713 1952 814 2032 nigris
837 1951 1026 2033 dignissima
1048 1952 1173 2019 barris?

351 2037 485 2100 Munera
507 2036 584 2117 quid
606 2035 694 2114 mihi,
718 2036 834 2118 quidve
857 2038 992 2102 tabellas

307 2120 417 2199 Mittis,
439 2140 498 2185 nec
518 2120 609 2192 firmo
630 2121 747 2198 iuveni,
770 2142 873 2204 neque
894 2122 981 2187 naris
1003 2123 1141 2189 obesae?

352 2208 499 2287 Namque
522 2203 672 2286 sagacius
696 2227 778 2271 nnus
801 2207 924 2283 odoror,

281 2292 464 2376 5Polypus,
487 2311 529 2354 an
552 2290 660 2370 gravis
682 2290 814 2356 hirsutis
836 2293 930 2357 cubet
951 2291 1059 2357 hircus
1080 2292 1113 2355 in
1136 2290 1206 2370 alis,

353 2376 457 2454 Quam
481 2376 569 2440 canis
592 2396 674 2451 acer,
698 2377 752 2439 ubi
775 2378 875 2441 lateat
897 2398 962 2442 sus.

309 2462 371 2540 Qui
395 2461 493 2525 sudor
514 2461 617 2537 vietis,
640 2468 672 2526 et
694 2480 790 2544 quam
813 2463 917 2528 malus
941 2460 1081 2544 undiquc
1102 2459 1253 2526 membris

353 2545 475 2611 Crescit
497 2545 591 2610 odort
614 2566 686 2610 cum
708 2566 790 2631 pene
814 2547 917 2613 soluto
1038 2614 1042 2620 ,

307 2629 496 2694 Indomitum
520 2636 671 2715 properat
692 2630 813 2696 rabiem
835 2631 965 2710 sedare;
987 2648 1092 2710 neque
1113 2628 1183 2693 illi·

267 2727 295 2775 ro
352 2715 420 2777 Iam
443 2720 552 2778 manet
573 2714 705 2780 humida
726 2723 821 2792 creta,
845 2717 995 2799 colorque

315 2830 338 2863 v.
357 2815 397 2865 24.
416 2814 492 2879 Vulg.
511 2813 635 2866 Mollitia.
673 2818 695 2868 2.
716 2815 770 2867 Cur
786 2818 858 2869 mihi.
895 2820 919 2869 7.
938 2816 1003 2881 Quia
1021 2814 1104 2867 sodor.
1138 2816 1162 2866 9.
1181 2813 1244 2865 Nec.

226 2931 251 2980 p.
271 2916 344 2967 2662.
373 2916 409 2964 sic
428 2917 523 2981 editum
542 2920 587 2978 eet,
608 2915 795 2968 Convicioram
811 2922 936 2984 poenitet.
966 2920 1020 2968 Nos
1038 2917 1114 2966 unius
1132 2914 1249 2965 literulae
1268 2918 1347 2964 mute·

222 2982 292 3033 tione
308 2982 472 3047 languentem
490 2990 515 3034 et
532 2985 656 3035 iacentem
674 2986 826 3036 sententiam
844 2987 967 3037 ereximus
977 2987 1004 3035 in
1014 2986 1081 3034 hunc
1091 2984 1205 3034 modum:
1224 2981 1348 3047 „Fabula

224 3051 402 3116 quantusue!
425 3055 608 3103 conviciorum
631 3057 662 3101 ut
676 3056 828 3119 poenitctt“
862 3055 949 3119 Neque
974 3052 1087 3113 dubites,
1113 3052 1175 3115 quin
1200 3054 1291 3101 auctor
1313 3050 1348 3098 ita

224 3120 363 3184 scripserit,
381 3120 443 3170 licet
461 3126 563 3171 centum
581 3121 682 3170 librarii
699 3122 738 3171 rel
756 3122 835 3172 iurati
853 3124 1010 3187 negaverint.

291 3189 331 3239 24.
352 3187 466 3238 Vincere
484 3189 598 3239 mollitia
616 3190 760 3251 amor]1ta
779 3190 841 3239 editi
860 3207 959 3240 omncs:
979 3188 1241 3240 sedZulichemianus
1255 3192 1346 3245 noster,

224 3259 249 3304 et
266 3271 281 3303 a
298 3256 381 3320 prima
398 3272 482 3318 manu,
500 3261 529 3305 ut
546 3256 653 3318 videtur,
673 3257 844 3320 Graeviauus,
869 3258 1002 3320 „Vincere
1018 3256 1127 3306 mollitie
1146 3270 1223 3305 antor
1241 3253 1348 3321 Lycicci

222 3337 263 3371 mc
282 3327 377 3372 tenet.“
400 3324 466 3388 quod
485 3324 629 3388 recipimus,
647 3329 678 3374 ut
695 3326 804 3376 evitetur
822 3332 907 3376 vastus
924 3326 969 3376 illc
987 3331 1012 3375 ct
1029 3324 1178 3374 inconditus
1195 3339 1271 3373 sonus
1291 3336 1346 3372 aa:

223 3389 259 3437 sic
278 3393 304 3438 et
321 3390 384 3440 alibi
403 3393 481 3440 Serm.
499 3392 534 3454 II,
545 3394 568 3454 2,
579 3393 621 3443 87.
648 3392 785 3443 mollitiem
804 3394 878 3456 dixit,
896 3411 947 3444 non
965 3393 1114 3444 mollitiam.

290 3458 314 3507 2.
341 3456 455 3508 Munera
474 3474 523 3509 cur·
540 3461 620 3523 mitri,
648 3461 743 3525 quidue
769 3463 889 3524 tabellas]
915 3463 957 3512 Sic
982 3465 1051 3511 extat
1076 3461 1103 3509 in
1128 3459 1241 3508 editione
1266 3457 1347 3522 prime

221 3524 319 3574 Veneta
336 3530 362 3574 ct
378 3525 514 3576 Loscheri:
538 3532 565 3577 at
588 3529 616 3577 in
640 3528 720 3578 altera
743 3530 890 3582 anni1490
917 3535 956 3581 est
973 3545 1022 3579 cccc·
1046 3529 1113 3578 acite·
1139 3527 1226 3577 carce.
1262 3527 1346 3574 Acron

220 3593 417 3659 manuscriptus,
442 3595 518 3644 hebet
536 3596 602 3661 quid
617 3598 685 3646 meur
702 3595 794 3658 cetrum
819 3603 846 3648 at
870 3598 953 3648 editus
971 3596 1038 3662 qued
1058 3597 1126 3645 mibi
1143 3594 1253 3660 quidve:
1271 3597 1346 3657 atqua

221 3661 259 3711 ita
276 3660 340 3710 citat
357 3661 454 3712 Marius
471 3662 620 3713 Victorinus
638 3680 662 3728 p.
682 3666 756 3716 2619.
792 3666 880 3729 Neque
898 3666 973 3716 aliter
997 3664 1096 3714 codices
1121 3663 1202 3713 nostri
1220 3662 1346 3726 Reginca·

221 3731 264 3791 sis,
283 3729 501 3795 Magdelencnsis,
526 3739 551 3781 et
568 3733 663 3796 Regiae
683 3733 832 3797 coarctatis,
851 3738 877 3783 et
894 3750 959 3783 nnus
978 3732 1100 3782 Gulielmi
1118 3730 1230 3780 Canteri.
1266 3730 1345 3779 Revo-

220 3813 306 3847 camus
324 3814 383 3863 ergo
408 3803 436 3848 ut
453 3800 565 3849 omnium
583 3800 799 3864 simplicissimum
824 3806 849 3851 et
873 3801 1103 3867 elegantissimum,
1128 3798 1260 3863 „Munera
1285 3793 1344 3862 quid

220 3867 294 3927 ruiti,
313 3867 410 3931 qrcidoc
428 3868 563 3917 tadcllcc.“
1358 3876 1362 3885 ’

289 3934 312 3982 7.
332 3933 397 3996 (laic
414 3936 498 3985 sudor
514 3938 599 3998 victis]
617 3934 686 4000 Lege
701 3933 872 3998 Quirrcdor3
896 3942 925 3986 ut
942 3941 1043 4002 praeter
1061 3934 1250 3995 eex'l'orrentii,
1268 3935 1344 3983 Grae·

220 4000 311 4049 vienus
327 4007 427 4064 noster,
450 4003 598 4064 Leidensis‚
623 4004 775 4067 Reginensis
792 4021 848 4054 cum
874 4005 956 4054 tribue
974 4005 1040 4054 aliis.
1077 4006 1210 4052 Praeterea
1227 4002 1255 4051 in
1275 4016 1344 4051 versu

220 4068 337 4130 proximo
355 4076 457 4120 crescet
472 4070 549 4121 habet
566 4071 645 4121 editio
664 4072 800 4134 Loscheri,
825 4078 851 4123 ct
875 4073 955 4123 codex
973 4073 1059 4134 Galei,
1085 4075 1111 4122 et
1135 4087 1150 4119 a
1168 4070 1252 4139 prima
1269 4085 1343 4120 manu

221 4135 389 4197 Graecianum
408 4137 456 4186 hoc
474 4142 520 4200 est,
539 4139 648 4200 odoror,
666 4142 714 4203 qui
729 4141 813 4190 credor
827 4146 935 4191 crescat.
962 4141 1010 4190 Sed
1023 4139 1107 4190 taedet
1118 4137 1342 4189 harnmeordrum:

222 4204 247 4248 et
264 4215 324 4252 sane
341 4202 388 4252 hoc
407 4220 507 4254 carmen
526 4205 659 4269 indignum
678 4210 724 4258 est.
743 4208 810 4271 quod
828 4213 873 4258 ant
891 4209 1045 4270 emendetur,
1064 4210 1109 4257 aut
1126 4206 1234 4271 legatur.
