2842 4758
259 287 321 348 358
645 298 677 358 0.
700 298 841 346 nonnum
862 297 987 346 rnnocr

322 435 445 516 Nonne,
469 431 673 517 cupidinibus
696 437 817 497 statuat
838 436 953 496 natura
975 429 1104 495 modum
1120 451 1228 513 quern,

324 518 408 596 Quid
430 518 545 595 latura,
569 517 630 582 sibi
652 515 730 598 quid
754 517 795 582 sit
817 517 955 580 dolitura
976 523 1139 597 negatum,

323 603 485 680 Quaerere
507 602 580 687 plus
602 600 734 686 prodest
741 624 749 680 ;
773 608 805 666 et
826 599 921 666 inane
942 600 1130 666 abscindere
1153 603 1273 667 soldo?

322 690 418 761 Num,
441 686 499 752 tibi
520 706 592 751 cum
615 685 717 751 laucis
740 687 803 750 urit
826 686 905 764 sitis,
924 705 1027 750 aurea
1048 685 1177 768 quaeris

261 789 304 838 115
325 772 465 838 Pocula?
487 792 563 835 num
586 772 730 837 esuriens
752 771 880 836 fastidis
902 770 1008 834 omnia
1029 777 1158 856 praeter

323 860 484 924 Pavonem
500 856 753 939 rhombumque‘.l
776 861 900 920 tument
915 855 973 919 tibi
988 875 1059 919 cum
1075 855 1219 936 inguina,
1242 876 1336 935 num,
1362 856 1389 922 si

322 942 447 1008 Ancilla
470 947 526 1005 aut
546 960 646 1006 verna
668 947 717 1006 est
738 947 867 1025 praesto
889 959 979 1025 puer,
1002 942 1142 1025 impetus
1165 940 1197 1003 in
1221 960 1321 1022 quem

323 1027 481 1092 Continuo
504 1025 570 1105 fiat,
593 1025 687 1091 malis
709 1025 864 1105 tentigine
886 1024 1012 1109 rumpit
1080 1064 1082 1072 ›

322 1113 395 1177 Non
417 1132 494 1193 ego:
517 1130 656 1192 namque
677 1111 853 1196 parabilem
878 1129 949 1174 amo
970 1128 1129 1187 venerem,
1157 1109 1366 1194 facilemque.

260 1212 306 1262 120
325 1197 460 1271 Illam,
488 1197 566 1261 Post
610 1195 706 1272 00110,
729 1195 794 1261 Sed
816 1195 927 1280 pluris,
950 1194 985 1260 Si
1008 1195 1119 1260 exierit
1140 1193 1198 1271 vir,

323 1281 441 1349 Gallis:
463 1282 564 1357 Hanc,
585 1217 792 1345 Rhilodemus
815 1279 869 1358 ait,
893 1279 970 1354 sibi,
994 1285 1113 1361 quaet)
1134 1298 1240 1360 neque
1261 1300 1385 1362 magno

325 1368 394 1432 stet
415 1365 517 1464 pretio
524 1386 533 1443 ;
556 1385 615 1430 nec
637 1370 811 1443 cunctetur,
834 1384 905 1429 curn
929 1370 979 1429 est
999 1365 1089 1430 iussa
1110 1362 1228 1428 venire.

324 1449 470 1516 Candida
492 1454 643 1531 rectaque
665 1450 722 1528 sit;
745 1450 866 1514 munda
887 1449 1052 1525 hactenus,
1076 1455 1111 1513 ut
1131 1468 1237 1531 neque
1252 1450 1365 1531 longa,

322 1537 390 1601 Nec
411 1534 517 1615 magis
538 1535 614 1599 alba
635 1534 720 1611 velit,
744 1554 840 1616 quam
862 1534 917 1599 det
937 1540 1062 1610 natura,
1085 1532 1195 1599 videri.

260 1635 304 1683 125
325 1621 423 1698 Haec,
447 1619 502 1683 ubi
525 1620 695 1704 supposuit
717 1620 828 1683 dextro
852 1639 968 1703 corpus
990 1617 1067 1682 mibi
1090 1619 1227 1693 laevum,

323 1706 384 1770 Ilia
407 1709 439 1769 et
459 1704 578 1786 Egeria
600 1710 664 1768 est:
688 1705 729 1767 dc
751 1724 866 1769 nomen
890 1703 1055 1786 quodlibet
1077 1703 1133 1768 illi.

554 1821 579 1856 v.
601 1808 656 1856 111,
675 1805 751 1869 ang.
770 1804 878 1856 Statuit.
917 1807 973 1855 122.
991 1803 1091 1870 Neque.

258 1907 394 1958 Trinitatis
412 1905 499 1955 codice
517 1906 583 1955 clare
601 1906 741 1955 exhibetur.
777 1907 811 1955 At
834 1907 946 1956 omnium
964 1905 1112 1957 veterrimus
1130 1906 1297 1966 Blandiuius‚
1327 1922 1383 1956 cum

259 1976 345 2025 codice
364 1974 445 2038 Regio
463 1979 488 2023 et
501 1974 583 2033 Galei,
602 1978 627 2023 et
643 1975 739 2038 Regiae
750 1974 894 2034 Societatis,
913 1980 938 2024 et
956 1990 971 2024 a
988 1974 1070 2038 prima
1088 1990 1164 2023 manu
1181 1973 1383 2038 Magdaleneusi,

259 2044 320 2093 tolli
335 2042 436 2092 habent.
472 2042 508 2091 Et
526 2058 556 2090 ex
573 2042 614 2090 his
633 2041 734 2106 quidem
751 2043 814 2091 velli
830 2042 914 2092 minus
932 2042 1023 2106 placet.
1050 2041 1215 2106 Reliquorum
1233 2047 1382 2092 utrumcun-

258 2128 307 2177 que
324 2111 408 2175 legas,
434 2126 485 2158 non
509 2109 583 2159 flocci
605 2110 720 2161 interest.
756 2109 878 2159 Dabimus
902 2115 987 2159 tamen
1005 2109 1137 2159 Blandiuii
1162 2110 1258 2160 codicis
1281 2110 1380 2169 honori,

258 2184 288 2230 01
306 2179 365 2229 tolli
381 2193 540 2242 reponamus.

328 2249 385 2297 111.
419 2243 517 2296 Nonae
534 2244 705 2310 cupidinibus
726 2249 823 2296 statuit
839 2247 951 2311 natura]
988 2245 1017 2295 Si
1039 2244 1168 2309 vulgatam
1190 2245 1327 2295 lectionem
1348 2246 1379 2295 ab

259 2315 415 2366 editionibus
425 2312 514 2378 primis
525 2312 664 2363 derivatam
674 2313 783 2372 retines;
800 2314 844 2363 vix
862 2314 917 2374 erit,
937 2317 965 2363 01
983 2315 1136 2363 sententiam
1154 2313 1273 2379 expedire
1290 2314 1378 2379 possis,

258 2383 321 2433 adeo
337 2382 471 2448 implicata
488 2386 513 2430 01
530 2379 658 2430 salebrosa
675 2386 728 2430 est:
753 2379 869 2445 „Nonne
892 2382 1063 2447 cupidinibus
1086 2385 1184 2431 staura
1204 2388 1304 2432 natura
1328 2396 1379 2430 rna·

260 2452 342 2503 diem?
361 2465 446 2515 011000,
465 2449 537 2512 Quid
554 2448 643 2498 latura
661 2449 720 2510 sibi,
738 2449 805 2513 quid
820 2452 857 2498 sit
874 2449 993 2499 dolitura
1010 2454 1152 2513 negatum,
1173 2448 1307 2512 Quaerere
1322 2448 1378 2515 plus

258 2518 374 2585 prodest,
394 2523 419 2566 ct
436 2520 516 2566 inane
534 2516 689 2566 abscindere
705 2516 809 2566 soldo.“
844 2518 890 2566 hoc
909 2523 955 2579 001,
973 2520 1002 2566 01
1021 2517 1123 2582 quidem
1142 2522 1275 2579 enarrant,
1300 2517 1377 2581 Quem

258 2586 379 2648 modam,
396 2584 525 2647 videlicet,
545 2584 616 2648 Quid
633 2585 723 2634 lanera
740 2587 805 2648 sibi,
824 2585 890 2649 quid
906 2590 1034 2649 negatum
1053 2585 1237 2647 deliberarit,
1256 2599 1377 2651 quaeram

258 2655 320 2719 plus
336 2652 452 2718 prodest.
491 2651 555 2714 Ubi,
580 2656 756 2717 praeterquam
780 2653 848 2717 qnod
871 2654 919 2702 boc
937 2653 1011 2702 modo
1029 2652 1158 2702 claudicat
1175 2654 1272 2714 oratio,
1297 2657 1322 2703 et
1338 2651 1376 2702 ad·

259 2721 357 2770 scititio
380 2719 426 2768 illo
450 2719 574 2769 uidelicet
595 2725 723 2785 tamquam
747 2719 837 2770 baculo
864 2720 979 2770 innitens
1002 2736 1053 2770 000
1077 2726 1145 2770 00010
1163 2719 1292 2779 ambulat3
1318 2718 1376 2770 illud

259 2789 365 2853 insuper
382 2787 562 2837 attendendum
581 2792 634 2848 001,
658 2787 766 2838 modum
785 2789 941 2854 cupidinum
958 2792 984 2838 et
1001 2788 1074 2853 quod
1090 2794 1205 2839 naturae
1223 2791 1321 2853 negari
1333 2803 1376 2853 pc·

260 2862 309 2906 test
325 2855 369 2905 vel
384 2869 439 2904 nom
460 2860 547 2919 potest
570 2870 624 2904 non
649 2871 724 2905 unam
747 2861 773 2906 01
790 2856 893 2906 eandem
911 2872 963 2906 rem
981 2872 1034 2906 esse
1053 2856 1130 2920 (quod
1146 2857 1189 2906 illi
1206 2857 1375 2916 arbitrantnrl,

259 2924 303 2974 sed
320 2923 425 2974 alteram
443 2938 473 2972 ex
490 2923 570 2972 altera
588 2923 685 2989 colligi.
720 2927 755 2973 At
772 2931 869 2990 quanto
886 2925 1022 2974 rotundius
1040 2924 1233 2989 elegantiusque
1251 2930 1297 2985 est,
1315 2921 1375 2988 qnod

257 2994 286 3043 in
304 2991 451 3041 melioribus
468 2990 621 3041 membranis
639 2991 787 3053 exhibetur3
805 2993 879 3042 modo
897 2998 965 3042 reete
983 2993 1170 3057 interpungas?
1197 2991 1314 3055 „Nonne
1337 3005 1375 3041 cu·

240 3061 396 3128 01111πὶ100
414 3062 510 3108 statuat
527 3065 628 3109 natura
645 3059 752 3109 modam
770 3076 855 3125 quem,
874 3060 946 3123 (laid
963 3060 1061 3123 latura,
1079 3062 1131 3109 ribi
1145 3060 1374 3125 quidsitdoir'turu

258 3134 400 3194 negatum,
426 3126 559 3189 Quaerere
574 3127 637 3192 plus
654 3127 770 3190 prodest,
789 3134 816 3177 et
830 3132 913 3177 inane
930 3128 1085 3178 abscindere
1102 3128 1214 3178 roldob‘
1240 3134 1267 3178 et
1282 3129 1376 3177 statuat

259 3197 360 3262 quidem
383 3200 484 3259 praeter
508 3193 667 3258 Cruquianos
691 3211 786 3259 omnes,
809 3196 946 3245 Pulmanni
969 3212 1023 3256 sea,
1051 3197 1171 3246 Lambini
1190 3202 1217 3247 et
1233 3192 1374 3247 Bersmauni

258 3265 369 3326 aliquot,
395 3262 471 3312 etiam
496 3278 526 3311 ex
543 3263 638 3312 nostris
657 3263 827 3324 Gramineus,
853 3264 941 3326 Galei,
969 3265 1111 3326 Petrensis,
1137 3265 1299 3315 Battelianus
1316 3262 1373 3313 clara

257 3332 417 3398 praeterunt:
436 3346 518 3394 neque
529 3329 604 3379 aliter
615 3330 772 3381 scholiastae
785 3337 888 3394 veteres,
908 3337 937 3382 ut
949 3347 979 3381 ex
994 3333 1154 3382 enarratione
1165 3348 1253 3382 sorum
1270 3333 1372 3382 conatu:

258 3398 373 3463 „Neam
389 3401 474 3447 satius
492 3403 532 3447 est
547 3413 691 3463 quaerere,
716 3414 793 3464 quem
817 3400 1011 3464 cupiditatibus
1035 3400 1115 3461 finem
1137 3405 1239 3451 rectura
1258 3396 1371 3455 statuerit

259 3466 325 3531 quid
343 3465 458 3516 tolerare
474 3469 560 3529 possit
575 3468 600 3515 si
617 3467 771 3531 denegetur,
789 3468 856 3533 quid
873 3468 1033 3533 denegatum
1050 3471 1182 3518 cristinerc
1199 3484 1254 3519 non
1268 3464 1371 3534 0000111α

257 3536 335 3584 Recte
358 3534 406 3583 boc
424 3537 501 3597 atque
525 3533 622 3584 ordine.
657 3535 789 3599 Siquidem
815 3551 845 3585 ea
861 3551 920 3585 vera
938 3536 1094 3585 constructio
1113 3540 1165 3596 est,
1190 3535 1306 3597 „Nonne
1319 3533 1371 3600 plu

257 3601 368 3669 prodest
385 3616 521 3667 quaerere,
539 3617 615 3666 quem
633 3602 741 3653 modum
758 3609 861 3654 natura
878 3609 981 3654 statuat
993 3603 1240 3668 cupidinibas“etc.
1268 3603 1370 3653 Ceterum

257 3686 403 3737 quaerere,
428 3683 504 3734 quern
521 3674 624 3720 statuat
639 3670 714 3720 modo
732 3670 909 3733 subiunctivo;
937 3675 966 3721 ut
984 3671 1062 3720 Serm.
1081 3672 1120 3732 II,
1140 3672 1164 3723 3.
1182 3687 1205 3720 v.
1225 3674 1266 3723 20.
1300 3669 1369 3735 „olim

257 3755 321 3789 nam
339 3752 458 3803 quaerere
476 3739 613 3799 amabam,
640 3737 696 3794 Quo
720 3737 798 3798 safer·
815 3739 861 3788 ille
877 3740 956 3805 pedes
973 3738 1077 3789 lavisset
1095 3738 1227 3805 Sisyphus
1245 3741 1327 3790 asrs.“
1349 3738 1368 3783 el

256 3806 342 3873 Epist.
353 3806 388 3924 Ill,
401 3808 431 3923 fl.
451 3806 508 3857 163.
535 3821 671 3870 „quaerere
690 3809 784 3872 coepit,
802 3806 872 3863 Quid
889 3807 1032 3873 Sophocles
1050 3812 1076 3856 et
1095 3804 1205 3873 Thespis
1222 3812 1250 3859 et
1269 3804 1368 3868 Ancip-

258 3875 300 3925 100
317 3877 360 3924 ati
371 3891 384 3924 0
412 3877 522 3924 000001.“

326 3944 383 3994 121.
422 3939 506 3992 Gallie
524 3942 603 4003 banc,
621 3940 790 3992 Philodemus
808 3939 873 4010 aits]
899 3942 990 3992 Mirari
1005 3958 1066 3992 sane
1080 3942 1142 3992 licet
1156 3942 1322 4007 interpretum
1332 3940 1368 3987 aut

255 4007 382 4059 incuriam
400 4014 446 4058 aut
463 4008 622 4069 tarditatem,
646 4009 691 4073 001
716 4010 793 4059 101100
817 4010 879 4060 haec
904 4011 1071 4073 recuderunt,
1097 4026 1202 4075 pravam
1227 4016 1253 4060 01
1269 4010 1366 4072 ineptam

257 4077 451 4127 distinctionem
467 4091 519 4125 000
537 4076 778 4127 animadvertentes:
806 4077 916 4141 „Illam,
939 4079 1003 4128 Post
1023 4078 1131 4143 paullo,
1156 4078 1210 4128 Sed
1224 4078 1322 4143 pluris,
1342 4071 1367 4121 Si

258 4147 358 4194 scierit
373 4147 431 4205 001,·
452 4141 535 4193 Gallis
553 4145 629 4207 banc,
647 4143 816 4195 Philodemus
833 4146 888 4196 ait:
903 4148 957 4195 sibi
972 4161 1040 4211 quae
1057 4161 1141 4211 neque
1158 4146 1284 4211 magno.“
1314 4138 1365 4197 0111

257 4284 267 4292 ,
309 4228 333 4288 *l
352 4224 543 4289 [Philodemus
562 4224 600 4279 ait
617 4224 676 4290 sibi,
695 4240 764 4295 quae
781 4237 812 4276 se
824 4239 856 4276 ea
872 4235 931 4288 rur]
