2810 4764
469 283 647 332 CARMINUM
666 284 733 332 nm.
748 284 796 332 111.
813 279 852 332 14.

177 419 221 484 Et
242 436 331 484 soror
353 415 466 493 clari*)
489 416 590 498 ducis,
612 422 645 485 et
666 418 801 485 decorae

264 502 415 588 Supplice
436 501 518 568 vitta

178 586 347 669 Virginem
368 592 497 664 matres,
518 586 734 670 iuvenumque
755 605 857 672 nuper

131 686 166 737 ro
180 671 354 758 Sospitam.
388 691 447 738 uos
469 675 488 737 ὃ
510 670 611 757 puori,
634 678 667 737 et
685 671 815 771 puellae
900 742 903 749 ,

178 758 247 824 Iam
269 756 372 822 virum
394 762 555 841 expertae,
577 756 662 823 male
682 756 866 822 acuminatis

262 842 388 908 Parcite
409 840 524 908 vorbis.

252 962 303 1025 [„l.
322 959 413 1013 Clari‘
431 958 469 1011 ed.
487 974 524 1025 pr.
543 974 567 1010 a.
586 959 670 1022 tut]
706 974 728 1008 v.
748 960 787 1011 11.
800 958 887 1024 -Vulg¹
908 958 1044 1010 Oninatis.

4 1110 6 1119 ι
88 1079 154 1140 quid
179 1078 250 1130 alind
273 1079 393 1130 denotare
410 1078 506 1144 possit;
531 1081 558 1128 et
580 1082 664 1128 tamen
687 1076 765 1142 friget
786 1077 920 1128 admodum
937 1080 1071 1131 sententie.
1106 1079 1211 1132 Nullum

88 1148 161 1198 enim
183 1146 325 1213 perieulum
348 1151 416 1209 erat,
441 1161 473 1198 ue
496 1145 590 1207 sacris,
614 1152 660 1196 aut
675 1144 731 1210 lege
749 1145 850 1207 vetitis,
875 1151 920 1197 aut
937 1151 1026 1197 contra
1043 1149 1210 1200 caeremonias

87 1215 180 1277 iactis,
205 1220 351 1280 operaretur
367 1213 452 1265 Livia.
487 1213 668 1275 Quamobrem,
693 1214 715 1263 si
732 1213 891 1264 retinendum
909 1214 959 1265 erit
974 1213 1039 1265 illud
1056 1219 1155 1280 samm,
1173 1218 1210 1268 sio

3 1306 4 1339 ι
87 1284 179 1348 potius
197 1283 247 1333 leri
265 1283 405 1334 mutatione
422 1280 506 1332 locum
523 1281 708 1345 constituerim,
726 1281 861 1346 „Prodeat
877 1281 954 1332 castis
971 1288 1082 1347 operata
1100 1283 1209 1337 saoris“:

3 1370 4 1381 ι
87 1352 137 1403 Ιιοο
157 1356 209 1413 ost,
226 1351 331 1416 prodeat
348 1352 399 1401 iam
415 1349 492 1401 Liris
508 1349 540 1400 ad
557 1364 688 1400 occursum
704 1350 815 1415 Augusti
832 1365 863 1400 ex
878 1349 1007 1416 Hispania
1024 1350 1051 1400 in
1068 1350 1154 1402 urbem
1172 1369 1210 1403 re·

87 1420 227 1483 vertentis,
251 1435 314 1484 quac
337 1424 391 1469 toto
414 1417 543 1469 sbsentiae
566 1417 621 1468 eins
645 1423 756 1482 tempore
780 1420 859 1468 cartu
882 1420 967 1469 sacru
984 1423 1087 1483 operata
1110 1425 1161 1482 est,
1185 1425 1211 1471 et

3 1490 4 1523 l
85 1486 192 1553 pudica
210 1492 271 1538 uota
287 1487 349 1539 iecit
365 1503 412 1552 pro
429 1485 498 1537 salvo
515 1486 602 1535 mariti
619 1484 710 1536 reditu.
745 1486 803 1536 Non
822 1486 890 1536 enim
907 1485 1021 1551 prodeat
1036 1493 1163 1553 operata,
1181 1492 1211 1539 ut

88 1555 247 1606 Scholiastes
263 1559 334 1607 vetus
351 1554 446 1619 aliique
463 1569 594 1620 perperam
611 1553 750 1617 accipiunt,
768 1558 806 1604 est
822 1552 936 1618 prodeat
952 1559 983 1604 ut
990 1569 1062 1605 nunc
1071 1560 1208 1621 operetur:

55 1657 58 1667 -
88 1624 188 1689 quippe
206 1639 235 1674 eo
252 1638 327 1673 aenou
345 1627 491 1688 operatura
515 1620 650 1671 dicendum
673 1621 763 1682 inerit3
795 1637 847 1672 nou
872 1626 982 1686 operata
988 1621 1087 1688 ,quod
1111 1627 1209 1690 tempus

87 1691 142 1741 iam
160 1691 325 1757 praeteritum
342 1689 448 1741 indicat.
468 1687 553 1740 Castis
570 1693 654 1739 autem
671 1691 769 1750 sacrm
788 1688 957 1755 quiaLiriam
968 1688 1109 1756 pudicitiae
1126 1692 1209 1757 gloria

87 1758 214 1809 celebrem
231 1759 314 1810 omnis
335 1758 444 1809 historie
466 1757 557 1819 tradit,
582 1756 648 1808 unde
670 1756 713 1807 hic
738 1756 768 1807 de
786 1772 816 1808 ea
832 1759 939 1820 Noster,
964 1756 1065 1820 „Unico
1087 1749 1209 1824 gauderes

2 1876 3 1879 ,
86 1826 188 1877 mulier
205 1827 329 1878 marito.“
363 1826 469 1877 Ovidius
485 1828 569 1876 Amor.
588 1825 638 1888 III,
657 1826 695 1878 13.
715 1828 747 1888 [r.
766 1827 792 1888 3]
826 1824 919 1890 „Casta
942 1825 1094 1877 sacerdotes
1111 1827 1211 1878 lunoni

86 1893 157 1946 festa
178 1895 341 1961 parabant.“
376 1894 474 1944 Statius
492 1892 649 1944 Achilleidos
672 1893 693 1955 1,
712 1894 771 1946 370.
789 1891 820 1944 de
837 1892 994 1959 virginibus;
1029 1893 1151 1958 „Dehinc
1168 1911 1209 1947 sc·

87 1966 165 2014 ciere
182 1963 292 2025 choros,
315 1962 442 2027 castisque
466 1962 591 2012 accedere
608 1960 686 2011 sacru
704 1961 869 2025 Hortantur;
895 1960 1042 2027 ceduntque
1060 1962 1160 2026 iocum,
1183 1968 1210 2014 et

1 2039 2 2042 ’
87 2033 247 2094 contingere
276 2030 422 2095 ganamtr‘
454 2028 596 2096 Hypsipyle
626 2029 711 2079 Iasoni
743 2027 857 2092 [Heroid.
881 2028 928 2092 Vl]
951 2046 1013 2079 vers.
1038 2032 1081 2082 73.
1114 2029 1208 2095 „Adde

87 2114 178 2164 preces
195 2101 285 2160 castas,
303 2100 470 2163 immistaque
486 2101 546 2147 vota
564 2098 669 2148 dmum:
686 2095 766 2148 Nunc
783 2112 888 2163 quoque
905 2103 930 2147 te
945 2097 1020 2148 salac
1030 2098 1208 2162 perspicienda

86 2167 182 2217 mibi.“
203 2181 295 2232 preces
312 2171 338 2216 et
355 2172 415 2217 octa
433 2180 479 2231 pro
494 2165 592 2215 Iasonis
609 2163 707 2215 reditu:
724 2167 754 2218 ut
768 2165 922 2232 Liviaepro
936 2166 1053 2230 Augusti.
1071 2166 1208 2218 'Deianira

86 2233 198 2285 Herculi
223 2234 292 2297 [Her.
311 2233 359 2296 IX]
382 2248 446 2285 vers.
465 2236 506 2285 35.
547 2233 626 2298 „Ipsa
651 2232 727 2283 domo
753 2232 848 2298 uidua,
882 2232 948 2283 votis
971 2239 1075 2299 operata
1098 2233 1206 2300 pudicis,

1 2369 2 2372 Ἴ
90 2300 246 2368 Torqueorp
265 2301 361 2363 infesta
379 2317 412 2352 ne
429 2303 472 2351 oir
489 2301 522 2351 ab
541 2303 614 2351 toste
631 2300 738 2351 eadat.“

159 2372 182 2421 i.
200 2369 237 2420 Et
253 2385 331 2420 soror
348 2369 418 2420 clari
434 2368 519 2432 ducis]
545 2370 585 2418 Ea
602 2372 640 2418 est
657 2368 769 2419 Octavia.
796 2367 1010 2419 Sed'veterrimns
1028 2373 1113 2419 noster
1130 2371 1207 2420 Grae·

86 2437 188 2499 manns,
207 2440 283 2488 cari
299 2453 350 2487 nou
368 2437 450 2487 clari:
468 2441 498 2487 ut
515 2437 545 2487 de
563 2435 648 2486 eodem
666 2438 781 2502 Augusto
798 2434 903 2486 Ovidius
920 2436 988 2489 Fast.
1006 2436 1051 2499 v1,
1070 2439 1127 2490 637.
1151 2435 1208 2501 „Tc

1 2531 2 2566 ι
87 2521 195 2571 quoquc
211 2505 371 2570 magnifica,
391 2503 553 2565 Concordia,
579 2504 684 2555 dedicat
700 2505 766 2554 aede
782 2503 877 2567 Livia,
899 2519 979 2570 quam
997 2520 1055 2554 caro
1070 2508 1209 2571 praestitit

88 2574 139 2623 iila
158 2573 238 2623 viro.“
272 2571 365 2624 Verum
383 2577 450 2624 recte
468 2572 570 2637 quidem
588 2587 650 2622 caro
668 2575 736 2636 ciro,
753 2576 783 2622 nt
799 2571 893 2637 pessim
911 2587 990 2622 carus
1005 2574 1122 2637 genitor,
1141 2587 1207 2624 cara

1 2639 2 2666 ³
87 2643 200 2705 nutriu,
225 2643 284 2691 cari
299 2646 421 2707 nepotes,
448 2646 473 2690 et
497 2645 579 2691 cetera
602 2640 825 2690 necessitudinum
849 2640 965 2689 nominer
993 2639 1035 2691 sod
1054 2656 1133 2692 carus
1151 2641 1208 2692 duae

1 2705 2 2742 t
88 2725 142 2760 non
159 2708 245 2759 minus
262 2708 348 2774 inepte
366 2708 500 2770 diceretur,
520 2724 593 2773 quem
604 2706 684 2760 Carni.
695 2708 716 2771 Ι,
726 2710 766 2770 20,
780 2710 803 2769 5,
815 2705 899 2759 Carus
917 2723 1000 2773 eques.
1036 2707 1100 2759 Vide
1115 2714 1206 2771 autem,

87 2783 118 2827 ut
140 2776 241 2827 incerta
262 2782 288 2827 et
311 2793 386 2827 caeca
408 2777 510 2828 fortuna
533 2777 560 2826 in
584 2773 769 2840 exemplaribus
792 2775 952 2826 dominetur:
979 2792 1044 2826 unus
1068 2775 1105 2827 ibi
1129 2777 1207 2828 codex

1 2835 2 2858 ¹
87 2845 184 2910 Regiae
208 2844 337 2895 societatis
361 2845 434 2896 clare
455 2859 532 2910 eques
550 2848 616 2894 recte
634 2843 723 2907 habet,
752 2859 808 2894 oum
826 2843 919 2894 caeteri
936 2859 1022 2893 omues
1041 2860 1115 2895 care:
1142 2862 1207 2896 unus

1 2919 2 2922 ’
87 2913 131 2964 hic
150 2912 306 2964 Graeviurrus
324 2928 453 2978 perperam
472 2914 531 2963 cari
549 2911 631 2974 ducis,
649 2927 705 2961 cum
723 2911 770 2962 alii
788 2911 881 2976 ubique
900 2911 975 2962 ciart.
1003 2912 1099 2963 Seneca
1116 2912 1206 2966 Troad.

88 2982 147 3033 258.
171 2979 261 3046 „Quid
277 2980 356 3031 caede
373 2980 434 3031 dira
452 2980 566 3030 notitam
583 2979 645 3029 olari
663 2980 735 3029 ducis
751 2980 880 3044 Aspergr's
897 2980 1054 3030 αοιΙοαοιΡΗ
1077 2983 1103 3030 et
1120 2980 1206 3031 Octev.

1 3083 2 3104 ;
90 3050 148 3101 6ΙΙ.
183 3046 254 3111 „Ubi
269 3046 383 3098 Romani
399 3050 438 3097 uis
455 3053 495 3098 est
510 3048 611 3112 popuii,
630 3045 726 3111 Fregit
742 3047 822 3097 claros
840 3062 907 3113 qssoe
924 3062 1002 3112 saepe
1019 3047 1130 3097 duoest“

160 3118 198 3167 11.
217 3115 275 3166 Iam
294 3119 380 3166 uirum
398 3118 532 3180 expertae]
550 3114 609 3164 Non
626 3114 752 3165 immerito
770 3115 877 3165 miratur
894 3113 1050 3176 Torrentius,
1068 3131 1114 3165 our
1130 3116 1206 3167 addat

1 3203 2 3236 ι
91 3186 144 3234 iarn
161 3185 250 3233 uirum
268 3189 409 3249 expertam
433 3198 489 3233 cum
507 3183 593 3247 potius
609 3197 657 3247 par
673 3186 740 3243 crat,
763 3185 793 3232 ut
810 3198 866 3233 cum
884 3181 970 3247 pueris
986 3185 1116 3248 innuptae
1132 3183 1204 3250 puel·

89 3250 128 3302 lae
146 3251 368 3316 coniungerentur.
403 3249 476 3301 Unde
493 3250 573 3315 idem,
598 3249 665 3315 quod
688 3251 814 3300 rarissime
838 3250 914 3315 iecit,
938 3249 1115 3301 aconiecture
1133 3267 1206 3317 opem

1 3345 2 3362 r
90 3325 175 3384 petere
194 3319 281 3383 voluit,
300 3319 379 3370 etsie
396 3319 480 3369 locum
497 3318 631 3384 refingeret
657 3333 721 3383 „uos
738 3333 863 3384 opnorae
881 3323 908 3368 et
923 3317 1028 3383 puellae
1044 3318 1101 3369 lam
1119 3322 1205 3370 uirum

1 3445 2 3460 χ
91 3388 242 3452 emperiao.“
276 3386 417 3437 infeliciter
434 3385 560 3451 proiecto:
585 3402 643 3437 nem
666 3390 692 3436 et
713 3400 813 3452 puorae
838 3385 975 3436 obsoletior
991 3402 1039 3436 vox
1056 3391 1107 3450 cst,
1132 3404 1206 3452 quum

90 3459 120 3505 ut
135 3454 245 3506 Horatio
262 3454 308 3505 sub
326 3454 449 3505 calamum
467 3455 578 3504 veniret:
602 3459 627 3505 et
644 3453 781 3505 ridiculum
800 3458 850 3516 est,
869 3453 897 3504 in
915 3454 1001 3505 eodem
1017 3470 1091 3505 versu
1108 3472 1206 3523 pueros

90 3522 156 3585 dici,
179 3538 243 3587 quse
266 3523 390 3587 innuptae
407 3522 473 3585 siut,
494 3522 599 3588 puellas
622 3522 699 3587 tquod
722 3520 826 3572 alterius
849 3520 1030 3573 diminutivum
1053 3528 1105 3588 cst,
1131 3530 1206 3590 atque

1 3593 3 3658 ξ
91 3590 153 3640 adeo
169 3591 263 3640 minori
280 3591 358 3641 aetati
376 3589 518 3654 convenit),
543 3605 606 3655 quae
623 3590 673 3639 iem
692 3588 773 3639 virum
791 3590 844 3640 sint
860 3595 985 3655 expertae.
1021 3591 1071 3642 Sed
1088 3597 1113 3642 et
1130 3593 1207 3642 aliam

1 3685 2 3692 ο
90 3658 157 3708 riam
172 3663 255 3708 tentat
272 3659 312 3708 vir
329 3658 498 3719 doctissimus,
515 3674 567 3707 non
584 3657 687 3707 meliore
704 3672 833 3719 successu,
858 3657 929 3719 „Vos
947 3673 962 3707 o
979 3661 1072 3724 pueri,
1091 3664 1117 3709 et
1131 3659 1206 3725 puet-

93 3725 141 3789 lae,
159 3730 184 3776 et
200 3726 258 3777 Iam
276 3730 364 3776 uirum
381 3729 538 3791 empcrtae“:
563 3740 622 3775 nem
639 3729 789 3790 postremum
813 3725 877 3775 illud
895 3728 950 3776 iarn
969 3730 1054 3777 cirum
1072 3733 1205 3792 creperico,

1 3799 2 3836 ι
92 3794 113 3844 si
132 3794 267 3859 apueltac
285 3793 454 3859 disiungatur,
472 3793 548 3844 etiam
566 3795 702 3858 virginum
719 3798 817 3843 matres
835 3793 1036 3859 comprehendet,
1054 3810 1115 3858 quas
1132 3799 1206 3845 antea

91 3861 296 3926 compellaverat:
315 3868 341 3912 ct
357 3867 583 3927 praetereaversus
599 3862 646 3911 boc
664 3865 739 3925 pacto
756 3860 833 3912 nimis
851 3878 924 3927 asper
941 3862 1076 3927 sceberque
1094 3868 1119 3912 ct
1136 3863 1205 3912 rubi·

93 3929 194 3993 ginosns
212 3930 299 3981 exibit.
338 3929 478 3994 Equidem,
503 3929 588 3995 siper
605 3929 704 3980 codices
721 3928 823 3992 liceret,
849 3931 886 3981 sic
903 3931 990 3996 potius
1014 3930 1203 3992 emendaverim,

92 3994 163 4060 „Vos
180 4014 195 4048 o
212 4000 292 4064 pueri
309 4003 335 4048 et
348 3998 455 4063 puellae
472 3997 530 4047 Non
547 3999 635 4048 cirum
652 3999 808 4063 reperted‘:
827 4003 856 4049 ut
873 3998 936 4048 alibi
945 3998 1037 4048 Noster
1045 3998 1128 4062 Epist.
1139 3998 1203 4061 11,t.

1 4087 2 4106 ι
94 4079 154 4115 vers.
173 4068 229 4119 132.
267 4064 372 4130 „Castis
390 4081 449 4117 cum
466 4066 553 4132 pueris
571 4065 660 4130 ignara
676 4065 762 4131 puella
779 4066 866 4117 mariti
883 4067 1004 4117 Disceret
1019 4066 1089 4115 uude
1104 4080 1204 4130 preces,

1 4147 2 4200 ξ
93 4137 176 4183 uatem
198 4137 253 4184 nisi
275 4132 353 4185 Musa
380 4133 528 4185 dedrbseti“
551 4138 577 4183 ct
600 4132 679 4183 Germ.
698 4133 753 4197 111,
773 4136 799 4198 1,
818 4136 842 4186 4.
877 4132 1044 4198 „Virginibus
1069 4133 1204 4198 puerisque

151 4224 179 4277 1⁴)
193 4217 248 4271 cari
261 4226 294 4268 ea
307 4238 339 4277 pr.
353 4238 371 4266 ι
386 4224 450 4277 rur]
