<?xml version="1.0" encoding="UTF-8"?>
<!DOCTYPE html PUBLIC "-//W3C//DTD XHTML 1.0 Transitional//EN"
    "http://www.w3.org/TR/xhtml1/DTD/xhtml1-transitional.dtd">
<html xmlns="http://www.w3.org/1999/xhtml" xml:lang="en" lang="en">
 <head>
  <title>
</title>
<meta http-equiv="Content-Type" content="text/html;charset=utf-8" />
  <meta name='ocr-system' content='tesseract 3.04.00' />
  <meta name='ocr-capabilities' content='ocr_page ocr_carea ocr_par ocr_line ocrx_word'/>
</head>
<body>
  <div class='ocr_page' id='page_1' title='image "./qhoratiusflaccu02bentgoog_0020.png"; bbox 0 0 2840 4762; ppageno 0'>
   <div class='ocr_carea' id='block_1_1' title="bbox 199 267 864 317">
    <p class='ocr_par' dir='ltr' id='par_1_1' title="bbox 199 267 864 317">
     <span class='ocr_line' id='line_1_1' title="bbox 199 267 864 317; baseline -0.003 -1"><span class='ocrx_word' id='word_1_1' title='bbox 199 268 261 317; x_wconf 85' lang='lat' dir='ltr'>XIV</span> <span class='ocrx_word' id='word_1_2' title='bbox 664 267 864 315; x_wconf 72' lang='lat' dir='ltr'>PRAEFATIO.</span> 
     </span>
    </p>
   </div>
   <div class='ocr_carea' id='block_1_2' title="bbox 79 400 1420 3899">
    <p class='ocr_par' dir='ltr' id='par_1_2' title="bbox 79 400 1420 3899">
     <span class='ocr_line' id='line_1_2' title="bbox 201 400 1322 485; baseline -0.001 -17"><span class='ocrx_word' id='word_1_3' title='bbox 201 421 264 485; x_wconf 87' lang='lat' dir='ltr'>que</span> <span class='ocrx_word' id='word_1_4' title='bbox 286 400 384 467; x_wconf 91' lang='lat' dir='ltr'>totius</span> <span class='ocrx_word' id='word_1_5' title='bbox 405 400 490 467; x_wconf 88' lang='lat' dir='ltr'>Latii</span> <span class='ocrx_word' id='word_1_6' title='bbox 511 407 544 468; x_wconf 92' lang='lat' dir='ltr'>et</span> <span class='ocrx_word' id='word_1_7' title='bbox 565 402 720 470; x_wconf 79' lang='lat' dir='ltr'>Graeciae</span> <span class='ocrx_word' id='word_1_8' title='bbox 741 401 863 480; x_wconf 84' lang='lat' dir='ltr'>notitia,</span> <span class='ocrx_word' id='word_1_9' title='bbox 893 421 975 485; x_wconf 87' lang='lat' dir='ltr'>quae</span> <span class='ocrx_word' id='word_1_10' title='bbox 997 402 1030 466; x_wconf 91' lang='lat' dir='ltr'>in</span> <span class='ocrx_word' id='word_1_11' title='bbox 1059 402 1115 466; x_wconf 87' lang='lat' dir='ltr'>illa</span> <span class='ocrx_word' id='word_1_12' title='bbox 1143 402 1322 469; x_wconf 89' lang='lat' dir='ltr'>studiorum</span> 
     </span>
     <span class='ocr_line' id='line_1_3' title="bbox 199 489 1322 585; baseline -0.001 -19"><span class='ocrx_word' id='word_1_13' title='bbox 199 499 332 566; x_wconf 89' lang='lat' dir='ltr'>materie</span> <span class='ocrx_word' id='word_1_14' title='bbox 355 504 455 564; x_wconf 92' lang='lat' dir='ltr'>totum</span> <span class='ocrx_word' id='word_1_15' title='bbox 479 489 660 578; x_wconf 88' lang='lat' dir='ltr'>constituit,</span> <span class='ocrx_word' id='word_1_16' title='bbox 687 501 721 566; x_wconf 91' lang='lat' dir='ltr'>in</span> <span class='ocrx_word' id='word_1_17' title='bbox 742 501 804 566; x_wconf 88' lang='lat' dir='ltr'>bac</span> <span class='ocrx_word' id='word_1_18' title='bbox 825 501 944 567; x_wconf 89' lang='lat' dir='ltr'>Nostra</span> <span class='ocrx_word' id='word_1_19' title='bbox 964 498 1067 585; x_wconf 87' lang='lat' dir='ltr'>partis</span> <span class='ocrx_word' id='word_1_20' title='bbox 1096 500 1254 565; x_wconf 82' lang='lat' dir='ltr'>duntaxat</span> <span class='ocrx_word' id='word_1_21' title='bbox 1275 501 1322 565; x_wconf 92' lang='lat' dir='ltr'>in-</span> 
     </span>
     <span class='ocr_line' id='line_1_4' title="bbox 200 597 1323 685; baseline 0.003 -23"><span class='ocrx_word' id='word_1_22' title='bbox 200 598 295 664; x_wconf 82' lang='lat' dir='ltr'>timae</span> <span class='ocrx_word' id='word_1_23' title='bbox 310 603 342 662; x_wconf 89' lang='lat' dir='ltr'>et</span> <span class='ocrx_word' id='word_1_24' title='bbox 354 597 514 663; x_wconf 89' lang='lat' dir='ltr'>initiorum</span> <span class='ocrx_word' id='word_1_25' title='bbox 529 605 770 683; x_wconf 78' lang='lat' dir='ltr'>apparatusque</span> <span class='ocrx_word' id='word_1_26' title='bbox 784 599 890 664; x_wconf 90' lang='lat' dir='ltr'>locum</span> <span class='ocrx_word' id='word_1_27' title='bbox 905 597 1038 664; x_wconf 90' lang='lat' dir='ltr'>obtinet.</span> <span class='ocrx_word' id='word_1_28' title='bbox 1068 598 1181 664; x_wconf 86' lang='lat' dir='ltr'>Omnia</span> <span class='ocrx_word' id='word_1_29' title='bbox 1201 600 1323 685; x_wconf 89' lang='lat' dir='ltr'>quippe</span> 
     </span>
     <span class='ocr_line' id='line_1_5' title="bbox 79 692 1322 782; baseline 0.001 -22"><span class='ocrx_word' id='word_1_30' title='bbox 79 705 172 760; x_wconf 70' lang='lat' dir='ltr'>[rr-¹1]</span> <span class='ocrx_word' id='word_1_31' title='bbox 200 694 259 760; x_wconf 92' lang='lat' dir='ltr'>tibi</span> <span class='ocrx_word' id='word_1_32' title='bbox 280 695 344 760; x_wconf 82' lang='lat' dir='ltr'>iste</span> <span class='ocrx_word' id='word_1_33' title='bbox 369 695 402 758; x_wconf 90' lang='lat' dir='ltr'>in</span> <span class='ocrx_word' id='word_1_34' title='bbox 430 703 596 761; x_wconf 87' lang='lat' dir='ltr'>numerato</span> <span class='ocrx_word' id='word_1_35' title='bbox 618 715 691 761; x_wconf 89' lang='lat' dir='ltr'>esse</span> <span class='ocrx_word' id='word_1_36' title='bbox 718 695 809 782; x_wconf 91' lang='lat' dir='ltr'>prius</span> <span class='ocrx_word' id='word_1_37' title='bbox 836 701 976 782; x_wconf 89' lang='lat' dir='ltr'>oportet,</span> <span class='ocrx_word' id='word_1_38' title='bbox 1005 716 1101 779; x_wconf 89' lang='lat' dir='ltr'>quam</span> <span class='ocrx_word' id='word_1_39' title='bbox 1124 695 1164 761; x_wconf 90' lang='lat' dir='ltr'>de</span> <span class='ocrx_word' id='word_1_40' title='bbox 1182 692 1322 778; x_wconf 68' lang='lat' dir='ltr'>liquoris</span> 
     </span>
     <span class='ocr_line' id='line_1_6' title="bbox 200 792 1323 878; baseline -0.001 -18"><span class='ocrx_word' id='word_1_41' title='bbox 200 792 360 878; x_wconf 86' lang='lat' dir='ltr'>Scriptore</span> <span class='ocrx_word' id='word_1_42' title='bbox 376 793 444 857; x_wconf 91' lang='lat' dir='ltr'>sine</span> <span class='ocrx_word' id='word_1_43' title='bbox 465 792 723 859; x_wconf 87' lang='lat' dir='ltr'>dementissimae</span> <span class='ocrx_word' id='word_1_44' title='bbox 747 793 935 860; x_wconf 90' lang='lat' dir='ltr'>temeritatis</span> <span class='ocrx_word' id='word_1_45' title='bbox 949 799 1027 860; x_wconf 87' lang='lat' dir='ltr'>nota</span> <span class='ocrx_word' id='word_1_46' title='bbox 1041 813 1206 860; x_wconf 85' lang='lat' dir='ltr'>censuram</span> <span class='ocrx_word' id='word_1_47' title='bbox 1223 813 1323 875; x_wconf 89' lang='lat' dir='ltr'>agere</span> 
     </span>
     <span class='ocr_line' id='line_1_7' title="bbox 199 889 1322 977; baseline 0.003 -23"><span class='ocrx_word' id='word_1_48' title='bbox 199 891 340 969; x_wconf 72' lang='lat' dir='ltr'>audeasr</span> <span class='ocrx_word' id='word_1_49' title='bbox 359 895 409 955; x_wconf 91' lang='lat' dir='ltr'>est</span> <span class='ocrx_word' id='word_1_50' title='bbox 431 896 463 955; x_wconf 92' lang='lat' dir='ltr'>ct</span> <span class='ocrx_word' id='word_1_51' title='bbox 476 892 601 976; x_wconf 85' lang='lat' dir='ltr'>peracri</span> <span class='ocrx_word' id='word_1_52' title='bbox 617 892 749 976; x_wconf 89' lang='lat' dir='ltr'>insuper</span> <span class='ocrx_word' id='word_1_53' title='bbox 763 889 880 957; x_wconf 88' lang='lat' dir='ltr'>iudicio</span> <span class='ocrx_word' id='word_1_54' title='bbox 896 911 993 977; x_wconf 82' lang='lat' dir='ltr'>opus3</span> <span class='ocrx_word' id='word_1_55' title='bbox 1017 901 1068 957; x_wconf 88' lang='lat' dir='ltr'>est</span> <span class='ocrx_word' id='word_1_56' title='bbox 1089 890 1268 972; x_wconf 82' lang='lat' dir='ltr'>sagacitate</span> <span class='ocrx_word' id='word_1_57' title='bbox 1290 898 1322 957; x_wconf 93' lang='lat' dir='ltr'>et</span> 
     </span>
     <span class='ocr_line' id='line_1_8' title="bbox 200 979 1323 1074; baseline 0.003 -23"><span class='ocrx_word' id='word_1_58' title='bbox 200 979 349 1072; x_wconf 80' lang='grc' dir='ltr'><em>ἀγχινοίᾳ</em></span> <span class='ocrx_word' id='word_1_59' title='bbox 356 1009 365 1066; x_wconf 92' lang='grc'>;</span> <span class='ocrx_word' id='word_1_60' title='bbox 391 992 450 1064; x_wconf 84' lang='lat' dir='ltr'>est,</span> <span class='ocrx_word' id='word_1_61' title='bbox 472 993 508 1052; x_wconf 91' lang='lat' dir='ltr'>ut</span> <span class='ocrx_word' id='word_1_62' title='bbox 530 988 570 1053; x_wconf 87' lang='lat' dir='ltr'>de</span> <span class='ocrx_word' id='word_1_63' title='bbox 591 988 775 1054; x_wconf 78' lang='lat' dir='ltr'>Aristarcho</span> <span class='ocrx_word' id='word_1_64' title='bbox 797 988 872 1052; x_wconf 92' lang='lat' dir='ltr'>olim</span> <span class='ocrx_word' id='word_1_65' title='bbox 894 982 1133 1074; x_wconf 82' lang='lat' dir='ltr'>praedicabant,</span> <span class='ocrx_word' id='word_1_66' title='bbox 1155 987 1323 1054; x_wconf 90' lang='lat' dir='ltr'>divinandi</span> 
     </span>
     <span class='ocr_line' id='line_1_9' title="bbox 200 1084 1324 1171; baseline 0.001 -21"><span class='ocrx_word' id='word_1_67' title='bbox 200 1084 339 1168; x_wconf 90' lang='lat' dir='ltr'>quadam</span> <span class='ocrx_word' id='word_1_68' title='bbox 362 1084 476 1169; x_wconf 87' lang='lat' dir='ltr'>peritia</span> <span class='ocrx_word' id='word_1_69' title='bbox 498 1091 530 1150; x_wconf 91' lang='lat' dir='ltr'>et</span> <span class='ocrx_word' id='word_1_70' title='bbox 551 1088 705 1171; x_wconf 74' lang='grc' dir='ltr'><strong><em>μαντικῇε</em></strong></span> <span class='ocrx_word' id='word_1_71' title='bbox 735 1106 818 1169; x_wconf 86' lang='lat' dir='ltr'>quae</span> <span class='ocrx_word' id='word_1_72' title='bbox 846 1086 935 1150; x_wconf 86' lang='lat' dir='ltr'>nulla</span> <span class='ocrx_word' id='word_1_73' title='bbox 956 1086 1123 1151; x_wconf 88' lang='lat' dir='ltr'>laborandi</span> <span class='ocrx_word' id='word_1_74' title='bbox 1145 1086 1324 1171; x_wconf 79' lang='lat' dir='ltr'>pertinacia</span> 
     </span>
     <span class='ocr_line' id='line_1_10' title="bbox 133 1182 1420 1270; baseline 0.004 -26"><span class='ocrx_word' id='word_1_75' title='bbox 133 1236 138 1244; x_wconf 79' lang='grc'><em>.</em></span> <span class='ocrx_word' id='word_1_76' title='bbox 198 1182 324 1248; x_wconf 77' lang='lat' dir='ltr'>vitaeve</span> <span class='ocrx_word' id='word_1_77' title='bbox 345 1182 578 1265; x_wconf 80' lang='lat' dir='ltr'>longinquitate</span> <span class='ocrx_word' id='word_1_78' title='bbox 600 1183 722 1266; x_wconf 87' lang='lat' dir='ltr'>acquiri</span> <span class='ocrx_word' id='word_1_79' title='bbox 743 1190 889 1269; x_wconf 83' lang='lat' dir='ltr'>possunt,</span> <span class='ocrx_word' id='word_1_80' title='bbox 913 1184 970 1249; x_wconf 89' lang='lat' dir='ltr'>sed</span> <span class='ocrx_word' id='word_1_81' title='bbox 985 1189 1117 1249; x_wconf 88' lang='lat' dir='ltr'>naturae</span> <span class='ocrx_word' id='word_1_82' title='bbox 1134 1184 1234 1249; x_wconf 91' lang='lat' dir='ltr'>solius</span> <span class='ocrx_word' id='word_1_83' title='bbox 1251 1204 1323 1249; x_wconf 88' lang='lat' dir='ltr'>mu·</span> <span class='ocrx_word' id='word_1_84' title='bbox 1419 1187 1420 1270; x_wconf 69' lang='lat' dir='ltr'>l</span> 
     </span>
     <span class='ocr_line' id='line_1_11' title="bbox 198 1279 1420 1363; baseline -0.002 -19"><span class='ocrx_word' id='word_1_85' title='bbox 198 1299 275 1345; x_wconf 87' lang='lat' dir='ltr'>uere</span> <span class='ocrx_word' id='word_1_86' title='bbox 296 1280 512 1362; x_wconf 89' lang='lat' dir='ltr'>nascendique</span> <span class='ocrx_word' id='word_1_87' title='bbox 534 1279 685 1347; x_wconf 85' lang='lat' dir='ltr'>felicitate</span> <span class='ocrx_word' id='word_1_88' title='bbox 707 1281 903 1362; x_wconf 87' lang='lat' dir='ltr'>contingunt.</span> <span class='ocrx_word' id='word_1_89' title='bbox 945 1280 1025 1347; x_wconf 92' lang='lat' dir='ltr'>Inde</span> <span class='ocrx_word' id='word_1_90' title='bbox 1047 1288 1106 1357; x_wconf 89' lang='lat' dir='ltr'>est,</span> <span class='ocrx_word' id='word_1_91' title='bbox 1129 1281 1225 1363; x_wconf 89' lang='lat' dir='ltr'>quod,</span> <span class='ocrx_word' id='word_1_92' title='bbox 1247 1301 1321 1346; x_wconf 89' lang='lat' dir='ltr'>cum</span> <span class='ocrx_word' id='word_1_93' title='bbox 1419 1287 1420 1342; x_wconf 65' lang='lat' dir='ltr'>l</span> 
     </span>
     <span class='ocr_line' id='line_1_12' title="bbox 198 1376 1420 1463; baseline 0.002 -22"><span class='ocrx_word' id='word_1_94' title='bbox 198 1376 233 1443; x_wconf 91' lang='lat' dir='ltr'>in</span> <span class='ocrx_word' id='word_1_95' title='bbox 254 1378 367 1444; x_wconf 88' lang='lat' dir='ltr'>ceteris</span> <span class='ocrx_word' id='word_1_96' title='bbox 395 1376 571 1463; x_wconf 86' lang='lat' dir='ltr'>disciplinis</span> <span class='ocrx_word' id='word_1_97' title='bbox 600 1386 732 1444; x_wconf 87' lang='lat' dir='ltr'>eventus</span> <span class='ocrx_word' id='word_1_98' title='bbox 753 1379 917 1444; x_wconf 82' lang='lat' dir='ltr'>laboribus</span> <span class='ocrx_word' id='word_1_99' title='bbox 938 1379 1084 1460; x_wconf 90' lang='lat' dir='ltr'>votisque</span> <span class='ocrx_word' id='word_1_100' title='bbox 1111 1378 1320 1463; x_wconf 60' lang='lat' dir='ltr'>respondeam</span> <span class='ocrx_word' id='word_1_101' title='bbox 1419 1391 1420 1402; x_wconf 62' lang='lat'>¹</span> 
     </span>
     <span class='ocr_line' id='line_1_13' title="bbox 199 1475 1321 1562; baseline 0.001 -22"><span class='ocrx_word' id='word_1_102' title='bbox 199 1485 308 1540; x_wconf 88' lang='lat' dir='ltr'>contra</span> <span class='ocrx_word' id='word_1_103' title='bbox 334 1475 367 1539; x_wconf 93' lang='lat' dir='ltr'>in</span> <span class='ocrx_word' id='word_1_104' title='bbox 389 1476 449 1541; x_wconf 88' lang='lat' dir='ltr'>bac</span> <span class='ocrx_word' id='word_1_105' title='bbox 471 1475 603 1541; x_wconf 80' lang='lat' dir='ltr'>Critioes</span> <span class='ocrx_word' id='word_1_106' title='bbox 631 1477 810 1562; x_wconf 81' lang='lat' dir='ltr'>palaestra,</span> <span class='ocrx_word' id='word_1_107' title='bbox 838 1496 878 1542; x_wconf 85' lang='lat' dir='ltr'>ex</span> <span class='ocrx_word' id='word_1_108' title='bbox 906 1482 971 1540; x_wconf 88' lang='lat' dir='ltr'>tam</span> <span class='ocrx_word' id='word_1_109' title='bbox 999 1476 1124 1554; x_wconf 84' lang='lat' dir='ltr'>multis,</span> <span class='ocrx_word' id='word_1_110' title='bbox 1146 1476 1202 1558; x_wconf 90' lang='lat' dir='ltr'>qui</span> <span class='ocrx_word' id='word_1_111' title='bbox 1230 1476 1321 1541; x_wconf 89' lang='lat' dir='ltr'>libris</span> 
     </span>
     <span class='ocr_line' id='line_1_14' title="bbox 200 1563 1420 1657; baseline 0.001 -19"><span class='ocrx_word' id='word_1_112' title='bbox 200 1573 378 1656; x_wconf 89' lang='lat' dir='ltr'>studiisque</span> <span class='ocrx_word' id='word_1_113' title='bbox 398 1574 638 1641; x_wconf 89' lang='lat' dir='ltr'>insenescentes</span> <span class='ocrx_word' id='word_1_114' title='bbox 659 1593 716 1657; x_wconf 89' lang='lat' dir='ltr'>per</span> <span class='ocrx_word' id='word_1_115' title='bbox 737 1573 896 1654; x_wconf 89' lang='lat' dir='ltr'>integram</span> <span class='ocrx_word' id='word_1_116' title='bbox 917 1574 1015 1639; x_wconf 88' lang='lat' dir='ltr'>vitam</span> <span class='ocrx_word' id='word_1_117' title='bbox 1036 1573 1097 1638; x_wconf 89' lang='lat' dir='ltr'>boo</span> <span class='ocrx_word' id='word_1_118' title='bbox 1119 1566 1321 1639; x_wconf 76' lang='lat' dir='ltr'>saxum⁴vol</span> <span class='ocrx_word' id='word_1_119' title='bbox 1419 1563 1420 1570; x_wconf 7' lang='grc' dir='ltr'>ἵ</span> 
     </span>
     <span class='ocr_line' id='line_1_15' title="bbox 199 1670 1321 1757; baseline 0.001 -21"><span class='ocrx_word' id='word_1_120' title='bbox 199 1677 322 1748; x_wconf 89' lang='lat' dir='ltr'>verunt,</span> <span class='ocrx_word' id='word_1_121' title='bbox 336 1670 649 1757; x_wconf 86' lang='lat' dir='ltr'>exstiteruntoppido</span> <span class='ocrx_word' id='word_1_122' title='bbox 657 1672 759 1756; x_wconf 76' lang='lat' dir='ltr'>pauci,</span> <span class='ocrx_word' id='word_1_123' title='bbox 768 1671 822 1753; x_wconf 92' lang='lat' dir='ltr'>qui</span> <span class='ocrx_word' id='word_1_124' title='bbox 830 1678 991 1756; x_wconf 86' lang='lat' dir='ltr'>speratum</span> <span class='ocrx_word' id='word_1_125' title='bbox 1000 1671 1061 1737; x_wconf 88' lang='lat' dir='ltr'>sibi</span> <span class='ocrx_word' id='word_1_126' title='bbox 1073 1671 1160 1755; x_wconf 91' lang='lat' dir='ltr'>apud</span> <span class='ocrx_word' id='word_1_127' title='bbox 1174 1679 1321 1756; x_wconf 91' lang='lat' dir='ltr'>posteros</span> 
     </span>
     <span class='ocr_line' id='line_1_16' title="bbox 198 1767 1320 1845; baseline -0.001 -10"><span class='ocrx_word' id='word_1_128' title='bbox 198 1789 314 1835; x_wconf 87' lang='lat' dir='ltr'>nomen</span> <span class='ocrx_word' id='word_1_129' title='bbox 336 1769 476 1834; x_wconf 87' lang='lat' dir='ltr'>nancisci</span> <span class='ocrx_word' id='word_1_130' title='bbox 497 1770 676 1834; x_wconf 83' lang='lat' dir='ltr'>valuerunt.</span> <span class='ocrx_word' id='word_1_131' title='bbox 719 1771 761 1834; x_wconf 79' lang='lat' dir='ltr'>nt</span> <span class='ocrx_word' id='word_1_132' title='bbox 789 1776 912 1845; x_wconf 89' lang='lat' dir='ltr'>tamen,</span> <span class='ocrx_word' id='word_1_133' title='bbox 945 1788 986 1833; x_wconf 87' lang='lat' dir='ltr'>ne</span> <span class='ocrx_word' id='word_1_134' title='bbox 1012 1767 1046 1834; x_wconf 90' lang='lat' dir='ltr'>id</span> <span class='ocrx_word' id='word_1_135' title='bbox 1074 1770 1156 1832; x_wconf 86' lang='lat' dir='ltr'>forte</span> <span class='ocrx_word' id='word_1_136' title='bbox 1184 1768 1320 1845; x_wconf 85' lang='lat' dir='ltr'>nescias,</span> 
     </span>
     <span class='ocr_line' id='line_1_17' title="bbox 199 1864 1322 1951; baseline -0.002 -19"><span class='ocrx_word' id='word_1_137' title='bbox 199 1868 294 1948; x_wconf 90' lang='lat' dir='ltr'>louge</span> <span class='ocrx_word' id='word_1_138' title='bbox 317 1868 477 1949; x_wconf 90' lang='lat' dir='ltr'>longeque</span> <span class='ocrx_word' id='word_1_139' title='bbox 498 1865 659 1931; x_wconf 84' lang='lat' dir='ltr'>ditdcilius</span> <span class='ocrx_word' id='word_1_140' title='bbox 681 1872 730 1931; x_wconf 91' lang='lat' dir='ltr'>est</span> <span class='ocrx_word' id='word_1_141' title='bbox 751 1864 855 1943; x_wconf 89' lang='lat' dir='ltr'>hodie,</span> <span class='ocrx_word' id='word_1_142' title='bbox 886 1886 982 1949; x_wconf 89' lang='lat' dir='ltr'>quam</span> <span class='ocrx_word' id='word_1_143' title='bbox 1011 1865 1229 1951; x_wconf 88' lang='lat' dir='ltr'>superioribus</span> <span class='ocrx_word' id='word_1_144' title='bbox 1252 1873 1322 1932; x_wconf 90' lang='lat' dir='ltr'>crat</span> 
     </span>
     <span class='ocr_line' id='line_1_18' title="bbox 199 1963 1320 2048; baseline -0.001 -18"><span class='ocrx_word' id='word_1_145' title='bbox 199 1966 302 2043; x_wconf 89' lang='lat' dir='ltr'>annis,</span> <span class='ocrx_word' id='word_1_146' title='bbox 331 1964 570 2030; x_wconf 83' lang='lat' dir='ltr'>emendationes</span> <span class='ocrx_word' id='word_1_147' title='bbox 598 1964 805 2030; x_wconf 80' lang='lat' dir='ltr'>conscribere.</span> <span class='ocrx_word' id='word_1_148' title='bbox 849 1965 899 2029; x_wconf 91' lang='lat' dir='ltr'>Ita</span> <span class='ocrx_word' id='word_1_149' title='bbox 932 1963 1038 2028; x_wconf 87' lang='lat' dir='ltr'>omnia</span> <span class='ocrx_word' id='word_1_150' title='bbox 1066 1964 1137 2042; x_wconf 87' lang='lat' dir='ltr'>illa,</span> <span class='ocrx_word' id='word_1_151' title='bbox 1170 1985 1252 2048; x_wconf 86' lang='lat' dir='ltr'>quae</span> <span class='ocrx_word' id='word_1_152' title='bbox 1280 1985 1320 2031; x_wconf 83' lang='lat' dir='ltr'>ex</span> 
     </span>
     <span class='ocr_line' id='line_1_19' title="bbox 200 2061 1320 2148; baseline -0.002 -19"><span class='ocrx_word' id='word_1_153' title='bbox 200 2063 388 2148; x_wconf 88' lang='lat' dir='ltr'>scriptorum</span> <span class='ocrx_word' id='word_1_154' title='bbox 411 2061 564 2127; x_wconf 81' lang='lat' dir='ltr'>Codicum</span> <span class='ocrx_word' id='word_1_155' title='bbox 586 2061 753 2128; x_wconf 89' lang='lat' dir='ltr'>collatione</span> <span class='ocrx_word' id='word_1_156' title='bbox 781 2062 866 2127; x_wconf 90' lang='lat' dir='ltr'>clare</span> <span class='ocrx_word' id='word_1_157' title='bbox 895 2066 927 2125; x_wconf 93' lang='lat' dir='ltr'>et</span> <span class='ocrx_word' id='word_1_158' title='bbox 954 2061 1037 2125; x_wconf 90' lang='lat' dir='ltr'>ultro</span> <span class='ocrx_word' id='word_1_159' title='bbox 1066 2081 1102 2127; x_wconf 94' lang='lat' dir='ltr'>se</span> <span class='ocrx_word' id='word_1_160' title='bbox 1123 2062 1320 2145; x_wconf 78' lang='lat' dir='ltr'>ingerebant,</span> 
     </span>
     <span class='ocr_line' id='line_1_20' title="bbox 199 2158 1320 2246; baseline 0.002 -21"><span class='ocrx_word' id='word_1_161' title='bbox 199 2167 370 2246; x_wconf 88' lang='lat' dir='ltr'>praerepta</span> <span class='ocrx_word' id='word_1_162' title='bbox 398 2160 463 2224; x_wconf 90' lang='lat' dir='ltr'>iam</span> <span class='ocrx_word' id='word_1_163' title='bbox 493 2167 567 2225; x_wconf 89' lang='lat' dir='ltr'>sunt</span> <span class='ocrx_word' id='word_1_164' title='bbox 588 2166 620 2224; x_wconf 91' lang='lat' dir='ltr'>et</span> <span class='ocrx_word' id='word_1_165' title='bbox 641 2158 830 2245; x_wconf 87' lang='lat' dir='ltr'>anticipata:</span> <span class='ocrx_word' id='word_1_166' title='bbox 859 2174 963 2240; x_wconf 91' lang='lat' dir='ltr'>neque</span> <span class='ocrx_word' id='word_1_167' title='bbox 985 2158 1161 2241; x_wconf 89' lang='lat' dir='ltr'>quidquam</span> <span class='ocrx_word' id='word_1_168' title='bbox 1183 2162 1250 2227; x_wconf 82' lang='lat' dir='ltr'>tere</span> <span class='ocrx_word' id='word_1_169' title='bbox 1272 2181 1320 2227; x_wconf 88' lang='lat' dir='ltr'>re·</span> 
     </span>
     <span class='ocr_line' id='line_1_21' title="bbox 200 2254 1319 2339; baseline -0.003 -13"><span class='ocrx_word' id='word_1_170' title='bbox 200 2258 327 2326; x_wconf 87' lang='lat' dir='ltr'>siduum</span> <span class='ocrx_word' id='word_1_171' title='bbox 356 2263 421 2334; x_wconf 84' lang='lat' dir='ltr'>est,</span> <span class='ocrx_word' id='word_1_172' title='bbox 445 2257 506 2322; x_wconf 92' lang='lat' dir='ltr'>nisi</span> <span class='ocrx_word' id='word_1_173' title='bbox 528 2258 613 2339; x_wconf 92' lang='lat' dir='ltr'>quod</span> <span class='ocrx_word' id='word_1_174' title='bbox 636 2277 676 2323; x_wconf 85' lang='lat' dir='ltr'>ex</span> <span class='ocrx_word' id='word_1_175' title='bbox 703 2257 815 2323; x_wconf 90' lang='lat' dir='ltr'>intima</span> <span class='ocrx_word' id='word_1_176' title='bbox 842 2254 1019 2324; x_wconf 88' lang='lat' dir='ltr'>sentcntiae</span> <span class='ocrx_word' id='word_1_177' title='bbox 1047 2258 1078 2321; x_wconf 88' lang='lat' dir='ltr'>vi</span> <span class='ocrx_word' id='word_1_178' title='bbox 1107 2265 1139 2322; x_wconf 93' lang='lat' dir='ltr'>et</span> <span class='ocrx_word' id='word_1_179' title='bbox 1167 2257 1319 2323; x_wconf 89' lang='lat' dir='ltr'>orationis</span> 
     </span>
     <span class='ocr_line' id='line_1_22' title="bbox 198 2353 1319 2440; baseline -0.002 -18"><span class='ocrx_word' id='word_1_180' title='bbox 198 2357 305 2422; x_wconf 88' lang='lat' dir='ltr'>indole</span> <span class='ocrx_word' id='word_1_181' title='bbox 328 2356 430 2422; x_wconf 88' lang='lat' dir='ltr'>solius</span> <span class='ocrx_word' id='word_1_182' title='bbox 452 2355 573 2438; x_wconf 85' lang='lat' dir='ltr'>ingenii</span> <span class='ocrx_word' id='word_1_183' title='bbox 595 2375 655 2440; x_wconf 88' lang='lat' dir='ltr'>ope</span> <span class='ocrx_word' id='word_1_184' title='bbox 677 2354 719 2420; x_wconf 92' lang='lat' dir='ltr'>sit</span> <span class='ocrx_word' id='word_1_185' title='bbox 741 2353 925 2421; x_wconf 87' lang='lat' dir='ltr'>eruendum.</span> <span class='ocrx_word' id='word_1_186' title='bbox 968 2353 1068 2418; x_wconf 87' lang='lat' dir='ltr'>Plura</span> <span class='ocrx_word' id='word_1_187' title='bbox 1089 2354 1187 2437; x_wconf 87' lang='lat' dir='ltr'>igitur</span> <span class='ocrx_word' id='word_1_188' title='bbox 1207 2356 1241 2421; x_wconf 93' lang='lat' dir='ltr'>in</span> <span class='ocrx_word' id='word_1_189' title='bbox 1255 2357 1319 2422; x_wconf 92' lang='lat' dir='ltr'>Ho-</span> 
     </span>
     <span class='ocr_line' id='line_1_23' title="bbox 198 2452 1318 2537; baseline -0.002 -17"><span class='ocrx_word' id='word_1_190' title='bbox 198 2455 331 2521; x_wconf 87' lang='lat' dir='ltr'>ratianis</span> <span class='ocrx_word' id='word_1_191' title='bbox 352 2455 403 2520; x_wconf 92' lang='lat' dir='ltr'>bis</span> <span class='ocrx_word' id='word_1_192' title='bbox 426 2454 511 2520; x_wconf 88' lang='lat' dir='ltr'>curis</span> <span class='ocrx_word' id='word_1_193' title='bbox 529 2474 568 2519; x_wconf 83' lang='lat' dir='ltr'>ex</span> <span class='ocrx_word' id='word_1_194' title='bbox 583 2454 764 2518; x_wconf 87' lang='lat' dir='ltr'>coniectura</span> <span class='ocrx_word' id='word_1_195' title='bbox 778 2453 974 2531; x_wconf 84' lang='lat' dir='ltr'>exhibemus,</span> <span class='ocrx_word' id='word_1_196' title='bbox 998 2474 1094 2537; x_wconf 87' lang='lat' dir='ltr'>quam</span> <span class='ocrx_word' id='word_1_197' title='bbox 1110 2473 1151 2519; x_wconf 86' lang='lat' dir='ltr'>ex</span> <span class='ocrx_word' id='word_1_198' title='bbox 1166 2452 1318 2520; x_wconf 80' lang='lat' dir='ltr'>Codicum</span> 
     </span>
     <span class='ocr_line' id='line_1_24' title="bbox 200 2551 1318 2636; baseline -0.004 -16"><span class='ocrx_word' id='word_1_199' title='bbox 200 2553 359 2631; x_wconf 89' lang='lat' dir='ltr'>subsidio;</span> <span class='ocrx_word' id='word_1_200' title='bbox 383 2558 424 2629; x_wconf 89' lang='lat' dir='ltr'>et,</span> <span class='ocrx_word' id='word_1_201' title='bbox 446 2551 508 2617; x_wconf 89' lang='lat' dir='ltr'>nisi</span> <span class='ocrx_word' id='word_1_202' title='bbox 529 2571 581 2615; x_wconf 89' lang='lat' dir='ltr'>me</span> <span class='ocrx_word' id='word_1_203' title='bbox 598 2551 705 2615; x_wconf 90' lang='lat' dir='ltr'>omnia</span> <span class='ocrx_word' id='word_1_204' title='bbox 719 2551 844 2628; x_wconf 85' lang='lat' dir='ltr'>fallunt,</span> <span class='ocrx_word' id='word_1_205' title='bbox 867 2552 1056 2636; x_wconf 89' lang='lat' dir='ltr'>plerumque</span> <span class='ocrx_word' id='word_1_206' title='bbox 1072 2552 1220 2618; x_wconf 86' lang='lat' dir='ltr'>certiora:</span> <span class='ocrx_word' id='word_1_207' title='bbox 1244 2572 1318 2616; x_wconf 91' lang='lat' dir='ltr'>nam</span> 
     </span>
     <span class='ocr_line' id='line_1_25' title="bbox 198 2638 1319 2734; baseline -0.002 -19"><span class='ocrx_word' id='word_1_208' title='bbox 198 2652 230 2715; x_wconf 92' lang='lat' dir='ltr'>in</span> <span class='ocrx_word' id='word_1_209' title='bbox 252 2650 350 2716; x_wconf 89' lang='lat' dir='ltr'>variis</span> <span class='ocrx_word' id='word_1_210' title='bbox 372 2638 576 2714; x_wconf 85' lang='lat' dir='ltr'>Lectionibus</span> <span class='ocrx_word' id='word_1_211' title='bbox 598 2647 671 2734; x_wconf 87' lang='lat' dir='ltr'>ipsa</span> <span class='ocrx_word' id='word_1_212' title='bbox 692 2667 790 2732; x_wconf 87' lang='lat' dir='ltr'>saepe</span> <span class='ocrx_word' id='word_1_213' title='bbox 812 2648 985 2714; x_wconf 87' lang='lat' dir='ltr'>auctoritas</span> <span class='ocrx_word' id='word_1_214' title='bbox 1006 2649 1122 2730; x_wconf 85' lang='lat' dir='ltr'>illudit,</span> <span class='ocrx_word' id='word_1_215' title='bbox 1148 2655 1180 2714; x_wconf 93' lang='lat' dir='ltr'>et</span> <span class='ocrx_word' id='word_1_216' title='bbox 1201 2667 1319 2733; x_wconf 86' lang='lat' dir='ltr'>pravae</span> 
     </span>
     <span class='ocr_line' id='line_1_26' title="bbox 199 2740 1320 2830; baseline -0.005 -16"><span class='ocrx_word' id='word_1_217' title='bbox 199 2744 517 2814; x_wconf 89' lang='lat' dir='ltr'>emendaturientium</span> <span class='ocrx_word' id='word_1_218' title='bbox 544 2744 701 2830; x_wconf 79' lang='lat' dir='ltr'>prurigini</span> <span class='ocrx_word' id='word_1_219' title='bbox 729 2744 950 2825; x_wconf 86' lang='lat' dir='ltr'>abblanditur;</span> <span class='ocrx_word' id='word_1_220' title='bbox 972 2747 1005 2811; x_wconf 96' lang='lat' dir='ltr'>in</span> <span class='ocrx_word' id='word_1_221' title='bbox 1033 2745 1222 2812; x_wconf 88' lang='lat' dir='ltr'>coniecturis</span> <span class='ocrx_word' id='word_1_222' title='bbox 1244 2740 1320 2812; x_wconf 78' lang='lat' dir='ltr'>vero</span> 
     </span>
     <span class='ocr_line' id='line_1_27' title="bbox 199 2841 1319 2929; baseline -0.004 -18"><span class='ocrx_word' id='word_1_223' title='bbox 199 2852 308 2911; x_wconf 87' lang='lat' dir='ltr'>contra</span> <span class='ocrx_word' id='word_1_224' title='bbox 330 2844 471 2908; x_wconf 90' lang='lat' dir='ltr'>omnium</span> <span class='ocrx_word' id='word_1_225' title='bbox 486 2841 654 2908; x_wconf 89' lang='lat' dir='ltr'>Librorum</span> <span class='ocrx_word' id='word_1_226' title='bbox 676 2842 771 2908; x_wconf 88' lang='lat' dir='ltr'>fidem</span> <span class='ocrx_word' id='word_1_227' title='bbox 794 2843 1008 2929; x_wconf 87' lang='lat' dir='ltr'>proponendis</span> <span class='ocrx_word' id='word_1_228' title='bbox 1032 2851 1065 2910; x_wconf 92' lang='lat' dir='ltr'>et</span> <span class='ocrx_word' id='word_1_229' title='bbox 1087 2845 1182 2909; x_wconf 91' lang='lat' dir='ltr'>timor</span> <span class='ocrx_word' id='word_1_230' title='bbox 1202 2844 1319 2929; x_wconf 89' lang='lat' dir='ltr'>pudor·</span> 
     </span>
     <span class='ocr_line' id='line_1_28' title="bbox 198 2940 1320 3027; baseline -0.003 -19"><span class='ocrx_word' id='word_1_231' title='bbox 198 2963 261 3027; x_wconf 92' lang='lat' dir='ltr'>que</span> <span class='ocrx_word' id='word_1_232' title='bbox 283 2961 394 3006; x_wconf 89' lang='lat' dir='ltr'>aurem</span> <span class='ocrx_word' id='word_1_233' title='bbox 415 2941 546 3018; x_wconf 89' lang='lat' dir='ltr'>vellunt,</span> <span class='ocrx_word' id='word_1_234' title='bbox 569 2946 601 3006; x_wconf 91' lang='lat' dir='ltr'>et</span> <span class='ocrx_word' id='word_1_235' title='bbox 623 2940 692 3006; x_wconf 88' lang='lat' dir='ltr'>sola</span> <span class='ocrx_word' id='word_1_236' title='bbox 713 2940 794 3005; x_wconf 88' lang='lat' dir='ltr'>ratio</span> <span class='ocrx_word' id='word_1_237' title='bbox 816 2960 853 3005; x_wconf 87' lang='lat' dir='ltr'>ac</span> <span class='ocrx_word' id='word_1_238' title='bbox 869 2942 1097 3007; x_wconf 88' lang='lat' dir='ltr'>sententiarum</span> <span class='ocrx_word' id='word_1_239' title='bbox 1112 2942 1168 3006; x_wconf 86' lang='lat' dir='ltr'>lux</span> <span class='ocrx_word' id='word_1_240' title='bbox 1182 2940 1320 3021; x_wconf 83' lang='lat' dir='ltr'>necessi·</span> 
     </span>
     <span class='ocr_line' id='line_1_29' title="bbox 199 3037 1320 3124; baseline -0.002 -19"><span class='ocrx_word' id='word_1_241' title='bbox 199 3048 313 3124; x_wconf 84' lang='lat' dir='ltr'>tesque</span> <span class='ocrx_word' id='word_1_242' title='bbox 341 3039 413 3123; x_wconf 88' lang='lat' dir='ltr'>ipsa</span> <span class='ocrx_word' id='word_1_243' title='bbox 443 3038 654 3102; x_wconf 88' lang='lat' dir='ltr'>dominantur.</span> <span class='ocrx_word' id='word_1_244' title='bbox 699 3037 783 3117; x_wconf 80' lang='lat' dir='ltr'>Quin</span> <span class='ocrx_word' id='word_1_245' title='bbox 813 3039 915 3121; x_wconf 87' lang='lat' dir='ltr'>quod,</span> <span class='ocrx_word' id='word_1_246' title='bbox 950 3039 976 3105; x_wconf 92' lang='lat' dir='ltr'>si</span> <span class='ocrx_word' id='word_1_247' title='bbox 1009 3060 1050 3105; x_wconf 87' lang='lat' dir='ltr'>ex</span> <span class='ocrx_word' id='word_1_248' title='bbox 1082 3059 1146 3104; x_wconf 89' lang='lat' dir='ltr'>uno</span> <span class='ocrx_word' id='word_1_249' title='bbox 1178 3039 1320 3103; x_wconf 82' lang='lat' dir='ltr'>alterove</span> 
     </span>
     <span class='ocr_line' id='line_1_30' title="bbox 199 3135 1318 3222; baseline -0.002 -18"><span class='ocrx_word' id='word_1_250' title='bbox 199 3137 316 3204; x_wconf 79' lang='lat' dir='ltr'>Codice</span> <span class='ocrx_word' id='word_1_251' title='bbox 344 3136 577 3221; x_wconf 88' lang='lat' dir='ltr'>discrepantem</span> <span class='ocrx_word' id='word_1_252' title='bbox 606 3135 679 3200; x_wconf 85' lang='lat' dir='ltr'>aliis</span> <span class='ocrx_word' id='word_1_253' title='bbox 708 3136 897 3221; x_wconf 86' lang='lat' dir='ltr'>scripturam</span> <span class='ocrx_word' id='word_1_254' title='bbox 926 3156 1104 3222; x_wconf 87' lang='lat' dir='ltr'>expromas‚</span> <span class='ocrx_word' id='word_1_255' title='bbox 1135 3136 1255 3201; x_wconf 85' lang='lat' dir='ltr'>frustra</span> <span class='ocrx_word' id='word_1_256' title='bbox 1283 3155 1318 3202; x_wconf 90' lang='lat' dir='ltr'>cs</span> 
     </span>
     <span class='ocr_line' id='line_1_31' title="bbox 199 3232 1417 3321; baseline -0.006 -17"><span class='ocrx_word' id='word_1_257' title='bbox 199 3236 226 3304; x_wconf 88' lang='lat' dir='ltr'>si</span> <span class='ocrx_word' id='word_1_258' title='bbox 254 3235 346 3300; x_wconf 91' lang='lat' dir='ltr'>unico</span> <span class='ocrx_word' id='word_1_259' title='bbox 377 3233 543 3300; x_wconf 88' lang='lat' dir='ltr'>duobusve</span> <span class='ocrx_word' id='word_1_260' title='bbox 578 3232 712 3299; x_wconf 86' lang='lat' dir='ltr'>testibus</span> <span class='ocrx_word' id='word_1_261' title='bbox 742 3233 898 3301; x_wconf 87' lang='lat' dir='ltr'>adversus</span> <span class='ocrx_word' id='word_1_262' title='bbox 933 3239 1059 3298; x_wconf 91' lang='lat' dir='ltr'>centum</span> <span class='ocrx_word' id='word_1_263' title='bbox 1089 3232 1184 3298; x_wconf 88' lang='lat' dir='ltr'>fidem</span> <span class='ocrx_word' id='word_1_264' title='bbox 1213 3233 1318 3298; x_wconf 83' lang='lat' dir='ltr'>facere</span> <span class='ocrx_word' id='word_1_265' title='bbox 1416 3316 1417 3321; x_wconf 5' lang='grc' dir='ltr'>ἵ</span> 
     </span>
     <span class='ocr_line' id='line_1_32' title="bbox 198 3330 1416 3419; baseline -0.002 -20"><span class='ocrx_word' id='word_1_266' title='bbox 198 3334 360 3419; x_wconf 79' lang='lat' dir='ltr'>postulas3</span> <span class='ocrx_word' id='word_1_267' title='bbox 390 3330 451 3397; x_wconf 91' lang='lat' dir='ltr'>nisi</span> <span class='ocrx_word' id='word_1_268' title='bbox 474 3337 520 3395; x_wconf 89' lang='lat' dir='ltr'>tot</span> <span class='ocrx_word' id='word_1_269' title='bbox 541 3331 739 3411; x_wconf 83' lang='lat' dir='ltr'>argumentis</span> <span class='ocrx_word' id='word_1_270' title='bbox 761 3331 943 3408; x_wconf 86' lang='lat' dir='ltr'>muniveris,</span> <span class='ocrx_word' id='word_1_271' title='bbox 967 3339 1050 3414; x_wconf 83' lang='lat' dir='ltr'>quae</span> <span class='ocrx_word' id='word_1_272' title='bbox 1072 3331 1122 3395; x_wconf 89' lang='lat' dir='ltr'>vel</span> <span class='ocrx_word' id='word_1_273' title='bbox 1146 3331 1215 3395; x_wconf 90' lang='lat' dir='ltr'>sola</span> <span class='ocrx_word' id='word_1_274' title='bbox 1237 3351 1318 3416; x_wconf 88' lang='lat' dir='ltr'>pene</span> <span class='ocrx_word' id='word_1_275' title='bbox 1415 3413 1416 3416; x_wconf 8' lang='grc' dir='ltr'><strong>Ἴ</strong></span> 
     </span>
     <span class='ocr_line' id='line_1_33' title="bbox 197 3423 1416 3514; baseline -0.005 -16"><span class='ocrx_word' id='word_1_276' title='bbox 197 3431 265 3498; x_wconf 87' lang='lat' dir='ltr'>sine</span> <span class='ocrx_word' id='word_1_277' title='bbox 294 3429 421 3495; x_wconf 80' lang='lat' dir='ltr'>Codicis</span> <span class='ocrx_word' id='word_1_278' title='bbox 449 3427 629 3496; x_wconf 89' lang='lat' dir='ltr'>testimonio</span> <span class='ocrx_word' id='word_1_279' title='bbox 657 3427 686 3493; x_wconf 91' lang='lat' dir='ltr'>ei</span> <span class='ocrx_word' id='word_1_280' title='bbox 715 3427 760 3493; x_wconf 91' lang='lat' dir='ltr'>rei</span> <span class='ocrx_word' id='word_1_281' title='bbox 796 3428 980 3514; x_wconf 89' lang='lat' dir='ltr'>probandae</span> <span class='ocrx_word' id='word_1_282' title='bbox 1010 3427 1155 3495; x_wconf 79' lang='lat' dir='ltr'>sulficere</span> <span class='ocrx_word' id='word_1_283' title='bbox 1184 3429 1317 3513; x_wconf 91' lang='lat' dir='ltr'>possint.</span> <span class='ocrx_word' id='word_1_284' title='bbox 1415 3423 1416 3460; x_wconf 70' lang='lat'>³</span> 
     </span>
     <span class='ocr_line' id='line_1_34' title="bbox 195 3524 1319 3612; baseline -0.006 -16"><span class='ocrx_word' id='word_1_285' title='bbox 195 3528 270 3596; x_wconf 89' lang='lat' dir='ltr'>Noli</span> <span class='ocrx_word' id='word_1_286' title='bbox 291 3528 399 3609; x_wconf 89' lang='lat' dir='ltr'>itaque</span> <span class='ocrx_word' id='word_1_287' title='bbox 414 3525 577 3592; x_wconf 88' lang='lat' dir='ltr'>Librarios</span> <span class='ocrx_word' id='word_1_288' title='bbox 592 3525 678 3591; x_wconf 89' lang='lat' dir='ltr'>solos</span> <span class='ocrx_word' id='word_1_289' title='bbox 693 3527 853 3605; x_wconf 87' lang='lat' dir='ltr'>venera1i;</span> <span class='ocrx_word' id='word_1_290' title='bbox 877 3525 934 3593; x_wconf 89' lang='lat' dir='ltr'>sed</span> <span class='ocrx_word' id='word_1_291' title='bbox 956 3545 1014 3612; x_wconf 90' lang='lat' dir='ltr'>per</span> <span class='ocrx_word' id='word_1_292' title='bbox 1035 3532 1066 3592; x_wconf 92' lang='lat' dir='ltr'>te</span> <span class='ocrx_word' id='word_1_293' title='bbox 1088 3544 1202 3611; x_wconf 88' lang='lat' dir='ltr'>sapere</span> <span class='ocrx_word' id='word_1_294' title='bbox 1224 3524 1319 3601; x_wconf 79' lang='lat' dir='ltr'>aude,</span> 
     </span>
     <span class='ocr_line' id='line_1_35' title="bbox 196 3622 1319 3707; baseline -0.004 -14"><span class='ocrx_word' id='word_1_295' title='bbox 196 3632 232 3693; x_wconf 93' lang='lat' dir='ltr'>ut</span> <span class='ocrx_word' id='word_1_296' title='bbox 254 3625 382 3707; x_wconf 87' lang='lat' dir='ltr'>singula</span> <span class='ocrx_word' id='word_1_297' title='bbox 403 3623 446 3689; x_wconf 90' lang='lat' dir='ltr'>ad</span> <span class='ocrx_word' id='word_1_298' title='bbox 468 3622 621 3689; x_wconf 89' lang='lat' dir='ltr'>orationis</span> <span class='ocrx_word' id='word_1_299' title='bbox 643 3623 772 3688; x_wconf 87' lang='lat' dir='ltr'>ductum</span> <span class='ocrx_word' id='word_1_300' title='bbox 795 3623 1014 3705; x_wconf 84' lang='lat' dir='ltr'>sermonisque</span> <span class='ocrx_word' id='word_1_301' title='bbox 1037 3623 1165 3704; x_wconf 88' lang='lat' dir='ltr'>genium</span> <span class='ocrx_word' id='word_1_302' title='bbox 1185 3622 1319 3704; x_wconf 84' lang='lat' dir='ltr'>exigens</span> 
     </span>
     <span class='ocr_line' id='line_1_36' title="bbox 196 3719 1319 3807; baseline -0.004 -17"><span class='ocrx_word' id='word_1_303' title='bbox 196 3724 242 3790; x_wconf 88' lang='lat' dir='ltr'>ita</span> <span class='ocrx_word' id='word_1_304' title='bbox 264 3725 391 3790; x_wconf 92' lang='lat' dir='ltr'>demum</span> <span class='ocrx_word' id='word_1_305' title='bbox 415 3720 601 3807; x_wconf 89' lang='lat' dir='ltr'>pronunties</span> <span class='ocrx_word' id='word_1_306' title='bbox 624 3720 877 3804; x_wconf 88' lang='lat' dir='ltr'>sententiamque</span> <span class='ocrx_word' id='word_1_307' title='bbox 899 3721 995 3785; x_wconf 87' lang='lat' dir='ltr'>feras.</span> <span class='ocrx_word' id='word_1_308' title='bbox 1040 3720 1209 3786; x_wconf 84' lang='lat' dir='ltr'>Enimvero</span> <span class='ocrx_word' id='word_1_309' title='bbox 1232 3719 1319 3786; x_wconf 87' lang='lat' dir='ltr'>baud</span> 
     </span>
     <span class='ocr_line' id='line_1_37' title="bbox 197 3817 1319 3899; baseline -0.002 -12"><span class='ocrx_word' id='word_1_310' title='bbox 197 3822 295 3887; x_wconf 89' lang='lat' dir='ltr'>animi</span> <span class='ocrx_word' id='word_1_311' title='bbox 323 3838 374 3886; x_wconf 91' lang='lat' dir='ltr'>me</span> <span class='ocrx_word' id='word_1_312' title='bbox 408 3819 506 3895; x_wconf 88' lang='lat' dir='ltr'>fallit,</span> <span class='ocrx_word' id='word_1_313' title='bbox 536 3825 583 3883; x_wconf 91' lang='lat' dir='ltr'>tot</span> <span class='ocrx_word' id='word_1_314' title='bbox 609 3818 642 3884; x_wconf 90' lang='lat' dir='ltr'>in</span> <span class='ocrx_word' id='word_1_315' title='bbox 663 3818 779 3884; x_wconf 83' lang='lat' dir='ltr'>Flacco</span> <span class='ocrx_word' id='word_1_316' title='bbox 806 3818 1043 3885; x_wconf 87' lang='lat' dir='ltr'>emendationes</span> <span class='ocrx_word' id='word_1_317' title='bbox 1071 3817 1189 3899; x_wconf 90' lang='lat' dir='ltr'>iniquis</span> <span class='ocrx_word' id='word_1_318' title='bbox 1218 3817 1319 3886; x_wconf 90' lang='lat' dir='ltr'>oculis</span> 
     </span>
    </p>
   </div>
   <div class='ocr_carea' id='block_1_3' title="bbox 66 3914 1318 4294">
    <p class='ocr_par' dir='ltr' id='par_1_3' title="bbox 66 3914 1318 4294">
     <span class='ocr_line' id='line_1_38' title="bbox 198 3914 1317 4005; baseline -0.004 -22"><span class='ocrx_word' id='word_1_319' title='bbox 198 3921 368 4005; x_wconf 86' lang='lat' dir='ltr'>plerosque</span> <span class='ocrx_word' id='word_1_320' title='bbox 397 3922 594 4003; x_wconf 88' lang='lat' dir='ltr'>aspecturos‚</span> <span class='ocrx_word' id='word_1_321' title='bbox 623 3936 682 3981; x_wconf 91' lang='lat' dir='ltr'>nec</span> <span class='ocrx_word' id='word_1_322' title='bbox 702 3916 764 3982; x_wconf 91' lang='lat' dir='ltr'>nisi</span> <span class='ocrx_word' id='word_1_323' title='bbox 786 3916 818 3983; x_wconf 83' lang='lat' dir='ltr'>vi</span> <span class='ocrx_word' id='word_1_324' title='bbox 840 3922 872 3981; x_wconf 88' lang='lat' dir='ltr'>et</span> <span class='ocrx_word' id='word_1_325' title='bbox 898 3914 1046 3997; x_wconf 89' lang='lat' dir='ltr'>ingratiis</span> <span class='ocrx_word' id='word_1_326' title='bbox 1076 3920 1222 4000; x_wconf 87' lang='lat' dir='ltr'>receptes</span> <span class='ocrx_word' id='word_1_327' title='bbox 1252 3922 1317 3979; x_wconf 86' lang='lat' dir='ltr'>tam</span> 
     </span>
     <span class='ocr_line' id='line_1_39' title="bbox 199 4012 1317 4099; baseline -0.001 -17"><span class='ocrx_word' id='word_1_328' title='bbox 199 4017 254 4082; x_wconf 93' lang='lat' dir='ltr'>diu</span> <span class='ocrx_word' id='word_1_329' title='bbox 275 4015 428 4081; x_wconf 87' lang='lat' dir='ltr'>lectiones</span> <span class='ocrx_word' id='word_1_330' title='bbox 449 4020 638 4096; x_wconf 86' lang='lat' dir='ltr'>veteresque</span> <span class='ocrx_word' id='word_1_331' title='bbox 659 4014 749 4079; x_wconf 87' lang='lat' dir='ltr'>avias</span> <span class='ocrx_word' id='word_1_332' title='bbox 771 4013 832 4079; x_wconf 90' lang='lat' dir='ltr'>sibi</span> <span class='ocrx_word' id='word_1_333' title='bbox 853 4013 965 4080; x_wconf 91' lang='lat' dir='ltr'>revelli</span> <span class='ocrx_word' id='word_1_334' title='bbox 987 4033 1151 4099; x_wconf 89' lang='lat' dir='ltr'>passuros.</span> <span class='ocrx_word' id='word_1_335' title='bbox 1189 4012 1317 4099; x_wconf 79' lang='lat' dir='ltr'>Quippe</span> 
     </span>
     <span class='ocr_line' id='line_1_40' title="bbox 66 4110 1318 4197; baseline 0 -20"><span class='ocrx_word' id='word_1_336' title='bbox 66 4123 170 4181; x_wconf 69' lang='lat' dir='ltr'>[rr-1¹1]</span> <span class='ocrx_word' id='word_1_337' title='bbox 197 4113 230 4178; x_wconf 92' lang='lat' dir='ltr'>in</span> <span class='ocrx_word' id='word_1_338' title='bbox 251 4113 323 4178; x_wconf 87' lang='lat' dir='ltr'>aliis</span> <span class='ocrx_word' id='word_1_339' title='bbox 352 4112 537 4178; x_wconf 90' lang='lat' dir='ltr'>auctoribus</span> <span class='ocrx_word' id='word_1_340' title='bbox 565 4112 673 4177; x_wconf 89' lang='lat' dir='ltr'>minus</span> <span class='ocrx_word' id='word_1_341' title='bbox 695 4111 757 4176; x_wconf 91' lang='lat' dir='ltr'>sibi</span> <span class='ocrx_word' id='word_1_342' title='bbox 778 4110 860 4178; x_wconf 87' lang='lat' dir='ltr'>tritis</span> <span class='ocrx_word' id='word_1_343' title='bbox 882 4132 940 4197; x_wconf 86' lang='lat' dir='ltr'>pro</span> <span class='ocrx_word' id='word_1_344' title='bbox 962 4111 1055 4176; x_wconf 90' lang='lat' dir='ltr'>libitu</span> <span class='ocrx_word' id='word_1_345' title='bbox 1076 4111 1110 4177; x_wconf 95' lang='lat' dir='ltr'>id</span> <span class='ocrx_word' id='word_1_346' title='bbox 1131 4110 1199 4177; x_wconf 88' lang='lat' dir='ltr'>fieri</span> <span class='ocrx_word' id='word_1_347' title='bbox 1222 4110 1232 4196; x_wconf 73' lang='lat' dir='ltr'>ll</span> <span class='ocrx_word' id='word_1_348' title='bbox 1255 4131 1318 4177; x_wconf 90' lang='lat' dir='ltr'>non</span> 
     </span>
     <span class='ocr_line' id='line_1_41' title="bbox 198 4208 1318 4294; baseline -0.002 -17"><span class='ocrx_word' id='word_1_349' title='bbox 198 4231 295 4293; x_wconf 88' lang='lat' dir='ltr'>aegre</span> <span class='ocrx_word' id='word_1_350' title='bbox 309 4210 456 4289; x_wconf 86' lang='lat' dir='ltr'>tulerint;</span> <span class='ocrx_word' id='word_1_351' title='bbox 478 4210 510 4274; x_wconf 92' lang='lat' dir='ltr'>in</span> <span class='ocrx_word' id='word_1_352' title='bbox 533 4208 602 4288; x_wconf 86' lang='lat' dir='ltr'>boc,</span> <span class='ocrx_word' id='word_1_353' title='bbox 625 4227 719 4291; x_wconf 86' lang='lat' dir='ltr'>quem</span> <span class='ocrx_word' id='word_1_354' title='bbox 742 4208 806 4273; x_wconf 87' lang='lat' dir='ltr'>iam</span> <span class='ocrx_word' id='word_1_355' title='bbox 826 4209 901 4274; x_wconf 90' lang='lat' dir='ltr'>inde</span> <span class='ocrx_word' id='word_1_356' title='bbox 923 4208 1096 4294; x_wconf 90' lang='lat' dir='ltr'>apueritia</span> <span class='ocrx_word' id='word_1_357' title='bbox 1111 4208 1180 4274; x_wconf 92' lang='lat' dir='ltr'>dies</span> <span class='ocrx_word' id='word_1_358' title='bbox 1195 4215 1318 4276; x_wconf 88' lang='lat' dir='ltr'>noctes·</span> 
     </span>
    </p>
   </div>
   <div class='ocr_carea' id='block_1_4' title="bbox 0 0 1424 4757">
    <p class='ocr_par' dir='ltr' id='par_1_4' title="bbox 0 0 1424 4757">
     <span class='ocr_line' id='line_1_42' title="bbox 0 0 1424 4757; baseline 0 0"><span class='ocrx_word' id='word_1_359' title='bbox 0 0 1424 4757; x_wconf 95' lang='lat' dir='ltr'> </span> 
     </span>
    </p>
   </div>
  </div>
 </body>
</html>
