2842 4758
359 287 544 335 SERMONUM
565 288 633 338 LIB.
647 290 670 336 L
692 284 717 337 3.

112 443 126 482 u
150 421 209 485 fuit
230 435 303 485 ante
325 423 480 487 Helenam
503 442 626 487 cunnus
648 423 809 490 teterrima
830 425 905 492 belli

117 526 186 570 ssa:
209 507 265 572 sed
287 506 406 588 ignotis
428 506 590 591 perierunt
610 508 766 574 mortibus
788 509 844 592 illi,

112 612 132 653 »e
155 611 301 656 venerem
323 591 475 657 incertam
498 592 651 676 rapientis
673 613 760 658 more
783 595 923 662 ferarum

112 677 175 739 ,bue
198 675 312 741 editior
333 676 497 752 caedebat,
522 684 557 741 ut
577 677 610 741 in
631 697 731 758 grege
753 687 874 746 taurue

112 782 119 822 ι
141 760 268 825 inventa
290 771 376 826 metu
398 761 507 826 iniusti
529 761 651 827 fateare
672 783 804 830 necesse
826 772 885 845 est,

114 866 202 930 rpora
225 846 251 909 si
274 846 440 929 fastosque
461 846 542 912 velie
564 847 710 913 evolvere
731 851 850 915 mundi.

131 939 245 995 natura
267 938 372 1017 potest
392 932 477 997 iusto
500 951 664 997 secernere
686 932 840 1014 iniquum,

111 1013 170 1079 idit
192 1022 227 1080 ut
247 1016 331 1080 bona
353 1016 498 1094 diversis,
522 1016 676 1098 fugienda
696 1020 858 1103 petendis:

112 1124 116 1162 ι
138 1100 242 1165 vincet
263 1102 343 1165 ratic
365 1102 434 1179 hoc,
457 1103 642 1168 tantundem
666 1110 701 1167 ut
721 1113 831 1188 peccet
852 1103 1011 1187 idemque,

130 1192 253 1250 teneros
276 1186 376 1251 caulis
397 1187 494 1252 alieni
514 1186 681 1269 infregerit
701 1188 794 1266 horti,

112 1269 159 1351 qui
181 1280 354 1336 nocturnus
376 1292 469 1337 sacra
490 1272 605 1337 Divum
627 1272 750 1354 legerit.
795 1274 880 1340 adsit

115 1355 176 1426 ula.
199 1357 338 1440 peccatis
360 1376 443 1439 quae
463 1377 585 1443 poenas
606 1356 732 1439 inroget
752 1379 894 1442 aequas:

203 1473 227 1511 v.
247 1460 302 1510 116.
326 1457 402 1522 Vulg.
421 1456 552 1523 Fregartt.
597 1461 654 1511 117.
672 1458 771 1510 Diuum
789 1476 868 1513 sacra.

112 1591 124 1622 u
149 1573 180 1624 ad
204 1574 319 1624 Solinum
337 1579 372 1640 [p.
389 1577 439 1628 ’136
456 1591 510 1640 sqq.
536 1576 574 1628 ed.
596 1579 671 1640 1689]
699 1583 724 1627 11
741 1577 917 1643 Lampridium
943 1577 1022 1640 [Alex.
1042 1577 1097 1627 Ser.

112 1645 132 1693 d*
149 1643 241 1705 Hackl.
275 1644 345 1706 Ergo
369 1651 436 1694 recte
458 1643 520 1693 satis
543 1646 663 1709 procedet
684 1645 749 1696 illud
772 1644 896 1696 Euandri
910 1647 1032 1696 maneam
1051 1648 1099 1695 tri·

112 1726 119 1759 r
144 1715 196 1772 est,
221 1716 365 1767 tornatum,
389 1711 527 1771 caelatum,
551 1713 709 1763 fabricatum
743 1714 871 1771 Taman*t
889 1713 958 1765 code.
991 1713 1099 1776 collegii

112 1779 246 1828 incultum
264 1778 331 1828 clare
348 1780 470 1844 praefert,
488 1796 539 1830 non
558 1784 664 1833 tritum:
689 1781 734 1831 aad
758 1781 803 1832 ille
829 1786 962 1832 etaetatis
1003 1789 1098 1830 ‘notae

120 1852 165 1896 est
200 1847 237 1897 Et
259 1848 321 1897 satia
347 1855 465 1911 apparet,
489 1864 520 1898 er
542 1849 626 1913 glossa
653 1849 761 1913 quadam
785 1850 833 1899 hoc
859 1850 986 1914 irrepsisse
1034 1865 1098 1913 quaa

112 1921 251 1965 narraverat
266 1916 407 1980 sculptum.
439 1918 473 1965 At
489 1916 567 1967 andex
584 1918 679 1982 Regius
696 1918 804 1982 egregia,
822 1932 960 1980 „manauco
977 1933 1000 1967 a
1037 1919 1099 1967 'lunc

124 1984 247 2033 manibus
273 1989 365 2033 tortum
394 1983 518 2034 deiecit“:
556 1985 599 2034 cui
631 1985 687 2035 voci
718 2001 764 2050 pro
789 1985 959 2049 explicatione
991 2001 1099 2049 superna

112 2068 144 2109 rr,
173 2055 315 2101 tentatum.
363 2050 473 2101 Turtam
502 2053 578 2101 etiarn
603 2068 619 2102 a
643 2069 720 2102 manu
746 2053 856 2103 secunda
886 2053 989 2103 exhibet
1020 2053 1099 2104 codex

112 2118 275 2182 gdalenausis.
310 2119 346 2168 Et
371 2124 471 2170 tortum
488 2119 589 2184 quidem
607 2122 819 2185 interpretamur,
838 2125 899 2171 rota
914 2119 997 2189 figuli
1013 2122 1101 2181 subra-

127 2188 225 2236 Statius
249 2186 360 2247 81111,
383 2189 407 2239 9.
434 2187 487 2250 ΗΥ,
506 2190 522 2239 9
539 2205 563 2240 r.
581 2191 624 2250 4³]
657 2189 793 2250 ,‚0llaras,
818 2204 898 2252 rogo,
923 2205 976 2238 aaa
1003 2189 1100 2254 1111111

112 2269 203 2304 amurca
227 2256 330 2320 patinas
352 2258 382 2304 ia
404 2257 467 2305 orbe
490 2261 583 2318 tortas,
608 2259 663 2306 Aut
679 2273 761 2306 atreum
786 2257 851 2306 darc
867 2259 1005 2322 syncerum
1024 2257 1099 2322 (quid

118 2322 248 2371 Aliorum
268 2323 388 2386 calicum,
407 2330 486 2388 atquae
503 2327 677 2374 caccaborum
685 2327 714 2373 ?“
731 2325 779 2374 hoc
796 2332 842 2384 cst,
858 2326 967 2389 patinae
979 2323 1096 2374 Cumana

112 2407 147 2439 ra:
169 2397 198 2444 ut
215 2390 332 2440 Tibullus
348 2392 383 2452 II,
402 2393 425 2443 3.
445 2394 527 2454 [adi]
562 2395 616 2454 „At
632 2395 682 2442 titt
698 2392 768 2442 laetu
786 2393 896 2442 trudant
913 2392 1020 2443 Samiae
1037 2408 1098 2442 coa·

113 2463 163 2519 tae,
188 2457 317 2523 Fictaque
336 2458 454 2509 Germana
473 2459 578 2510 lubrico
597 2466 670 2510 tarra
688 2465 775 2511 rata.“
810 2460 936 2510 Martialis
953 2461 980 2510 in
998 2459 1097 2525 Xeuiis,

113 2527 196 2588 „1281
231 2542 299 2589 „vas
318 2542 508 2578 cooranoaosr.
544 2528 615 2578 Haec
639 2529 689 2578 titt
711 2544 779 2593 quaa
801 2533 869 2578 torta
891 2534 1021 2578 cruentat
1038 2543 1100 2577 coa-

113 2611 127 2655 r,
147 2593 179 2644 St
194 2598 300 2644 unnim
316 2595 408 2654 lerant
425 2601 549 2652 coctano.
564 2594 634 2663 ficar
652 2600 762 2646 aruut“:
790 2596 839 2646 hoc
856 2600 907 2657 est,
926 2611 987 2646 oasa
1003 2596 1097 2660 figlino

113 2679 118 2708 ,ν
135 2660 252 2722 formam
270 2667 341 2712 torto
359 2667 386 2711 et
401 2663 471 2723 sicta.

140 2730 232 2779 Alieni
262 2730 376 2794 fregerit
408 2731 490 2792 docti]
533 2731 702 2780 acutissimus
728 2731 851 2782 Heinsius
882 2747 913 2781 ex
943 2733 1098 2800 coniectura¹

116 2799 180 2861 quit,
198 2797 340 2862 legandum,
358 2798 430 2861 „Qui
446 2804 550 2848 teucros
560 2801 640 2860 {torar
652 2800 736 2850 alieni
745 2800 878 2864 infregerit
890 2801 988 2850 dorta“
1012 2801 1099 2864 Recta,

113 2865 171 2930 quod
188 2866 287 2931 etipse
305 2872 364 2915 ante
381 2867 463 2915 visum
480 2866 534 2916 eiua
552 2867 665 2917 codicem
682 2868 713 2916 de
725 2884 780 2917 mac
792 2868 970 2932 excogitarem.
998 2868 1100 2935 Syllaba

113 2941 146 2983 »ta
163 2942 202 2984 est
218 2934 250 2983 ab
268 2934 359 2983 ultima
373 2935 442 2983 vocis
460 2934 641 2998 praecedentia
668 2935 774 2985 Ovidius
790 2936 892 2985 Metam.
910 2935 943 3000 X,
964 2938 1019 2988 190.
1047 2935 1101 2997 „tlt

113 3001 189 3064 iolas,
215 3005 328 3065 riguccc
350 3018 462 3067 papaver
485 3005 514 3052 iu
532 3002 625 3065 torto,
651 3002 770 3067 Liliaque
787 3003 921 3068 infringat,
939 3003 1021 3064 fulvia
1038 3005 1100 3054 ltac-

113 3072 198 3132 rgr’e.“
233 3068 322 3120 Cicero
339 3086 386 3134 pro
404 3069 521 3120 Cornelio
538 3069 619 3120 Balbo
636 3086 659 3121 c.
678 3073 702 3123 6.
726 3074 752 3134 [ᾗ
772 3073 813 3134 15]
849 3071 915 3134 „Eat
932 3076 1002 3122 caim
1020 3072 1099 3121 duim

113 3140 175 3187 ader
199 3138 332 3202 quuadum
356 3143 382 3188 at
404 3138 524 3199 macula,
547 3140 642 3189 uirtuti
658 3139 793 3201 invidere,
816 3139 884 3188 callo
907 3141 995 3204 iprum
1011 3138 1100 3188 florem

114 3223 121 3254 r
138 3204 308 3270 infringere.“
335 3208 369 3255 At
386 3206 516 3271 frangere
531 3208 611 3268 {lorea
628 3223 680 3255 non
698 3208 802 3256 memini
819 3206 924 3271 legisse:
943 3207 1014 3268 adde,
1032 3207 1099 3272 quod

129 3274 177 3324 hac
195 3274 351 3324 correctione
369 3274 468 3324 dulcior
485 3282 511 3324 ct
527 3274 683 3324 numerosior
700 3274 803 3324 incedit

139 3341 238 3392 Diuum
254 3358 334 3392 sacru
352 3343 457 3406 legerit]
492 3341 532 3394 lta
556 3341 679 3392 dederunt
705 3347 764 3407 post
780 3342 873 3393 Aldum
890 3342 1036 3417 Manptinm
1059 3343 1101 3392 in·

119 3426 215 3473 omnes,
232 3409 286 3473 „Et
303 3414 351 3476 qui
366 3415 514 3460 nocturnas
532 3410 617 3460 divcm
634 3425 706 3460 sacra
725 3410 850 3474 lagerid‘:
868 3427 949 3476 neque
966 3411 1100 3476 quisquam

115 3478 226 3528 lectione
242 3479 349 3539 monuit,
367 3481 667 3543 praetarBersmannum,
686 3478 731 3542 qai
748 3479 775 3529 in
794 3479 911 3530 omnibua
928 3480 981 3529 suia
998 3479 1100 3530 inverso

114 3546 188 3611 perit.
232 3545 287 3609 „Et
308 3549 357 3611 qui
378 3552 526 3597 nocturnus
549 3562 621 3596 sacra
646 3547 732 3596 divum
757 3548 878 3612 legerit.“
912 3546 986 3602 Quod
1003 3554 1029 3598 et
1045 3549 1101 3612 ipae

114 3630 185 3664 ecem
202 3614 302 3664 invenit
330 3614 437 3664 alterum
454 3621 539 3665 autem
555 3631 587 3664 ne
605 3615 633 3665 in
650 3630 702 3665 uuo
719 3615 828 3680 quidem.
862 3617 1004 3667 Revocatur
1019 3615 1101 3679 igitar

114 3682 202 3742 lecti03
231 3684 393 3746 praesertim,
420 3698 477 3732 oum
501 3685 528 3733 in
552 3683 644 3748 priscis
668 3685 745 3733 etiam
768 3683 923 3734 editionibus
947 3688 1099 3748 compareat,

114 3751 188 3811 sinis,
212 3756 238 3800 11
254 3750 434 3801 Losclreriana.
463 3750 535 3802 Certe
553 3767 618 3801 nova
634 3750 680 3801 illa
697 3751 765 3801 radit
782 3750 947 3814 rulneratque
964 3766 1037 3800 aures
1054 3766 1100 3800 sna

114 3836 130 3866 a:
158 3818 220 3868 haec
239 3824 267 3867 ut
284 3818 367 3868 leuior
383 3818 534 3884 molliorque
551 3824 603 3880 est,
621 3819 659 3870 ita
676 3820 731 3868 sine
749 3819 827 3869 dubio
844 3820 935 3868 verior.
969 3818 1099 3881 Magdala-

114 3902 169 3936 man
186 3886 288 3951 longius
305 3885 427 3948 abscedit,
445 3887 500 3946 „ln
516 3890 564 3953 qui
580 3902 651 3937 sacra
668 3886 741 3936 deum
759 3891 898 3936 nocturnus
917 3886 1043 3949 legerit&
1070 3892 1100 3937 nt

131 3955 159 4003 in
186 3954 332 4018 Georgicis,
359 3956 401 4015 ΙΙ,
426 3957 484 4007 tta.
520 3956 615 4015 „Sacra
640 3955 731 4014 deum,
756 3956 894 4018 sanataque
917 3957 1034 4019 putrer.“
1074 3960 1100 4005 et

143 4022 235 4085 „later
259 4037 330 4072 sacra
353 4023 440 4085 deum,
465 4026 644 4087 nocturnique
667 4027 748 4087 argio
772 4022 900 4072 Bacclci.“
934 4021 1028 4072 Veram
1050 4022 1099 4073 hoc

117 4089 205 4154 paullo
228 4094 280 4150 est,
309 4096 334 4139 ct
357 4091 436 4140 altine
452 4092 564 4156 assurgit
581 4106 655 4154 quam
672 4107 719 4155 pro
736 4090 881 4140 humilitate
899 4089 997 4140 Satirae
1015 4090 1100 4141 Hora-

115 4158 193 4214 Quara
211 4158 323 4222 plurium
339 4160 556 4225 vetustiorumque
573 4159 753 4209 auctoritatem
769 4159 811 4210 hic
830 4172 970 4223 aequemur.

115 4244 181 4284 rdnot.
190 4240 357 4294 praecedentem]
