2840 4752
188 242 249 303 474
593 253 625 313 q.
648 251 790 300 nonnam
811 252 935 302 rancor

189 400 234 451 305
255 387 395 455 Stultum
416 406 473 462 me,
488 385 591 450 fatcor
613 386 721 463 (liceat
741 384 915 452 concedere
936 387 1032 462 veris)

250 475 356 555 Atque
378 471 474 537 etiam
495 469 659 536 insanum:
683 476 806 536 tantum
827 472 889 536 hoe
909 472 1061 552 edissere,
1084 494 1147 556 quo
1170 495 1236 541 me

251 559 428 639 Aegrotare
474 565 544 622 utos
565 555 663 621 animi
685 556 771 621 vitio.
801 553 949 642 ‘Accipe
972 559 1109 643 primurn

251 643 427 721 Aedificas3
449 578 510 707 iou
532 648 590 718 cst,
611 641 725 723 longos
746 641 893 718 imitaris,
916 644 957 708 ab
978 643 1043 707 imo

251 727 302 794 Ad
325 748 482 793 summurn
502 733 590 792 totus
613 727 734 791 moduli
756 727 931 812 bipedalis:
955 736 987 793 et
1008 728 1093 792 idem

190 825 236 876 310
258 812 398 898 Corpore
420 812 572 876 maiorem
595 810 680 878 rides
702 812 862 877 Turbonis
883 814 917 876 in
938 813 1037 880 armis

253 897 405 983 Spiritum
429 903 460 961 et
482 897 658 962 incessum:
682 902 738 979 qui
759 896 913 963 ridiculus
934 898 1042 965 minus
1063 898 1142 965 illo?

252 984 303 1048 An
326 981 548 1066 quodcumque
570 981 647 1046 iacit
667 983 845 1059 Maecenas,
868 988 900 1049 te
923 1002 1050 1066 quoque
1070 1003 1183 1049 verum
1206 986 1285 1058 est,

190 1135 291 1201 quosvis
309 1136 458 1199 scriptores,
481 1150 533 1182 non
552 1135 679 1182 abscissos
697 1134 830 1195 exhibent3
855 1139 988 1201 utrumque
1006 1139 1091 1185 tamen
1119 1135 1147 1184 in
1163 1151 1213 1185 usu
1233 1135 1340 1184 fuisse

190 1220 220 1254 ex
237 1204 382 1269 praeteritis
399 1203 532 1252 verborum
549 1207 656 1251 constat.
691 1202 817 1252 Martialis
836 1203 883 1263 111,
903 1206 943 1255 66.
963 1207 994 1266 [r.
1014 1206 1040 1266 2]
1068 1204 1143 1265 ,Pur
1158 1203 1253 1253 scelus
1278 1202 1339 1252 ad·

189 1275 263 1321 misit
285 1272 391 1321 Pinariis
413 1270 548 1320 Antonius
568 1272 667 1319 armis:
692 1269 810 1320 Abscidit
832 1270 921 1320 accitas
951 1275 1020 1321 ema
1046 1278 1157 1336 aterque
1183 1272 1333 1321 sacros“:

191 1340 257 1404 quod
282 1343 444 1403 apraesente
467 1335 582 1388 Abscido
609 1337 751 1387 deducitur.
788 1341 883 1389 Seneca
900 1338 1015 1404 Thyeste,
1037 1342 1111 1392 11162.
1147 1339 1213 1402 „illa
1233 1341 1336 1391 lentis

190 1410 297 1472 ignibus
315 1407 425 1457 Stillare
442 1408 522 1456 iussi:
547 1407 664 1454 membra
690 1422 836 1472 nervosque
853 1403 986 1457 dbscidi“:
1013 1408 1061 1457 hoe
1079 1423 1094 1457 a
1111 1413 1248 1473 praesente
1275 1407 1335 1456 ab·

189 1474 290 1525 scindo.
325 1475 417 1523 Veram
435 1474 497 1523 haec
515 1473 611 1524 leviora
628 1477 701 1534 sunt3
728 1474 792 1524 illud
816 1476 918 1524 maioris
936 1476 1072 1537 momenti,
1097 1475 1166 1539 quod
1191 1476 1219 1525 in
1237 1480 1332 1525 vetu-

190 1544 301 1593 stissimo
318 1542 456 1592 Blandinio
479 1541 578 1591 invenit
596 1540 735 1605 Cruquius,
762 1543 790 1591 iu
814 1545 911 1608 optimo
935 1559 1037 1592 suorum
1060 1543 1233 1603 Pulmanuus,
1266 1558 1328 1607 ego

190 1612 299 1675 denique
317 1612 345 1660 in
362 1611 442 1674 Regio
461 1614 486 1659 et
503 1609 709 1672 Zalicheuriano,
734 1614 761 1660 et
783 1627 829 1676 pro
848 1612 918 1661 varia
934 1612 1044 1661 lectione
1062 1612 1090 1660 iu
1108 1612 1196 1662 codice
1214 1611 1327 1676 Regiae

190 1679 338 1729 societatis:
357 1678 464 1742 „0aid?
492 1684 573 1742 caput
590 1679 719 1728 corciram
736 1679 853 1729 manibus
872 1695 931 1729 cum
947 1685 1041 1744 portat
1057 1681 1151 1744 Agaue
1170 1678 1254 1730 Gnate·
1275 1682 1329 1728 in-

189 1747 284 1810 felicis,
302 1749 354 1796 rior·
371 1751 425 1797 tum
442 1745 547 1806 furiosa
568 1746 712 1799 videtur?“
731 1747 859 1811 Equidem
876 1747 999 1797 iudicium
1018 1748 1190 1813 Interpretum
1208 1748 1251 1797 hic
1272 1747 1328 1796 de-

190 1816 286 1876 sidero;
313 1815 357 1879 qui
375 1814 504 1879 quantivis
522 1815 599 1879 pretii
616 1813 751 1864 lectionem
778 1817 829 1864 iam
852 1831 867 1864 a
891 1815 1078 1880 sesquisaeculo
1103 1817 1245 1882 proiectam
1268 1831 1327 1863 ne-

190 1884 347 1948 glectamque
365 1883 529 1947 reliquerunt.
565 1882 639 1932 Certe
657 1882 722 1932 illud
746 1883 850 1932 demens
868 1899 917 1932 non
938 1885 1011 1933 modo
1029 1884 1139 1933 otiosum
1157 1884 1199 1933 hic
1219 1888 1258 1933 cst
1276 1881 1325 1944 (id

191 1952 259 2001 enim
276 1952 362 2016 aliquo
379 1951 453 2000 modo
471 1954 537 2000 esset
553 1949 693 2009 ferendum)
720 1951 764 2001 sed
790 1953 942 2001 senteutiam
967 1952 1044 2017 plane
1062 1958 1152 2002 onerat
1169 1956 1195 2001 et
1212 1955 1322 2016 gravat,
1415 1985 1416 1993 .

191 2021 267 2069 immo
291 2020 406 2084 putidam
430 2019 514 2068 reddit
537 2023 563 2068 et
585 2018 720 2068 inficetum.
755 2019 829 2083 Ego,
854 2020 940 2085 inquit
962 2020 1101 2081 Horatius,
1127 2020 1221 2070 videar·
1246 2020 1326 2069 inihi

190 2090 301 2153 pulchre
317 2104 405 2137 sanus.
445 2085 504 2136 Titi
520 2102 626 2152 nempe,
651 2087 745 2151 regerit
763 2087 947 2153 Damasippus:
973 2088 1040 2153 qaid
1057 2094 1113 2138 tum
1129 2089 1244 2153 postea?
1267 2103 1319 2149 au,

188 2162 277 2222 patus,
295 2172 355 2206 eam
372 2155 464 2219 Agaue
481 2154 535 2215 filii
551 2160 635 2220 caput
652 2155 773 2204 acrclsum
789 2162 923 2219 gestaret,
950 2156 1030 2206 vitali
1046 2172 1100 2206 esee
1119 2156 1243 2218 caedens,
1261 2156 1325 2205 sibe·

192 2229 247 2274 iam
264 2224 370 2285 furiosa
389 2239 443 2273 csse
460 2223 619 2272 videbatur?
636 2225 705 2275 Pone
722 2223 772 2272 iam
791 2223 818 2273 in
830 2225 915 2289 priore
933 2224 1057 2275 orationis
1075 2225 1187 2274 membro
1206 2224 1320 2273 demens

191 2292 296 2356 Agrum
315 2298 341 2341 et
358 2291 498 2341 sententiae
513 2291 565 2339 vim
574 2290 696 2340 diminuis
706 2291 834 2340 addendo:
853 2297 882 2341 ut
899 2291 978 2342 lector
996 2297 1128 2342 emunctae
1145 2292 1216 2341 noris
1235 2291 1320 2341 facile

192 2365 317 2425 agnoscet.
354 2360 422 2408 Satis
440 2360 509 2408 enim
526 2363 578 2422 est,
606 2360 628 2408 si
651 2360 679 2408 in
703 2359 842 2423 posteriore
861 2359 970 2409 membro
988 2357 1019 2410 τὸ
1038 2360 1145 2421 fardosa
1164 2361 1317 2426 compdret;

191 2429 219 2478 in
236 2434 346 2492 utroque
364 2428 455 2477 vitiose
472 2428 594 2492 ponitur.¹
620 2427 655 2476 At
672 2433 775 2489 contra,
801 2428 866 2477 illud
888 2429 1011 2478 manitas
1026 2434 1136 2493 portat,
1162 2426 1320 2494 quodlibet

191 2497 304 2545 omnium
322 2497 433 2560 optimus
451 2496 612 2560 suppeditat,
638 2511 690 2544 non
714 2496 781 2545 iners
804 2496 846 2546 bic
864 2501 915 2545 stat
933 2503 958 2546 et
976 2513 1047 2547 aures
1065 2496 1158 2557 lassat,
1183 2496 1226 2546 sed
1245 2501 1318 2546 utro·

193 2565 293 2614 citatem
312 2563 507 2628 foeditatemque
525 2564 646 2613 facinoris
663 2564 769 2614 mirifice
791 2570 884 2627 auget:
911 2565 979 2615 uude
1003 2569 1028 2614 et
1046 2565 1076 2614 ab
1095 2565 1154 2614 aliis
1171 2565 1258 2628 poetis
1277 2567 1318 2612 est

192 2633 355 2683 inculcatum.
392 2632 435 2681 Sic
452 2631 591 2695 Euripides
608 2632 730 2693 Bacchis,
753 2634 947 2695 ν.961[962];
972 2633 1002 2682 de
1020 2634 1067 2682 hac
1085 2633 1142 2698 ipsa
1160 2648 1200 2694 ro,
1228 2626 1319 2698 Ψερό·

192 2717 273 2766 μενος
291 2695 359 2761 ἥξεις
377 2696 406 2749 ἓν
423 2701 450 2748 X
457 2702 558 2748 ΕΡΣΙ
574 2703 638 2749 ΜΗ
645 2703 758 2749 ΤΡΟΣ.
778 2706 802 2749 et
820 2718 842 2750 r.
855 2703 927 2752 1131.
942 2703 1028 2764 [1129]
1046 2702 1135 2769 κρᾶτα
1153 2696 1182 2749 d'
1203 2695 1315 2764 ἄθλιον,

192 2771 265 2834 Οπερ
288 2769 409 2833 λαβοῦσα
434 2763 561 2834 τυγχάνει
578 2771 728 2818 ΜΗΤΗΡ
743 2771 926 2831 ΧΕΡΟΙΝ,
950 2763 1050 2830 Πήξασ’
1071 2764 1110 2819 ἐπ’
1139 2762 1226 2836 ἄκρον
1242 2764 1317 2834 θύρ-

194 2844 277 2885 σον.“
295 2842 320 2886 et
330 2838 402 2887 1275.
413 2838 499 2898 [1266]
519 2834 598 2890 Τίνος
606 2833 756 2905 πρόσωπον
771 2829 829 2897 δῆτ’
841 2832 1020 2886 zvarana
1029 2838 1074 2886 ΑΙ
1078 2840 1101 2885 Σ
1118 2831 1205 2902 ἔχεις;
1224 2837 1316 2900 [1269]

192 2907 245 2961 Ea,
265 2902 293 2953 τί
308 2900 430 2963 derisam·
456 2902 484 2953 τί
501 2902 625 2972 φέρομαι
644 2900 705 2954 ro'd’
726 2900 949 2965 ἒνΧΕΡΟΙΝ,·
976 2906 1078 2967 Seneca,
1100 2905 1159 2955 'sire
1177 2905 1243 2955 alius
1268 2921 1317 2968 po·

193 2974 252 3033 tius,
270 2973 299 3023 iu
316 2973 465 3023 Phoenissis
483 2990 505 3023 v.
525 2976 582 3027 363.
619 2973 715 3037 „Ferre
732 2973 824 3038 Agaue
840 2973 949 3033 sacimas
967 2974 1130 3023 torrendum
1147 2989 1232 3039 manu,
1252 2972 1316 3035 Qua

193 3040 308 3101 fecorat,
326 3041 450 3106 gestavit.-
478 3047 503 3091 et
519 3042 634 3107 spolium
652 3042 716 3091 uelit
733 3040 848 3091 Cruenta
868 3045 928 3092 nati
944 3040 1055 3092 Maenas
1072 3045 1101 3091 ia
1118 3047 1210 3106 partos
1229 3041 1316 3093 datia

195 3113 220 3158 et
243 3127 265 3158 v.
286 3111 325 3161 18.
343 3109 451 3160 ibidem:
479 3126 550 3175 ‚aaa
571 3126 622 3175 per
645 3112 785 3159 obscuram
810 3125 914 3173 nemas,
943 3110 1096 3174 Silvamqaa
1114 3125 1215 3174 opacae
1233 3109 1317 3160 vullis

194 3180 334 3227 instinctas
359 3177 406 3227 deo
425 3176 493 3240 Egit
514 3194 619 3227 sorores
642 3184 743 3239 motem·
769 3183 795 3226 ot
817 3178 939 3242 gararicus
963 3178 1048 3240 malo,
1078 3177 1209 3230 Vror-ame
1226 3178 1315 3239 fisum

194 3245 316 3309 praetulit
341 3245 427 3309 thyrso
451 3250 558 3309 eaput.“
601 3245 672 3295 ovid.
698 3247 800 3297 Metam.
824 3247 878 3306 III,
904 3248 963 3297 725.
987 3249 1057 3308 [121]
1092 3248 1174 3308 „visis
1197 3246 1317 3295 ululavit

194 3313 295 3376 Agaue,
315 3311 440 3375 Collaque
457 3316 582 3375 iactauit,
608 3317 740 3379 movitque
755 3329 806 3378 per
824 3316 886 3364 aeia
905 3318 1013 3378 crinem,
1031 3314 1212 3378 Aarclsamqae
1232 3320 1316 3379 eaput

194 3379 284 3444 digitis
302 3379 432 3444 complura
450 3383 567 3430 erueretis
587 3379 702 3444 Clamat,
726 3382 773 3432 Io“
792 3387 839 3432 etc.
875 3383 998 3431 Asconius
1016 3382 1144 3431 Pedianus
1167 3382 1199 3431 de
1217 3397 1244 3431 re
1263 3397 1314 3431 non

195 3447 320 3509 dissimili,
339 3447 371 3497 ad
389 3446 519 3498 Ciceronis
535 3449 680 3498 Orationem
698 3452 729 3499 In
748 3457 809 3513 toga
825 3450 933 3500 candida
952 3454 987 3514 [p.
997 3452 1055 3514 940,
1073 3452 1105 3501 35
1119 3448 1314 3513 Orelli-Halm]:

194 3515 229 3567 M.
247 3519 326 3566 etiam
345 3515 429 3567 Marii
448 3515 604 3567 Gratidiani
621 3523 698 3583 caput
715 3518 842 3568 abcissum
859 3535 907 3582 per
923 3520 1015 3568 arbem
1034 3534 1084 3567 sua
1099 3533 1176 3567 mauu
1197 3517 1315 3568 Catilina

196 3585 308 3635 tulerat:
326 3584 372 3634 ubi
389 3584 609 3648 ipsiusciceronis
626 3585 702 3636 rerba
719 3592 779 3636 sunt
796 3586 857 3637 haee
876 3590 910 3652 [p.
920 3589 978 3647 943,
999 3585 1198 3648 160r.-Halm]:
1218 3585 1315 3650 „Quod

196 3660 284 3718 caput,
303 3656 381 3703 etiam
400 3654 572 3719 templanum
591 3658 697 3704 animae
714 3661 740 3704 et
756 3657 875 3717 spiritus,
894 3654 930 3704 ad
939 3654 1042 3704 Sullam
1055 3655 1179 3719 rcrqncab
1190 3654 1312 3705 laniculo

194 3724 230 3772 ad
248 3723 337 3772 aedem
354 3720 495 3787 Apollinis,
519 3738 639 3773 maninus
657 3725 713 3787 ipre
730 3727 785 3772 sais
803 3722 925 3773 detalit.“

262 3793 319 3842 310.
359 3789 489 3842 Purboac's
506 3794 535 3841 in
553 3794 645 3854 armos]
664 3791 746 3842 Codex
756 3790 959 3841 Zalichemianus
969 3805 1118 3851 nnnsou1s5
1136 3790 1212 3853 unde,
1231 3791 1312 3852 credo,

194 3857 314 3908 inductus
336 3860 568 3924 praestantissimus
592 3861 648 3910 Nic.
666 3860 802 3919 Heinsius,
826 3858 920 3920 Forte,
944 3860 1042 3923 inquit,
1067 3874 1229 3907 annnnours.
1266 3860 1312 3910 Sed

164 3960 166 3966 -
195 3931 320 3991 receptam
344 3929 372 3977 in
396 3929 499 3995 scriptis
523 3928 648 3994 editisque
672 3928 807 3978 lectionem
830 3926 870 3976 vel
896 3927 964 3977 solus
982 3928 1044 3977 satis
1062 3930 1148 3976 tuetur
1165 3927 1311 3978 Priscianus
1412 3928 1416 3959 1

195 4007 220 4056 p.
240 3995 299 4046 683.
333 3994 442 4057 „Turbo
462 3997 584 4060 turtinis,
604 3997 711 4061 quaudo
730 3996 762 4045 de
780 3999 962 4045 siccatorum
980 3997 1130 4060 loquamur:
1156 4009 1220 4043 mam
1238 3999 1264 4045 si
1278 3999 1312 4046 sil

194 4066 344 4127 proprium,
362 4070 453 4114 cernat
470 4066 537 4128 Oia
553 4067 680 4129 genitivo,
699 4066 743 4113 bic
759 4062 853 4129 Turbo,
872 4079 967 4113 aaaron
983 4062 1125 4129 probamin
1140 4062 1311 4128 gladiatoris,

200 4126 338 4179 Tarchonis.
373 4130 419 4181 Sr‘a
436 4133 565 4183 Horatius
582 4135 611 4181 ia
629 4131 658 4181 II
672 4132 846 4181 Sermonum:
869 4126 997 4195 ‘Corpora
1014 4134 1143 4180 erratorem
1160 4130 1233 4180 rides
1251 4131 1311 4182 Tur·

196 4193 270 4243 bonis
288 4200 316 4246 ia
336 4203 418 4250 arrad
435 4193 602 4265 Spir¹itccm.²·‘
637 4198 684 4248 Cui
703 4198 765 4248 adde
785 4200 899 4249 Servium
917 4200 947 4248 ud
966 4199 1070 4263 Virgilii
1088 4201 1149 4248 Aen.
1170 4198 1227 4259 VII,
1256 4202 1310 4253 318.
