2810 4764
214 206 278 270 236
607 219 639 279 o.
660 219 803 267 nonam
822 219 947 269 mecm

299 354 418 429 Fronte
439 357 586 419 curvatos
607 352 751 419 imitatus
770 353 857 435 ignis

300 439 444 504 Tertium
466 439 562 504 lunae
582 437 749 504 referentis
770 445 885 516 ortum,

300 524 373 603 Qua
392 529 501 589 notam
523 522 625 602 duxit,
645 524 760 590 niveus
780 522 893 602 videri,

256 621 289 673 oo
421 608 537 676 Cetera
557 608 675 675 fulms.

742 777 800 843 III.

548 897 615 961 AD
643 895 1001 964 MELPOMENEN.

302 1015 404 1095 Quem
426 1020 472 1093 tu,
493 1015 702 1100 Melpomene,
725 1015 825 1081 semel

370 1102 563 1165 Nascentem
585 1099 712 1186 plaeido
734 1100 854 1166 lumine
875 1098 1006 1176 videris,

300 1184 396 1250 Illum
417 1205 481 1249 non
501 1186 593 1249 labor
614 1185 767 1251 Isthmius

369 1269 513 1336 Clarabit
532 1269 693 1355 pugilem3
715 1291 779 1335 non
800 1288 904 1352 equus
925 1266 1052 1353 inpiger

273 1355 406 1421 scurru
428 1356 524 1421 dueet
544 1356 683 1420 Achaico

368 1438 537 1516 Victorem,
559 1461 664 1523 neque
686 1461 738 1507 res
759 1439 877 1505 bellica
897 1436 1001 1503 Deliis

302 1524 457 1592 Omatum
480 1524 566 1592 toliis
588 1526 712 1603 ducem,

370 1610 463 1690 Quod
485 1630 598 1692 regum
621 1611 761 1676 tumidas
783 1606 962 1674 contuderit
982 1605 1097 1684 minas,

303 1692 458 1762 Ostendet
480 1695 652 1782 Capitolio:
849 1766 852 1775 ,

260 1792 290 1843 10
371 1780 438 1847 Sed
459 1800 542 1864 quae
563 1782 665 1846 'libur
686 1799 790 1863 aquae
811 1778 916 1844 fertile
937 1774 1128 1863 praefluunt,

217 1912 255 1964 sd
274 1912 354 1965 Tmei
369 1917 489 1977 terminis
506 1932 556 1966 ora
574 1920 653 1967 venit.
687 1915 833 1965 Procedant
847 1917 956 1981 pariter
971 1917 1071 1962 matres
1094 1915 1228 1977 ustaeque
1244 1927 1346 1963 numu-

233 1983 294 2033 usti(

217 1998 233 2048 q
285 2051 326 2102 58.
348 2049 466 2101 Tertium
484 2052 564 2102 lernae
587 2050 729 2112 referentib
753 2054 851 2114 ortum]
889 2051 984 2101 Orbem
1007 2050 1035 2100 in
1059 2047 1191 2099 nonnullis
1209 2047 1345 2099 eodieibus

216 2121 543 2184 repereruntlnterpretes3
561 2124 591 2169 ut
608 2123 634 2169 et
650 2136 697 2169 nos
714 2121 742 2169 in
760 2119 845 2169 decem
864 2135 894 2172 ex
911 2119 1013 2169 nostris.
1043 2117 1195 2182 Baginensis
1213 2122 1299 2167 tamen
1315 2120 1343 2167 et

217 2187 312 2251 Regiae
332 2187 468 2238 societatis
486 2194 588 2248 ortum;
607 2188 674 2252 quod
691 2188 857 2250 inLeidensi,
875 2187 1026 2251 Graeriano‚
1042 2184 1188 2236 Batteliano
1205 2201 1253 2250 pro
1270 2185 1345 2235 varia

216 2254 327 2304 lectione
344 2256 458 2321 ponitur.
496 2257 523 2308 Si
540 2255 606 2306 illud
624 2257 749 2320 sequeris,
773 2261 828 2305 tum
846 2256 950 2307 tertium
973 2269 1087 2304 mensem
1104 2253 1248 2318 intelligam
1273 2253 1344 2319 quod

217 2322 285 2372 nihil
301 2323 365 2373 lacit
381 2324 413 2373 ad
431 2328 524 2389 poetae
541 2325 700 2376 sententiam.
719 2323 818 2373 Gellius
836 2325 857 2385 l,
868 2326 909 2376 20.
924 2322 951 2388 [ᾗ
960 2325 986 2385 6]
1005 2322 1100 2385 „Qum
1116 2327 1143 2372 et
1157 2320 1238 2372 Luna
1255 2321 1339 2373 orbem

216 2407 294 2441 suum
313 2391 408 2441 lustret
423 2398 521 2459 septem
539 2397 565 2442 et
581 2394 681 2456 uiginti
698 2392 815 2442 diebus.“
838 2391 1034 2452 OvidFastII,
1048 2393 1103 2442 115.
1127 2388 1225 2452 ‚‚Luua
1242 2405 1343 2440 nouum

218 2460 303 2509 dedu
324 2460 451 2524 implerat
467 2463 592 2510 cornibus
616 2460 727 2510 orbem.“
761 2460 831 2509 Idem
848 2460 950 2511 Metam.
968 2459 1004 2523 11,
1022 2460 1080 2510 453.
1115 2458 1199 2520 „Orbe
1216 2474 1343 2524 resurge·

217 2528 283 2577 baut
300 2526 410 2578 lunaria
428 2543 533 2579 cornito
550 2530 648 2578 uouo.“
682 2528 800 2578 Tibullus
817 2529 852 2589 ΙΙ,
870 2530 893 2579 1.
913 2531 947 2590 [v.
968 2528 1008 2589 17]
1031 2532 1077 2591 „et
1093 2527 1189 2591 qualis,
1206 2531 1238 2576 ut
1254 2526 1340 2577 orbem

219 2592 371 2660 complevit,
389 2598 472 2645 uersis
489 2595 567 2645 Luna
585 2599 704 2646 recurrit
719 2598 819 2662 equis.“
843 2595 991 2661 Propertius
1001 2594 1038 2658 ΙΙ,
1049 2597 1088 2646 16.
1099 2595 1184 2659 [ati]
1203 2595 1341 2661 „Septima

217 2665 272 2778 gam
289 2661 384 2778 plenae
402 2662 543 2780 dedissitur
560 2663 643 2713 orbita
661 2664 767 2781 ἱππεῖ
784 2663 951 2782 05315οέ1511]
970 2679 1028 2742 oum
1043 2661 1211 2780 Ιίδτίῧεάξὶῶἱε
1228 2664 1340 2781 reginem

217 2745 323 2859 disi
337 2736 747 2863 ‚tittttittttttts
765 2736 1090 2851 ltttttsstt‘t‘tt‘t
1107 2747 1342 2865 didisti}

217 2867 242 2914 ie
264 2867 427 2915 certissimus
450 2870 554 2928 auctor)
577 2867 664 2930 Pura,
688 2883 773 2931 usque
797 2868 897 2918 obtusos
917 2884 968 2933 per
989 2867 1091 2918 eaelum
1116 2867 1241 2919 rombus
1263 2868 1339 2920 itur

217 2931 274 3052 {21
292 2933 407 3051 Fingens(
423 2935 465 2998 11,
489 2936 547 2987 361.
582 2933 636 2999 „Ut
662 2935 752 2985 lunam
781 2940 871 3001 quarto
896 2936 1006 2986 derasam
1034 2935 1106 2985 uidet
1131 2936 1259 2986 imbribus
1279 2941 1338 2987 ortu

261 3004 334 3051 essia
354 3005 398 3051 ee!

286 3017 326 3122 db.
347 3070 406 3133 Qua
430 3075 522 3121 uotum
540 3071 630 3134 diruit]
665 3072 697 3121 In
715 3070 802 3121 eodiee
819 3071 913 3135 Regiae
931 3071 1067 3121 Soaietatis
1095 3073 1195 3130 tramit,
1219 3074 1247 3120 nt
1263 3071 1337 3125 Ovid.

216 3139 287 3189 Fast.
297 3139 319 3201 Ι,
329 3141 386 3192 596.
405 3138 646 3203 „IlleNumautiao
663 3139 741 3190 traxit
758 3142 791 3189 ab
809 3141 874 3189 urbe
886 3144 1004 3189 notam“:
1022 3139 1121 3189 Statius
1129 3137 1206 3188 Theb.
1215 3139 1270 3202 VII,
1277 3142 1334 3193 302.

218 3222 269 3271 „ae
284 3210 390 3271 primae
404 3210 553 3272 genitorem
571 3211 600 3258 in
617 3210 685 3269 flore
701 3211 825 3258 iuuentae
843 3206 1033 3273 Consequitur,
1057 3207 1186 3271 traxitque
1203 3212 1285 3270 notas,
1310 3213 1339 3259 st

217 3277 327 3324 miscuit
344 3278 455 3326 auuoa“
490 3276 583 3325 Tamen
602 3281 736 3326 stastum
754 3275 834 3325 draait
850 3291 943 3341 aeque.
962 3276 984 3325 si
1002 3292 1052 3325 non
1070 3276 1164 3340 magis,
1183 3275 1280 3340 elegans
1297 3276 1334 3326 lo-

218 3341 289 3391 eutio
307 3348 352 3404 est,
371 3346 397 3393 et
414 3345 526 3393 omnium
542 3343 594 3394 lere
613 3343 729 3393 oodieum
746 3343 875 3408 suffragiis
892 3344 993 3393 nititur.
1027 3344 1174 3407 Propertius
1191 3344 1211 3404 1,
1220 3345 1242 3395 5.
1252 3346 1283 3407 [v.
1293 3346 1334 3408 16}

218 3407 273 3472 „Et
298 3412 377 3460 timor
400 3410 542 3470 informem
566 3412 641 3461 duoet
664 3414 693 3461 in
717 3426 763 3462 ors
785 3415 899 3463 notam.“
933 3411 1011 3461 Plura
1033 3411 1091 3462 vide
1114 3411 1182 3476 apud
1204 3412 1332 3463 Nicolaum

218 3476 355 3526 Heinsium
379 3478 455 3528 Notis
479 3479 511 3528 sd
529 3479 615 3528 Ovidii
639 3480 708 3530 Fast.
726 3480 771 3540 VI,
790 3481 847 3532 649.
882 3481 923 3530 Ita
948 3479 1044 3530 ducere
1066 3479 1196 3542 colorem,
1220 3478 1331 3532 livorem.

218 3543 310 3609 Virgil.
328 3546 417 3609 Eelog.
436 3545 475 3595 IX
493 3548 533 3597 49.
569 3547 696 3608 „Duceret
722 3550 824 3614 uprier's
846 3548 1005 3598 insultibus
1022 3563 1074 3598 uua
1097 3548 1231 3598 colorem.“
1262 3549 1333 3599 Iuve-

222 3612 348 3675 molisii,
367 3614 408 3665 81.
443 3611 570 3679 „Unaque
593 3619 733 3680 conspeetu
756 3614 862 3665 livorem
885 3614 957 3665 ducit
979 3617 1012 3666 ab
1036 3618 1114 3666 uva.“
1150 3617 1243 3666 Seneca
1257 3616 1328 3668 Hero.

218 3682 280 3734 Fur.
298 3683 357 3734 347.
375 3681 468 3743 „ducet
485 3697 499 3731 e
514 3697 612 3745 genero
629 3683 731 3748 inclyto
748 3681 862 3734 Novitas
879 3684 988 3734 colorem
1005 3686 1123 3735 uostra.“

232 3756 234 3763 '
287 3752 326 3803 10.
346 3748 400 3800 Sed
416 3764 485 3814 quae
505 3747 588 3800 Tibur
605 3766 691 3815 aquae
707 3750 797 3812 fertile
813 3753 977 3816 praefluunt]
1002 3752 1045 3802 Sia
1063 3752 1129 3802 elare
1146 3750 1240 3800 habent
1254 3754 1334 3800 veter-

218 3816 280 3868 rimi
299 3817 398 3868 eodioes
417 3818 581 3878 (inserimus,
600 3819 752 3884 Reginensis
771 3835 827 3869 eum
845 3819 917 3869 aliis:
935 3819 1225 3882 Leidensisstolluuut.
1246 3818 1333 3870 Editio

221 3887 304 3951 prima
320 3887 418 3937 Veneta
436 3885 591 3948 Perfluunt,
610 3886 677 3951 quod
695 3887 786 3937 nollem
806 3888 960 3938 clarissimos
977 3888 1045 3938 viros
1061 3887 1208 3938 Fabricium
1225 3886 1330 3937 etDaoe·

218 3953 284 4003 rium
303 3955 401 4006 calculo
419 3970 464 4004 suo
482 3951 636 4019 probavisse.
653 3954 766 4005 Velleius
775 3956 923 4006 Paterculus
931 3956 966 4018 11,
979 3958 1035 4009 106.
1054 3955 1116 4017 „Aa
1131 3958 1228 4018 llumeu
1239 3953 1328 4019 Albim,

219 4025 267 4086 qui
292 4023 452 4075 Sernuonum
480 4021 745 4088 Hermundurumque
766 4023 834 4085 fines
867 4023 1012 4090 praefluit.“
1047 4026 1140 4076 Noster
1165 4020 1232 4074 inira
1252 4019 1325 4073 Carm.

217 4088 288 4150 XIV,
306 4094 347 4145 26.
365 4092 396 4141 de
413 4089 517 4153 duddo,
540 4089 613 4154 „Qus
635 4106 720 4155 regua
738 4091 831 4142 Dauni
852 4091 971 4157 praefluit
987 4092 1116 4159 Appuli.“
1149 4090 1238 4143 Livius
1253 4090 1271 4152 1,
1287 4093 1325 4143 45.

219 4157 246 4224 [5
265 4160 289 4221 6]
324 4159 438 4224 „Infima
456 4159 526 4209 ualle
543 4157 661 4223 praefluit
682 4157 808 4210 l’iberis.“
843 4161 886 4211 Sis
902 4160 1032 4226 praelabi,
1049 4163 1182 4227 praevehi.
1218 4159 1328 4210 Luoanue
