2834 4758
192 226 254 289 328
587 239 619 298 q.
641 238 928 286 Romanensem

277 373 371 450 Diva,
394 372 554 458 producas
575 371 737 450 subolem
761 374 958 454 Patrumque

278 460 455 557 Prosperes
477 457 606 522 decreta
627 477 725 542 super
745 456 897 538 iugandis

278 543 432 620 Feminis,
453 543 618 628 prolisque
639 561 743 608 novae
761 541 859 607 feraci

237 639 269 691 20
346 630 436 711 Lege
456 627 588 693 marita:

193 779 238 843 qui
255 779 411 828 mortalitate
427 782 504 828 exuta
520 777 590 827 eaelo
599 780 688 842 postea
702 776 790 828 donati
799 779 859 827 siut
885 774 1062 826 HiGeniteles
1071 775 1206 826 duodecim
1216 794 1344 828 numero

193 853 274 910 erant,
293 863 336 897 sex
353 861 443 907 meres,
461 850 487 896 et
497 844 736 906 totidemieminae3
754 846 874 897 Gentium
892 843 992 894 scilieet
1007 844 1194 907 maiorumdii;
1213 861 1340 910 quorum

193 917 297 965 nomina
306 914 373 965 idem
380 914 483 964 Ennius
495 914 543 963 hoc
552 913 664 963 disticho
671 913 891 978 comprehendisse
899 917 1050 962 memoratur
1059 913 1135 974 [Anu.
1145 929 1169 964 v.
1177 916 1211 965 63
1222 914 1339 976 Vahl];

191 984 287 1048 „Inna
305 981 395 1047 Vesta,
414 981 498 1043 Cerea
516 981 616 1043 Diana,
633 980 872 1044 MineruaVennr,
884 980 967 1043 Mars,
979 978 1137 1043 Mercurius,
1155 980 1232 1045 loei',
1252 980 1341 1048 Nep·

194 1057 283 1115 tunna,
303 1049 447 1113 Volcanus,
465 1049 588 1114 Apollo.“
612 1049 684 1114 Ergo
700 1050 749 1100 hoc
766 1049 848 1100 voluit
859 1048 969 1108 Ennius,
986 1064 1039 1097 non
1055 1052 1184 1098 munuum
1202 1066 1263 1100 esse
1278 1051 1338 1100 Ro·

192 1119 296 1181 mulum,
314 1119 358 1168 sed
375 1134 433 1168 eum
450 1116 500 1167 diis
516 1115 702 1167 immortalibus
720 1119 826 1167 incaelo
842 1118 933 1167 virere.
956 1117 1046 1181 Neque
1062 1115 1137 1166 aliter
1146 1117 1203 1167 eius
1211 1124 1339 1168 mentem

194 1188 291 1253 cepisse
309 1186 370 1236 olim
387 1185 542 1249 Ciceronem,
560 1185 599 1234 vcl
616 1184 676 1235 inde
693 1189 773 1250 patet,
791 1185 858 1250 quod
875 1184 950 1234 Tusc.
968 1183 1071 1239 Quaest.
1088 1185 1160 1245 1,12.
1180 1184 1209 1250 [ξ
1222 1188 1272 1249 28]
1294 1187 1340 1235 sic

194 1256 278 1306 locum
296 1255 364 1304 hunc
383 1254 509 1316 citaverit,
527 1247 682 1316 „nomano
699 1256 728 1303 in
747 1253 819 1303 caelo
839 1253 958 1303 camllt'a
975 1255 1035 1316 agit
1051 1246 1161 1314 nceum',
1179 1258 1212 1302 nt
1229 1254 1339 1315 famae

197 1325 344 1374 assentiens
362 1321 435 1371 dicit
453 1321 582 1371 linniar.⁸‘
607 1320 711 1385 Quippe
728 1321 834 1386 perinde
852 1336 906 1371 esse
923 1321 1032 1384 putarit,
1049 1324 1134 1370 utrum
1145 1321 1249 1384 poetice
1263 1337 1337 1371 cum

194 1391 247 1441 aiis
264 1389 435 1455 genitalibus,
454 1405 486 1438 an
505 1387 620 1440 absolute
638 1404 697 1439 enan
708 1388 871 1439 drisdiceret.
900 1387 978 1451 Atqui
997 1403 1045 1437 vox
1063 1388 1110 1450 dii,
1128 1403 1186 1437 cum
1202 1388 1339 1439 absolute

194 1464 220 1509 et
236 1474 282 1523 per
300 1457 458 1521 seponitur,
477 1457 536 1506 deos
546 1457 700 1506 immortales
717 1461 743 1507 et
761 1453 915 1522 ἀειγενὲτας
931 1471 1029 1520 semper
1047 1455 1183 1520 siguificat.
1221 1457 1334 1507 Eodem

194 1526 269 1576 modo
287 1530 312 1574 et
330 1524 432 1574 Servius
450 1525 483 1574 ad
500 1525 592 1590 Virgil
612 1527 674 1576 Aen.
692 1524 737 1582 VI,
756 1528 814 1576 777.
838 1524 900 1575 deos
917 1523 1034 1573 universe
1052 1524 1080 1573 in
1097 1524 1145 1573 hoc
1163 1525 1247 1574 Ennii
1267 1526 1337 1575 loeo

194 1595 395 1659 interpretatur:
413 1590 583 1656 ‚demutant
601 1594 651 1652 ait,
682 1593 843 1656 „secundum
867 1592 986 1641 Ennium
1010 1591 1143 1652 reseretur
1167 1592 1239 1642 inter
1263 1594 1338 1643 deos
1409 1600 1412 1631 l

195 1677 255 1713 mam
274 1675 323 1711 avo
342 1676 391 1711 ruo
409 1661 529 1711 Aenea.“
565 1660 615 1711 Sed
632 1661 715 1711 adhuo
733 1661 826 1711 clarius
844 1676 874 1710 cx
891 1660 1007 1709 Ausonio
1023 1659 1120 1710 discere
1136 1661 1245 1725 poteris,
1265 1662 1332 1726 qui·

196 1746 256 1781 nam
275 1729 372 1779 luerint
389 1727 430 1779 dii
444 1728 582 1793 genitales.
613 1730 639 1778 Is
657 1729 724 1778 enim
738 1729 882 1793 periocham
896 1728 932 1777 IV
949 1727 1010 1777 libri
1028 1727 1123 1777 Iliados
1141 1729 1189 1777 hoo
1207 1728 1335 1779 disticho

196 1797 332 1858 conclusit,
359 1797 500 1863 „Iuppiter
516 1799 620 1846 interea
639 1812 699 1847 cam
716 1796 755 1846 dis
773 1795 929 1861 genitalibus
946 1811 1002 1845 ana
1022 1794 1167 1846 Consilium
1185 1800 1263 1861 cogit
1281 1812 1334 1847 sea·

192 1865 288 1933 parlim
307 1866 339 1914 cle
357 1866 435 1914 rebar
451 1865 591 1915 Achiuis.“
624 1864 682 1913 Nou
707 1866 774 1913 enim
793 1864 930 1929 Indigetes,
949 1864 993 1913 sed
1010 1863 1076 1914 Deos
1094 1864 1202 1914 maiores
1219 1863 1260 1914 ibi
1279 1866 1328 1915 in·

194 1933 287 1999 telligi,
305 1933 371 1983 liber
388 1935 444 1997 ipse
461 1933 567 1982 Homeri
585 1932 682 1982 indicio
701 1936 753 1997 cst,
778 1932 903 1995 [11.A,t]
936 1926 972 1982 Oi
987 1927 1018 1982 δὲ
1033 1928 1095 1982 deal
1112 1928 1168 1998 πὰρ
1187 1930 1258 1993 Ζηνὶ
1275 1949 1331 1983 κα-

195 1998 314 2070 θήμενοι
332 1996 491 2069 ἠγορόωντο
510 1998 626 2069 riperto
645 1997 676 2050 ἒν
688 1997 806 2067 δαπέδῳ.
841 2000 965 2051 Undecim
984 1998 1052 2049 enim
1069 1999 1117 2061 illi,
1136 2016 1200 2064 quos
1218 2000 1272 2050 iam
1293 2016 1330 2051 ex

195 2070 282 2121 Ennio
300 2069 506 2130 memoravimus,
531 2068 586 2117 Iovi
604 2073 677 2118 erant
694 2084 709 2118 a
727 2068 856 2119 consiliis:
888 2067 955 2118 uude
973 2068 1079 2117 Ovidius
1097 2067 1199 2118 Metam.
1218 2068 1264 2130 VI,
1280 2071 1326 2121 ¹12.

196 2136 261 2202 „Bo
278 2154 327 2186 seco
345 2136 468 2187 caelestes
485 2136 571 2186 medio
590 2136 652 2186 Ione
676 2136 782 2185 redibas
806 2137 870 2186 altis
893 2135 1017 2201 Angusta
1039 2138 1175 2200 gravilate
1200 2137 1329 2188 sedent.“

196 2207 232 2256 Et
250 2205 356 2255 Plautus
374 2205 402 2254 in
421 2204 541 2270 Epidico,
558 2205 616 2255 Act.
626 2204 656 2253 V.
676 2204 717 2253 Sc.
729 2207 751 2255 1.
771 2207 803 2266 [v.
822 2207 848 2266 4]
867 2203 917 2267 „Si
933 2204 1056 2253 undecim
1067 2203 1127 2252 daos
1137 2210 1250 2269 praeter·
1266 2220 1331 2255 sese

194 2288 283 2323 rectem
301 2273 420 2323 adducat
437 2274 585 2338 luppiter.“
619 2272 735 2335 Denique
762 2277 788 2321 et
811 2288 841 2321 cx
859 2273 934 2322 Festo
953 2272 1035 2321 adhue
1052 2271 1163 2336 anaplius
1180 2274 1327 2335 constabit,

198 2340 331 2392 Genitalcc
345 2341 428 2391 Ennii
445 2340 508 2390 deos
524 2341 648 2390 maiorum
660 2356 713 2390 esse
730 2340 854 2404 gentium,
872 2356 923 2389 non
941 2340 999 2389 deos
1017 2355 1047 2389 ex
1064 2339 1213 2390 homiuibus
1231 2340 1326 2392 iactos.

196 2410 238 2459 Sic
257 2410 323 2458 enim
341 2409 386 2459 ille
405 2412 441 2473 [p.
459 2408 614 2470 conuelli:
631 2406 774 2472 „Genialos
786 2409 860 2473 (lege,
877 2414 907 2458 ut
921 2412 946 2457 et
964 2407 1010 2456 alii
1024 2407 1151 2470 viderunt,
1173 2408 1327 2471 Genitales)

197 2477 259 2528 deos
276 2477 406 2526 dicerunt
423 2477 537 2541 Aquam,
559 2474 677 2539 Teanam,
695 2476 795 2540 Ignem
813 2476 924 2525 Aiiem:
943 2491 974 2525 ea
992 2478 1062 2524 enim
1078 2481 1143 2525 sunt
1158 2479 1262 2526 semina
1281 2494 1326 2527 re-

195 2560 264 2607 num,
283 2560 351 2609 qaae
372 2543 536 2595 Graecorum
555 2543 606 2593 alii
622 2545 758 2610 Στοιχεῖα,
784 2543 834 2593 alii
856 2542 1006 2611 Σπέρματα
1029 2548 1135 2593 vocant.
1170 2544 1325 2596 Duodecim

196 2615 399 2677 quoqaecigna,
417 2609 522 2661 Lanam
541 2610 663 2662 etSolcm
681 2614 752 2661 inter
770 2613 817 2660 iios
830 2611 1119 2677 deosconeputabant.“
1143 2611 1215 2662 Haec
1235 2617 1325 2663 autem

196 2695 227 2730 ex
245 2680 372 2729 sententia
389 2679 555 2744 Physicorum
573 2679 650 2741 dicit,
683 2679 727 2743 qui
749 2679 879 2743 vulgarem
897 2679 1061 2743 Theologiam
1088 2679 1118 2729 de
1133 2679 1279 2730 Elemeutis
1297 2686 1326 2732 et

196 2747 278 2796 Astris
296 2745 432 2809 allegorice
450 2744 619 2810 exponebant.
653 2748 798 2812 Numquam
815 2753 901 2797 tamen
919 2748 1049 2812 Indigetes
1067 2746 1134 2808 deos,
1152 2747 1196 2797 sed
1213 2753 1324 2798 natura·

195 2815 232 2865 les
250 2813 373 2863 duntaxat
391 2817 417 2863 et
434 2818 549 2863 aeternos
567 2815 696 2879 allegoriis
718 2816 770 2864 suis
789 2832 818 2865 eo
835 2815 977 2867 trahebant.
1014 2814 1063 2864 Sed
1081 2820 1217 2881 utcumque
1236 2817 1321 2867 Ennii

195 2880 272 2932 rerba
289 2882 426 2946 acceperis,
445 2882 497 2931 sive
516 2882 546 2931 de
564 2883 612 2947 his,
631 2899 675 2933 seu
693 2882 725 2935 de
741 2883 807 2943 illis3
825 2883 889 2933 illud
907 2883 967 2933 inde
982 2886 1049 2933 recte
1068 2883 1182 2947 colligas,
1201 2884 1245 2933 vix
1263 2885 1323 2935 fieri

159 2978 167 2999 ι
196 2966 269 3018 posse
295 2954 324 2999 ut
342 2949 425 2999 Diana
442 2951 547 3015 proprio
566 2951 715 3015 cognomine
735 2950 864 3001 Genitalis
881 2951 1009 3016 appellata
1032 2951 1073 3000 sit.
1110 2951 1212 3016 Quippe
1230 2952 1259 3001 id
1277 2968 1322 3002 vo·
1411 2970 1412 2975 ¹

196 3019 324 3082 nabulum,
342 3018 364 3068 si
382 3018 511 3083 Indigetes
529 3024 608 3080 notet,
628 3018 658 3068 de
672 3019 756 3068 Diana
773 3035 824 3069 uon
843 3020 960 3080 omnin03
985 3020 1007 3069 si
1030 3019 1138 3069 maiores
1156 3019 1229 3082 illos,
1255 3036 1324 3085 quos

195 3088 317 3139 Hetrusci
335 3084 472 3137 Consentes
490 3087 621 3149 vocabant,
640 3086 671 3136 de
689 3101 718 3135 ea
736 3087 790 3136 sola
814 3087 866 3136 dici
890 3103 939 3136 non
964 3090 1055 3151 potest.
1091 3087 1127 3136 Ut
1145 3103 1226 3152 neque
1245 3088 1322 3154 illud,

196 3155 263 3222 qnod
282 3156 308 3204 in
327 3153 425 3205 duobus
434 3153 566 3218 crispinae
575 3155 685 3203 nummis
694 3155 806 3204 occurrit
815 3154 882 3219 apud
891 3153 1092 3217 Mediobarbum,
1110 3155 1165 3205 DIS
1176 3155 1321 3206 GENITA·

196 3222 313 3283 LIBUS;
332 3238 389 3272 num
400 3222 422 3272 si
432 3222 556 3273 Lucinam
570 3222 744 3272 tantummodo
754 3227 780 3272 et
797 3222 852 3272 eius
865 3223 1013 3272 comitatum
1022 3238 1052 3272 eo
1061 3223 1164 3274 nominc
1174 3223 1323 3288 signassent

196 3289 317 3349 Romani3
336 3306 387 3339 non
397 3289 461 3353 DIS,
480 3290 523 3339 sed
533 3289 666 3339 DEABUS
676 3289 765 3354 utique
775 3290 906 3342 dixissent.
926 3290 994 3346 Quid
1005 3307 1065 3356 ergo
1079 3290 1139 3340 fieti
1157 3291 1274 3356 inquies:
1293 3297 1321 3343 et

197 3372 246 3422 quo
257 3362 332 3421 pecto
342 3373 371 3406 ex
381 3357 460 3407 tantis
479 3357 590 3408 tenebris
606 3358 634 3408 in
644 3357 726 3408 lucem
735 3359 836 3409 tandem
847 3359 1018 3423 emergamus?
1036 3358 1162 3424 Equidem
1170 3358 1255 3410 locum
1266 3377 1321 3410 esse

197 3429 343 3489 corruptum
362 3428 596 3475 etoontaminatum
614 3426 739 3488 existimo,
757 3427 797 3477 vel
814 3427 979 3492 potiuscerto
997 3427 1057 3476 scio.
1083 3427 1225 3478 Lenissima
1234 3434 1319 3478 autem

195 3491 338 3544 mutatione
362 3508 445 3542 veram
463 3492 566 3542 Horatii
585 3509 686 3545 manum
704 3510 755 3544 non
773 3495 921 3544 dubitanter
938 3510 1073 3559 agnosces:
1103 3493 1180 3558 „litte
1197 3503 1321 3546 maiorue

197 3562 303 3628 aperire
320 3565 416 3626 pactus
435 3559 520 3623 lenia,
541 3561 659 3628 ilithyia,
679 3567 753 3612 tam
770 3568 883 3625 μιαίνεις
909 3562 970 3614 Sine
988 3567 1017 3612 tu
1034 3560 1140 3612 Lucina
1156 3565 1256 3629 probas
1275 3579 1319 3613 co·

197 3631 263 3690 cari,
283 3628 336 3679 Sea
355 3627 521 3694 Genstyllis.“
558 3627 703 3696 Gcnctyllis
726 3629 793 3683 enim
817 3629 886 3695 apud
910 3632 1019 3680 Graecos
1043 3630 1151 3681 Dianae
1168 3647 1319 3696 cognomen,

197 3713 211 3747 a
228 3695 332 3764 γενέσει
350 3696 373 3746 ei
390 3695 509 3759 inditum,
529 3697 590 3762 quia
607 3696 731 3762 partubus
748 3698 923 3763 praesidebat:
954 3698 1000 3748 alii
1017 3698 1119 3762 quidem
1137 3698 1164 3749 id
1183 3700 1215 3749 ad
1234 3699 1317 3749 Vene-

196 3781 252 3816 rem
271 3764 430 3826 reserebant3
459 3765 502 3815 sed
520 3765 618 3832 priores
637 3769 738 3815 secutus
756 3771 794 3816 cst
812 3770 906 3816 auctor:
943 3766 1049 3817 Suidas:
1080 3765 1240 3825 Γενετυλλῐς,
1261 3764 1319 3817 ‹lai-

195 3850 258 3900 μων
275 3830 338 3900 περὶ
355 3831 406 3896 τὴν
422 3832 595 3903 Αφροδίτην,
614 3831 745 3900 γενέσεως
763 3829 858 3892 αἴτιος,
889 3828 942 3884 ἀπὸ
969 3835 1018 3896 τῆς
1034 3832 1164 3900 γενέσεως
1181 3836 1239 3885 τῶν
1256 3832 1317 3884 nal-

197 3897 254 3950 δων
272 3895 463 3969 ὠνομασμένη.
501 3899 647 3963 πεποίηται
672 3897 701 3952 dl
726 3898 757 3950 τὸ
786 3895 874 3968 ὄνομα
899 3897 975 3969 παρὰ
994 3897 1043 3963 τὴν
1066 3900 1181 3968 γένεσιν.
1221 3898 1258 3952 Oi
1280 3900 1318 3964 dl,

195 3964 257 4037 περὶ
275 3966 325 4030 τὴν
344 3971 506 4019 APTEMlN
524 3983 596 4036 φασι
620 3966 668 4024 τὰς
691 3970 748 4018 τῶν
771 3971 890 4021 τοκετῶν
915 3965 1053 4038 ἐφόρους,
1078 3967 1123 4020 καὶ
1147 3967 1229 4021 πάλιν
1255 3969 1317 4038 περὶ

196 4034 261 4101 (lege
279 4032 363 4103 παρὰ)
382 4033 432 4097 τὴν
449 4035 563 4102 γένεσιν.
599 4037 754 4103 Genetyllis‚
773 4037 837 4102 dea,
869 4036 980 4087 Veneris
1005 4052 1102 4100 comer,
1132 4041 1318 4102 generationis

197 4108 299 4163 auctor,
319 4119 335 4153 a
353 4119 415 4153 voce
432 4103 536 4169 γένεσις
554 4104 634 4155 dicta.
670 4104 727 4154 Alii
750 4104 932 4171 Genctyllidas
955 4105 1052 4155 Dianae
1080 4109 1187 4156 comites
1215 4107 1316 4173 elicient,

194 4174 324 4234 partianm
340 4170 485 4234 praesides,
504 4187 521 4221 a
538 4187 601 4222 voce
617 4170 730 4238 γένεσις,
748 4178 779 4222 nt
796 4178 890 4235 antea,
916 4172 1073 4238 appellatas.
1110 4175 1195 4225 Locus
1218 4175 1316 4225 Aristo·
