2840 4752
419 325 603 373 sunnonun
623 327 692 392 nm,
705 327 740 372 11.
764 320 788 371 o.

103 459 279 524 Instituunt
301 458 361 534 (sic
381 460 442 524 Dis
463 458 628 544 placitum)
650 465 686 524 tu
708 459 857 526 carminis
879 468 948 527 esto

103 544 316 628 Principium:
339 545 458 608 Romae
468 549 496 622 *)
520 564 704 631 sponsorem
727 565 778 611 me
801 551 904 630 rapis:
926 546 994 630 Eia,

102 631 154 695 Ne
177 631 264 714 prior
286 628 388 694 officio
411 628 582 712 quisquam
604 630 805 716 respoudeat,
828 650 944 712 urguo:

61 729 90 778 ar
107 715 182 780 Sive
205 714 322 796 Aquilo
344 713 429 778 radit
450 720 562 792 terras,
586 735 643 782 seu
667 716 779 781 bruma
800 713 938 782 nivalem

103 799 259 865 Interiore
281 798 365 864 diem
389 819 469 884 gyro
491 799 597 879 trabit,
620 799 666 865 ire
690 820 822 867 necesse
844 806 902 866 ost.

104 885 289 959 Postmodo,
312 883 398 967 quod
419 890 464 949 ml
486 885 578 963 obsit,
605 886 689 950 clare
711 895 895 968 certumque
917 886 1032 961 locuto,

102 969 306 1036 Luctandum
328 969 361 1034 iu
384 970 487 1048 turba,
511 977 543 1036 et
564 969 710 1036 iacienda
731 969 848 1037 iniuria
870 970 978 1036 tardis.

106 1054 193 1133 Quid
208 1054 265 1119 tibi
281 1053 339 1132 vis,
361 1054 483 1132 insane,
507 1062 539 1120 ct
560 1075 656 1137 quam
678 1075 745 1120 rem
761 1054 856 1136 agis?
877 1055 1030 1141 inprobus
1045 1060 1162 1137 urguet

61 1153 93 1203 30
107 1138 204 1206 Iratis
225 1137 384 1273 precibus.
428 1145 464 1204 tu
484 1140 595 1226 pulses
617 1140 819 1237 omnaquod
841 1140 954 1216 obstat,
1055 1226 1061 1236 ι

114 1241 138 1276 r.
158 1226 200 1276 28.
248 1224 300 1288 ulg.
319 1223 410 1287 Turba,
429 1224 476 1275 rae.
512 1225 816 1288 circumsisionem,
835 1233 860 1275 et
877 1242 944 1292 quac
960 1241 1003 1276 res
1020 1240 1084 1290 agis.

110 1326 152 1377 28.
188 1323 356 1376 sacrandam
374 1329 402 1376 r'a
422 1328 516 1388 turba,·
533 1326 668 1390 facr‘enda]
696 1327 783 1377 Scribe
800 1342 830 1378 ex
847 1326 996 1377 Bersmanni
1013 1324 1161 1374 Pulmanui·

60 1409 89 1443 ue
108 1393 254 1454 codicibus,
273 1394 415 1458 nostrisque
433 1395 465 1443 ad
481 1411 559 1444 unum
578 1395 707 1456 omnibus,
726 1399 751 1445 et
768 1393 850 1445 tribus
868 1394 1023 1445 editionibus
1041 1393 1161 1451 vetustis;

60 1460 230 1512 ductantium
248 1464 276 1512 in
287 1464 372 1522 tarta,
391 1478 425 1510 nr
436 1462 561 1523 facienda
573 1465 675 1512 iniarr‘a
689 1463 802 1514 tardir.“
826 1463 901 1528 Piget
918 1478 978 1512 saue
995 1467 1046 1512 tam
1063 1462 1162 1512 minuta

60 1545 194 1579 remorare:
218 1529 261 1578 ssd
280 1529 341 1593 quid
358 1530 455 1579 facies?
481 1531 535 1580 Iam
560 1533 632 1595 pensi
651 1531 726 1580 sernel
743 1530 855 1596 suscepti
872 1531 938 1580 ratio
956 1530 1050 1594 exigit,
1074 1536 1103 1579 ut
1120 1529 1162 1579 rel

60 1612 119 1647 arsa
138 1597 229 1648 menda
246 1613 303 1647 cum
320 1598 420 1662 magnis
437 1597 519 1649 simili
533 1599 597 1650 falce
615 1599 767 1649 recidantur.

110 1666 151 1717 29.
187 1664 259 1728 ausa
276 1668 315 1716 cir
340 1669 446 1723 insane,
471 1672 585 1731 atquae
608 1683 650 1717 res
668 1670 737 1731 agis]
773 1667 803 1715 ln
827 1666 920 1716 nostris
949 1663 1067 1715 omnibus
1084 1680 1161 1715 mem·

60 1733 138 1794 ranis,
157 1734 230 1795 (adde
248 1732 270 1783 si
287 1735 333 1793 ris,
352 1739 377 1784 et
395 1733 509 1797 aliorum,
528 1734 576 1784 etsi
593 1734 644 1801 ipsi
663 1738 772 1788 taceantt
790 1750 874 1785 versus
892 1733 935 1784 hic
953 1733 989 1782 sie
1008 1732 1076 1782 ultra
1093 1748 1162 1783 men·

59 1817 127 1850 iram
139 1801 264 1851 excurrit:
283 1801 373 1865 „Quid
385 1817 439 1851 rrnr
451 1804 490 1852 ais
508 1804 609 1865 insane,
628 1807 654 1853 et
664 1819 730 1868 araas
746 1818 788 1852 ros
802 1804 880 1866 agis?
897 1801 1033 1866 improbar
1050 1804 1160 1865 arget“:

59 1869 116 1919 lnde
134 1870 269 1934 prosario
287 1875 455 1920 correctorum
476 1875 551 1935 captu
570 1870 648 1920 variis
665 1869 746 1920 modis
763 1869 932 1934 interpolatus
950 1874 996 1918 est.
1031 1868 1092 1918 Tres
1110 1868 1163 1932 pri·

59 1953 99 1987 rae
117 1936 242 1987 editiones
260 1937 296 1987 sic
314 1937 445 1999 dederunt,
463 1939 503 2002 roi
523 1941 582 2003 agis
599 1940 686 1997 eiecto,
705 1937 794 2001 „Qrsr'd
807 1939 857 1987 sios
868 1939 915 2001 cis,
934 1940 1036 2000 insano,
1055 1941 1082 1986 et
1098 1951 1163 2000 quus

59 2010 105 2057 es?
131 2007 267 2069 improbus
284 2009 390 2070 arget.“
425 2009 458 2055 At
481 2006 544 2056 editi
561 2015 620 2072 post
637 2006 727 2056 Aldum
745 2006 906 2056 retinuerunt
924 2001 954 2054 ri
974 2006 1047 2069 agai,
1071 2010 1097 2054 et
1115 2006 1165 2054 tibi

60 2073 130 2122 otius
148 2074 315 2135 excluserunt,
333 2072 424 2137 ,‚()uid
441 2079 488 2133 vir,
507 2077 607 2136 insane,
626 2079 651 2123 st
668 2090 734 2139 araur
752 2090 793 2123 res
811 2076 889 2138 agis?
905 2073 1041 2138 improbas
1058 2074 1163 2137 urget.“

59 2155 123 2205 aque
141 2141 191 2191 iarn
208 2140 285 2191 lectio
302 2156 348 2207 per
365 2142 531 2206 interpretum
549 2142 698 2207 patientiam
717 2145 820 2207 impune
838 2140 1021 2191 circumfertur.
1047 2139 1085 2188 Tu
1097 2155 1163 2201 roro,

59 2209 65 2258 i
84 2224 124 2258 me
141 2209 237 2269 audies,
256 2209 292 2258 sic
309 2209 414 2274 posthac
433 2210 516 2259 locum
534 2210 653 2275 rsflngss:
673 2209 763 2273 „Quid
779 2225 833 2258 nnn
852 2212 903 2273 aa,
922 2211 1024 2271 insane,
1043 2212 1163 2260 stouras

58 2291 103 2326 nar
122 2279 199 2341 agis?
216 2279 350 2341 improbus
368 2279 473 2341 urget.“
499 2277 570 2341 Quid
588 2279 636 2328 rias
652 2283 691 2328 vis
708 2279 802 2344 passim
820 2277 887 2393 apud
905 2276 1019 2326 (lomicos
1037 2275 1163 2326 occurrit:

58 2350 69 2395 t
89 2340 119 2394 sd
140 2345 188 2395 tibi
204 2345 638 2411 nullopactobinepotestabesse3
657 2346 803 2411 praesertim
821 2361 838 2394 u
857 2345 866 2395 i
884 2347 978 2394 insane
995 2345 1019 2394 ei
1037 2343 1163 2394 adhaeret.

58 2413 134 2463 ticero
152 2413 183 2463 dc
201 2413 313 2473 Oratore,
331 2413 365 2474 11,
384 2416 424 2465 di.
449 2415 475 2476 [ᾗ
494 2415 553 2476 269]
588 2414 678 2478 „Ouid
694 2414 742 2464 tibi
761 2414 813 2475 vis,
832 2416 933 2478 inquit,
951 2404 1164 2462 inraaatbanta

58 2488 84 2531 at
101 2480 232 2530 saelorum
250 2479 393 2531 scortando
411 2485 516 2542 cior'rrm,
535 2488 566 2531 al
575 2486 670 2548 parteis
688 2485 766 2532 annis
784 2482 820 2532 ad
836 2483 968 2531 inarimos
984 2481 1112 2545 pecunias
1129 2482 1165 2529 sir

61 2552 199 2599 erstrarrss.‘⁴
234 2549 389 2614 Propertius,
408 2550 435 2608 1,
453 2553 477 2601 5.
495 2566 519 2601 r.
538 2552 560 2601 3-
596 2550 681 2611 „Quid
699 2551 748 2600 tibi
767 2550 819 2611 ris,
845 2549 954 2598 insane?
978 2563 1049 2597 meos
1067 2550 1166 2597 scotis-c

58 2616 186 2667 irrorer?“
212 2617 314 2667 Persius
331 2616 362 2667 V.
381 2634 403 2668 v.
424 2620 480 2670 143.
507 2632 576 2682 „arao
595 2619 702 2680 deinde,
721 2620 818 2678 insane,
836 2619 910 2666 rra's?
933 2618 1004 2682 qao?
1030 2614 1098 2671 Quid
1115 2615 1165 2665 tibi

61 2686 119 2734 is?“
145 2684 213 2735 Illud
237 2701 295 2734 vero
319 2699 398 2750 quarn
421 2701 477 2735 rem
501 2689 573 2751 ogis,
600 2686 653 2736 noli
678 2685 807 2746 dubitare,
832 2685 894 2749 quin
918 2683 950 2733 ab
968 2684 1070 2733 Horatii
1089 2698 1165 2732 manu

58 2752 135 2802 uerit:
165 2753 231 2817 quod
250 2757 432 2818 corruperunt,
457 2753 546 2815 credo,
570 2753 624 2816 iili,
644 2754 735 2819 quibus
753 2754 839 2804 durior
857 2768 909 2803 esse
928 2754 982 2801 risa
999 2755 1037 2802 est
1055 2750 1165 2817 syllabae

59 2820 128 2871 lisio.
164 2821 242 2885 Atqui
261 2820 346 2871 eodem
364 2822 438 2871 modo
456 2821 561 2871 eliditur
579 2823 697 2873 Sermone
715 2823 750 2883 ΙΙ,
770 2824 792 2874 l.
811 2838 833 2869 r.
852 2824 893 2873 dl.
928 2819 1096 2885 „Commium
1113 2834 1165 2869 rem

58 2903 150 2939 *maora
168 2895 193 2938 et
210 2892 305 2952 ailam,
332 2894 358 2939 st
381 2904 440 2938 oum
459 2905 570 2955 corpore
586 2889 713 2950 famorn.“
748 2887 835 2954 Neque
853 2888 927 2938 aliter
944 2890 1036 2938 Po'etas
1055 2886 1165 2947 Comici3

58 2962 75 3006 rt
93 2956 226 3007 Terentius
243 2956 352 3022 Adelph.
371 2958 420 3019 Ill,
439 2958 463 3008 Ι.
481 2974 504 3008 r.
523 2960 564 3010 45.
600 2957 679 3022 „Noa
697 2956 805 3018 faciam.
838 2956 909 3020 Quid
925 2958 1003 3020 agis?
1019 2954 1165 3016 Proferam.

58 3025 125 3089 iem,
150 3041 208 3074 moa
226 3023 363 3088 Sostrata,
389 3025 449 3076 os'dc
466 3040 540 3090 quarn
558 3042 610 3076 rom
628 3029 714 3091 agas.“
750 3026 888 3075 Heautont.
906 3024 927 3084 I,
949 3026 969 3074 l.
989 3039 1010 3072 r.
1030 3025 1069 3075 37.
1106 3038 1167 3084 „ra-

61 3098 117 3143 tros
134 3095 236 3143 interea
255 3098 342 3143 tornea
360 3092 487 3159 dysporo,
513 3110 547 3143 ne
564 3094 665 3145 labora.
701 3093 818 3144 Minime.
854 3091 934 3148 Quam
952 3107 1005 3141 rem
1023 3091 1113 3156 agisr‘
1141 3095 1167 3140 et

58 3160 91 3221 V,
110 3162 134 3212 4.
151 3177 173 3210 r.
195 3163 233 3212 18.
269 3160 325 3225 „Ec
344 3161 509 3211 tradaccnda
528 3166 572 3213 cst.
609 3161 690 3217 Quam
707 3177 759 3212 rem
777 3161 846 3225 agis,
864 3160 968 3209 sosias?
990 3157 1096 3223 Egon’?
1123 3173 1166 3208 ar·-

58 3233 156 3286 rentam
175 3229 269 3279 cado.“
304 3234 329 3278 et
346 3227 376 3289 V,
404 3232 425 3280 l.
450 3246 472 3278 v.
492 3231 532 3281 69.
568 3229 629 3294 „Me
652 3246 710 3280 msa
730 3232 818 3280 omnia
837 3230 905 3279 bona
925 3227 983 3278 dots·
999 3227 1099 3276 ducisse
1116 3226 1166 3277 ilii.

58 3298 129 3353 luam
145 3313 196 3347 rem
215 3296 303 3360 agisd‘
327 3296 434 3347 Plautus
452 3297 581 3349 Menaech.
599 3300 621 3358 1,
639 3299 662 3350 2.
681 3314 703 3347 r.
723 3300 746 3350 6.
776 3295 851 3361 „Quo
870 3311 918 3358 ego
937 3311 1003 3359 eam,
1022 3309 1097 3360 quam
1115 3310 1167 3344 rem

58 3380 128 3429 egam,
148 3364 213 3430 qaid
228 3362 451 3429 negatigeramf‘
476 3365 555 3415 Plura
567 3372 628 3415 sunt
647 3367 674 3416 iu
693 3370 794 3431 promtu
805 3363 933 3430 exempls;
951 3363 994 3413 sed
1011 3363 1073 3413 haec
1091 3365 1167 3412 satis:

58 3432 114 3482 rude
133 3431 162 3482 dc
181 3431 262 3482 tribus
278 3432 406 3483 Torrentii
424 3432 554 3483 codicibus
572 3433 696 3485 iudicium
715 3435 779 3484 lerrc
796 3433 893 3499 possis3
910 3432 954 3497 qui
972 3432 1008 3481 sic
1026 3430 1167 3482 habebant:

58 3499 138 3563 ,Quid
154 3503 203 3551 rici
219 3503 276 3553 ais?
294 3516 361 3566 qaas
373 3517 414 3551 ras
427 3504 494 3565 agis,
512 3504 625 3553 insane?
643 3505 779 3568 iasprodas
792 3503 896 3564 arget.“
922 3499 1047 3561 Proiecto,
1066 3500 1088 3549 si
1106 3499 1168 3548 haec

58 3584 134 3617 rorum
151 3568 227 3619 lectio
245 3573 314 3633 erat,
337 3574 363 3618 et
379 3584 431 3618 non
448 3569 530 3633 ipsius
548 3571 633 3635 potius
650 3570 760 3620 hominis
778 3568 933 3626 emendatio;
958 3567 1038 3617 multo
1055 3567 1167 3617 omniurn

58 3636 152 3686 rossirni
170 3641 242 3686 erant
259 3640 285 3686 et
303 3637 548 3687 contaminatissimi.

117 3706 156 3757 30.
191 3705 330 3770 [mprobus
347 3710 428 3768 urget
444 3705 526 3755 laetis
542 3706 674 3772 precibus]
707 3704 799 3754 Daniel
814 3703 946 3762 Heinsius,
964 3701 1104 3766 „Omnino
1122 3701 1169 3762 ait,

58 3772 214 3822 :eradendam
233 3778 278 3834 art,
296 3772 435 3837 improbas
453 3778 539 3838 urget,
558 3775 649 3835 iratus,
664 3774 820 3839 pr·ccidas“:
844 3770 983 3820 infeliciter
1001 3785 1067 3831 sane,
1087 3784 1168 3834 neque

58 3857 95 3904 rro
119 3845 200 3891 cetera
222 3839 321 3906 ingenii
345 3845 370 3890 et
394 3841 548 3892 cruditionis
572 3841 646 3891 lama.
687 3840 760 3890 Nihil
786 3838 840 3890 cius
867 3838 1021 3888 corrections
1048 3836 1167 3899 deterius,

58 3907 114 3958 rihil
132 3914 232 3974 recepta
249 3909 357 3959 lectione
376 3908 524 3974 elegantius.
560 3909 602 3960 Sic
620 3908 739 3970 Tacitus,
761 3923 853 3974 preces
872 3911 1052 3969 contumaces,
1076 3905 1168 3955 Annal.

58 3978 91 4039 ΙΙ,
116 3979 154 4028 57.
196 3975 377 4042 „Responsum
405 3992 421 4026 a
447 3978 542 4028 Pisone
566 3975 684 4044 precibus
710 3973 914 4033 contumacibus3
942 3973 1170 4038 discesseruntque

58 4048 150 4110 sportis
167 4045 259 4096 odiir.“
286 4045 368 4095 iratis
385 4049 469 4095 autem
479 4045 585 4110 figurate
603 4046 712 4105 dictum;
730 4049 760 4094 ut
771 4042 898 4093 Martialis
916 4041 971 4104 [XL
988 4043 1028 4100 85.
1048 4043 1088 4104 15]
1111 4041 1169 4091 lra-

58 4112 294 4177 randirangaibas,
311 4112 440 4163 Iuvenalis
459 4116 509 4176 [13‚
520 4115 563 4176 93]
580 4116 651 4164 irata
669 4115 757 4176 sistro,
775 4111 922 4178 Propertius
940 4110 991 4172 [111
1000 4108 1062 4171 (IV),
1074 4111 1115 4170 25,
1127 4111 1168 4172 10]

57 4185 122 4232 rora
139 4197 219 4231 muna
238 4180 343 4244 [illivs
362 4182 386 4244 9,
396 4182 453 4244 621,
478 4185 576 4232 iratam
594 4184 679 4242 ritim3
706 4179 793 4231 etalii
811 4179 869 4230 alia.

101 4264 125 4329 *r
144 4263 265 4327 [Romam
279 4282 299 4319 ee
310 4279 333 4318 or
346 4287 413 4326 mars.
429 4263 533 4336 „Vola
542 4263 662 4321 Romae“
680 4284 711 4324 ee.
722 4281 782 4329 rnr;
795 4262 898 4318 Romae
910 4270 1169 4324 sperassenapmsn

909 4347 965 4401 32*
