<?xml version="1.0" encoding="UTF-8"?>
<!DOCTYPE html PUBLIC "-//W3C//DTD XHTML 1.0 Transitional//EN"
    "http://www.w3.org/TR/xhtml1/DTD/xhtml1-transitional.dtd">
<html xmlns="http://www.w3.org/1999/xhtml" xml:lang="en" lang="en">
 <head>
  <title>
</title>
<meta http-equiv="Content-Type" content="text/html;charset=utf-8" />
  <meta name='ocr-system' content='tesseract 3.04.00' />
  <meta name='ocr-capabilities' content='ocr_page ocr_carea ocr_par ocr_line ocrx_word'/>
</head>
<body>
  <div class='ocr_page' id='page_1' title='image "./qhoratiusflaccu02bentgoog_0208.png"; bbox 0 0 2810 4764; ppageno 0'>
   <div class='ocr_carea' id='block_1_1' title="bbox 395 275 837 329">
    <p class='ocr_par' dir='ltr' id='par_1_1' title="bbox 395 275 837 329">
     <span class='ocr_line' id='line_1_1' title="bbox 395 275 837 329; baseline -0.002 0"><span class='ocrx_word' id='word_1_1' title='bbox 395 280 574 329; x_wconf 76' lang='lat' dir='ltr'><strong>caunmun</strong></span> <span class='ocrx_word' id='word_1_2' title='bbox 588 279 656 328; x_wconf 86' lang='lat' dir='ltr'><strong>LIB.</strong></span> <span class='ocrx_word' id='word_1_3' title='bbox 672 279 722 327; x_wconf 88' lang='lat'>111.</span> <span class='ocrx_word' id='word_1_4' title='bbox 736 275 775 328; x_wconf 80' lang='grc'><strong>28.</strong></span> <span class='ocrx_word' id='word_1_5' title='bbox 796 276 837 328; x_wconf 76' lang='lat'><strong>29.</strong></span> 
     </span>
    </p>
   </div>
   <div class='ocr_carea' id='block_1_2' title="bbox 147 413 728 501">
    <p class='ocr_par' dir='ltr' id='par_1_2' title="bbox 147 413 728 501">
     <span class='ocr_line' id='line_1_2' title="bbox 147 413 728 501; baseline -0.007 -17"><span class='ocrx_word' id='word_1_6' title='bbox 147 418 288 485; x_wconf 84' lang='lat' dir='ltr'>Prudens</span> <span class='ocrx_word' id='word_1_7' title='bbox 310 414 413 482; x_wconf 84' lang='lat' dir='ltr'><strong>futuri</strong></span> <span class='ocrx_word' id='word_1_8' title='bbox 433 413 586 501; x_wconf 90' lang='lat' dir='ltr'><strong>temporis</strong></span> <span class='ocrx_word' id='word_1_9' title='bbox 608 414 728 481; x_wconf 83' lang='lat' dir='ltr'><strong>exitum</strong></span> 
     </span>
    </p>
   </div>
   <div class='ocr_carea' id='block_1_3' title="bbox 107 500 706 586">
    <p class='ocr_par' dir='ltr' id='par_1_3' title="bbox 28 476 706 586">
     <span class='ocr_line' id='line_1_3' title="bbox 107 500 706 586; baseline 0.08 -26.708"><span class='ocrx_word' id='word_1_10' title='bbox 107 517 138 568; x_wconf 82' lang='lat' dir='ltr'><strong>ao</strong></span> <span class='ocrx_word' id='word_1_11' title='bbox 151 502 332 584; x_wconf 77' lang='lat' dir='ltr'><strong>caliginosa</strong></span> <span class='ocrx_word' id='word_1_12' title='bbox 353 505 445 565; x_wconf 89' lang='lat' dir='ltr'><strong>nocte</strong></span> <span class='ocrx_word' id='word_1_13' title='bbox 466 500 582 586; x_wconf 87' lang='lat' dir='ltr'><strong>premit</strong></span> <span class='ocrx_word' id='word_1_14' title='bbox 602 502 706 582; x_wconf 86' lang='lat' dir='ltr'><strong>Deus;</strong></span> 
     </span>
    </p>
   </div>
   <div class='ocr_carea' id='block_1_4' title="bbox 109 584 935 1415">
    <p class='ocr_par' dir='ltr' id='par_1_4' title="bbox 109 584 935 1415">
     <span class='ocr_line' id='line_1_4' title="bbox 186 584 673 669; baseline -0.004 -16"><span class='ocrx_word' id='word_1_15' title='bbox 186 587 353 669; x_wconf 90' lang='lat' dir='ltr'><strong>Ridctque‚</strong></span> <span class='ocrx_word' id='word_1_16' title='bbox 375 585 403 651; x_wconf 92' lang='lat' dir='ltr'><strong>si</strong></span> <span class='ocrx_word' id='word_1_17' title='bbox 423 584 567 651; x_wconf 88' lang='lat' dir='ltr'><strong>mortalis</strong></span> <span class='ocrx_word' id='word_1_18' title='bbox 588 586 673 651; x_wconf 90' lang='lat' dir='ltr'><strong>ultra</strong></span> 
     </span>
     <span class='ocr_line' id='line_1_5' title="bbox 263 669 935 755; baseline 0.001 -17"><span class='ocrx_word' id='word_1_19' title='bbox 263 674 329 738; x_wconf 82' lang='lat' dir='ltr'><strong>Fas</strong></span> <span class='ocrx_word' id='word_1_20' title='bbox 351 670 499 755; x_wconf 82' lang='lat' dir='ltr'><strong>trepidat.</strong></span> <span class='ocrx_word' id='word_1_21' title='bbox 544 670 630 754; x_wconf 91' lang='lat' dir='ltr'><strong>quod</strong></span> <span class='ocrx_word' id='word_1_22' title='bbox 652 669 755 750; x_wconf 88' lang='lat' dir='ltr'><strong>adest,</strong></span> <span class='ocrx_word' id='word_1_23' title='bbox 777 677 935 738; x_wconf 90' lang='lat' dir='ltr'><strong>memento</strong></span> 
     </span>
     <span class='ocr_line' id='line_1_6' title="bbox 148 755 801 845; baseline -0.003 -21"><span class='ocrx_word' id='word_1_24' title='bbox 148 759 333 845; x_wconf 79' lang='lat' dir='ltr'><strong>Conponere</strong></span> <span class='ocrx_word' id='word_1_25' title='bbox 354 775 492 838; x_wconf 88' lang='lat' dir='ltr'><strong>aequus:</strong></span> <span class='ocrx_word' id='word_1_26' title='bbox 515 762 642 821; x_wconf 89' lang='lat' dir='ltr'><strong>caetera</strong></span> <span class='ocrx_word' id='word_1_27' title='bbox 662 755 801 822; x_wconf 90' lang='lat' dir='ltr'><strong>fluminis</strong></span> 
     </span>
     <span class='ocr_line' id='line_1_7' title="bbox 146 840 741 920; baseline -0.008 -10"><span class='ocrx_word' id='word_1_28' title='bbox 146 845 218 910; x_wconf 87' lang='lat' dir='ltr'>Ritu</span> <span class='ocrx_word' id='word_1_29' title='bbox 240 844 395 920; x_wconf 84' lang='lat' dir='ltr'><strong>feruntur,</strong></span> <span class='ocrx_word' id='word_1_30' title='bbox 416 860 501 905; x_wconf 90' lang='lat' dir='ltr'><strong>nuno</strong></span> <span class='ocrx_word' id='word_1_31' title='bbox 521 841 627 906; x_wconf 88' lang='lat' dir='ltr'><strong>medio</strong></span> <span class='ocrx_word' id='word_1_32' title='bbox 648 840 741 907; x_wconf 81' lang='lat' dir='ltr'><strong>alveo</strong></span> 
     </span>
     <span class='ocr_line' id='line_1_8' title="bbox 109 926 764 1014; baseline -0.008 -19"><span class='ocrx_word' id='word_1_33' title='bbox 109 943 138 994; x_wconf 75' lang='lat'><strong>35</strong></span> <span class='ocrx_word' id='word_1_34' title='bbox 191 929 273 995; x_wconf 83' lang='lat' dir='ltr'><strong>Cum</strong></span> <span class='ocrx_word' id='word_1_35' title='bbox 294 947 374 1014; x_wconf 87' lang='lat' dir='ltr'><strong>paee</strong></span> <span class='ocrx_word' id='word_1_36' title='bbox 395 926 574 993; x_wconf 81' lang='lat' dir='ltr'><strong>delabentis</strong></span> <span class='ocrx_word' id='word_1_37' title='bbox 594 926 764 991; x_wconf 84' lang='lat' dir='ltr'><strong>Etruscum</strong></span> 
     </span>
     <span class='ocr_line' id='line_1_9' title="bbox 263 1010 811 1096; baseline -0.004 -18"><span class='ocrx_word' id='word_1_38' title='bbox 263 1013 301 1078; x_wconf 91' lang='lat' dir='ltr'><strong>In</strong></span> <span class='ocrx_word' id='word_1_39' title='bbox 322 1033 420 1090; x_wconf 88' lang='lat' dir='ltr'><strong>mare,</strong></span> <span class='ocrx_word' id='word_1_40' title='bbox 442 1031 526 1077; x_wconf 89' lang='lat' dir='ltr'><strong>nunc</strong></span> <span class='ocrx_word' id='word_1_41' title='bbox 548 1010 673 1096; x_wconf 91' lang='lat' dir='ltr'><strong>lapides</strong></span> <span class='ocrx_word' id='word_1_42' title='bbox 695 1011 811 1077; x_wconf 80' lang='lat' dir='ltr'><strong>adesos</strong></span> 
     </span>
     <span class='ocr_line' id='line_1_10' title="bbox 147 1096 820 1195; baseline -0.007 -29"><span class='ocrx_word' id='word_1_43' title='bbox 147 1098 325 1184; x_wconf 82' lang='lat' dir='ltr'><strong>Stirpisque</strong></span> <span class='ocrx_word' id='word_1_44' title='bbox 347 1103 457 1182; x_wconf 85' lang='lat' dir='ltr'><strong>raptas</strong></span> <span class='ocrx_word' id='word_1_45' title='bbox 479 1102 512 1160; x_wconf 94' lang='lat' dir='ltr'><strong>et</strong></span> <span class='ocrx_word' id='word_1_46' title='bbox 532 1115 632 1195; x_wconf 87' lang='lat' dir='ltr'><strong>pecus</strong></span> <span class='ocrx_word' id='word_1_47' title='bbox 655 1101 687 1160; x_wconf 92' lang='lat' dir='ltr'><strong>et</strong></span> <span class='ocrx_word' id='word_1_48' title='bbox 708 1096 820 1162; x_wconf 89' lang='lat' dir='ltr'><strong>domos</strong></span> 
     </span>
     <span class='ocr_line' id='line_1_11' title="bbox 146 1181 758 1260; baseline -0.008 -9"><span class='ocrx_word' id='word_1_49' title='bbox 146 1184 310 1251; x_wconf 87' lang='lat' dir='ltr'><strong>Volventis</strong></span> <span class='ocrx_word' id='word_1_50' title='bbox 333 1203 406 1260; x_wconf 88' lang='lat' dir='ltr'><strong>una,</strong></span> <span class='ocrx_word' id='word_1_51' title='bbox 427 1201 492 1246; x_wconf 92' lang='lat' dir='ltr'><strong>non</strong></span> <span class='ocrx_word' id='word_1_52' title='bbox 513 1200 581 1246; x_wconf 89' lang='lat' dir='ltr'><strong>srne</strong></span> <span class='ocrx_word' id='word_1_53' title='bbox 604 1181 758 1246; x_wconf 90' lang='lat' dir='ltr'><strong>montium</strong></span> 
     </span>
     <span class='ocr_line' id='line_1_12' title="bbox 190 1266 688 1415; baseline -0.004 -81"><span class='ocrx_word' id='word_1_54' title='bbox 190 1269 338 1335; x_wconf 83' lang='lat' dir='ltr'><strong>Clamore</strong></span> <span class='ocrx_word' id='word_1_55' title='bbox 359 1266 546 1415; x_wconf 74' lang='lat' dir='ltr'><strong>vicinaeque</strong></span> <span class='ocrx_word' id='word_1_56' title='bbox 569 1266 668 1332; x_wconf 84' lang='lat' dir='ltr'><strong>silvae</strong></span> <span class='ocrx_word' id='word_1_57' title='bbox 679 1288 688 1345; x_wconf 90' lang='lat'>;</span> 
     </span>
    </p>
   </div>
   <div class='ocr_carea' id='block_1_5' title="bbox 22 1320 743 1434">
    <p class='ocr_par' dir='ltr' id='par_1_5' title="bbox 22 1320 743 1434">
     <span class='ocr_line' id='line_1_13' title="bbox 22 1320 743 1434; baseline 0.011 -25"><span class='ocrx_word' id='word_1_58' title='bbox 22 1320 24 1409; x_wconf 60' lang='grc' dir='ltr'><strong>Ῑ</strong></span> <span class='ocrx_word' id='word_1_59' title='bbox 108 1368 139 1417; x_wconf 80' lang='lat' dir='ltr'><strong>co</strong></span> <span class='ocrx_word' id='word_1_60' title='bbox 266 1353 347 1418; x_wconf 76' lang='lat' dir='ltr'><strong>Cum</strong></span> <span class='ocrx_word' id='word_1_61' title='bbox 368 1352 438 1417; x_wconf 85' lang='lat' dir='ltr'><strong>iera</strong></span> <span class='ocrx_word' id='word_1_62' title='bbox 459 1350 491 1416; x_wconf 93' lang='lat' dir='ltr'><strong>di</strong></span> <span class='ocrx_word' id='word_1_63' title='bbox 506 1350 596 1416; x_wconf 89' lang='lat' dir='ltr'><strong>uvies</strong></span> <span class='ocrx_word' id='word_1_64' title='bbox 618 1350 743 1434; x_wconf 88' lang='lat' dir='ltr'><strong>quietos</strong></span> 
     </span>
    </p>
   </div>
   <div class='ocr_carea' id='block_1_6' title="bbox 22 1424 24 1517">
    <p class='ocr_par' dir='ltr' id='par_1_6' title="bbox 22 1424 24 1517">
     <span class='ocr_line' id='line_1_14' title="bbox 22 1424 24 1517; baseline 0 0"><span class='ocrx_word' id='word_1_65' title='bbox 22 1424 24 1517; x_wconf 73' lang='lat' dir='ltr'><strong>l</strong></span> 
     </span>
    </p>
   </div>
   <div class='ocr_carea' id='block_1_7' title="bbox 145 1436 794 1779">
    <p class='ocr_par' dir='ltr' id='par_1_7' title="bbox 147 1436 701 1522">
     <span class='ocr_line' id='line_1_15' title="bbox 147 1436 701 1522; baseline -0.007 -18"><span class='ocrx_word' id='word_1_66' title='bbox 147 1438 261 1505; x_wconf 91' lang='lat' dir='ltr'><strong>inritat</strong></span> <span class='ocrx_word' id='word_1_67' title='bbox 281 1437 393 1503; x_wconf 89' lang='lat' dir='ltr'><strong>amnis.</strong></span> <span class='ocrx_word' id='word_1_68' title='bbox 438 1436 492 1502; x_wconf 91' lang='lat' dir='ltr'><strong>ille</strong></span> <span class='ocrx_word' id='word_1_69' title='bbox 513 1441 628 1522; x_wconf 91' lang='lat' dir='ltr'><strong>potens</strong></span> <span class='ocrx_word' id='word_1_70' title='bbox 650 1436 701 1502; x_wconf 91' lang='lat' dir='ltr'><strong>sui</strong></span> 
     </span>
    </p>

    <p class='ocr_par' dir='ltr' id='par_1_8' title="bbox 149 1520 790 1607">
     <span class='ocr_line' id='line_1_16' title="bbox 149 1520 790 1607; baseline -0.009 -17"><span class='ocrx_word' id='word_1_71' title='bbox 149 1527 333 1607; x_wconf 89' lang='lat' dir='ltr'><strong>Laetusque</strong></span> <span class='ocrx_word' id='word_1_72' title='bbox 355 1522 462 1603; x_wconf 82' lang='lat' dir='ltr'><strong>deget,</strong></span> <span class='ocrx_word' id='word_1_73' title='bbox 483 1520 536 1586; x_wconf 92' lang='lat' dir='ltr'><strong>cui</strong></span> <span class='ocrx_word' id='word_1_74' title='bbox 556 1522 631 1587; x_wconf 88' lang='lat' dir='ltr'><strong>licet</strong></span> <span class='ocrx_word' id='word_1_75' title='bbox 650 1522 684 1585; x_wconf 91' lang='lat' dir='ltr'><strong>in</strong></span> <span class='ocrx_word' id='word_1_76' title='bbox 705 1520 790 1587; x_wconf 92' lang='lat' dir='ltr'><strong>diem</strong></span> 
     </span>
    </p>

    <p class='ocr_par' dir='ltr' id='par_1_9' title="bbox 145 1606 794 1779">
     <span class='ocr_line' id='line_1_17' title="bbox 145 1606 721 1687; baseline -0.01 -11"><span class='ocrx_word' id='word_1_77' title='bbox 145 1672 150 1687; x_wconf 85' lang='grc'>,</span> <span class='ocrx_word' id='word_1_78' title='bbox 191 1608 332 1685; x_wconf 82' lang='lat' dir='ltr'><strong>Dixisse,</strong></span> <span class='ocrx_word' id='word_1_79' title='bbox 354 1606 462 1673; x_wconf 85' lang='lat' dir='ltr'><strong>Vixi:</strong></span> <span class='ocrx_word' id='word_1_80' title='bbox 485 1626 557 1671; x_wconf 89' lang='lat' dir='ltr'><strong>eras</strong></span> <span class='ocrx_word' id='word_1_81' title='bbox 577 1606 630 1673; x_wconf 82' lang='lat' dir='ltr'><strong>rel</strong></span> <span class='ocrx_word' id='word_1_82' title='bbox 650 1613 721 1671; x_wconf 88' lang='lat' dir='ltr'><strong>atra</strong></span> 
     </span>
     <span class='ocr_line' id='line_1_18' title="bbox 266 1692 794 1779; baseline -0.002 -22"><span class='ocrx_word' id='word_1_83' title='bbox 266 1693 360 1757; x_wconf 89' lang='lat' dir='ltr'><strong>Nube</strong></span> <span class='ocrx_word' id='word_1_84' title='bbox 380 1692 490 1779; x_wconf 88' lang='lat' dir='ltr'><strong>polum</strong></span> <span class='ocrx_word' id='word_1_85' title='bbox 511 1694 608 1760; x_wconf 89' lang='lat' dir='ltr'><strong>Pater</strong></span> <span class='ocrx_word' id='word_1_86' title='bbox 629 1696 794 1777; x_wconf 86' lang='lat' dir='ltr'><strong>occupato,</strong></span> 
     </span>
    </p>
   </div>
   <div class='ocr_carea' id='block_1_8' title="bbox 75 1840 1219 4293">
    <p class='ocr_par' dir='ltr' id='par_1_10' title="bbox 75 1840 1219 3065">
     <span class='ocr_line' id='line_1_19' title="bbox 75 1840 1185 1910; baseline -0.003 -16"><span class='ocrx_word' id='word_1_87' title='bbox 75 1845 173 1909; x_wconf 82' lang='lat' dir='ltr'><strong>dicitnr,</strong></span> <span class='ocrx_word' id='word_1_88' title='bbox 190 1846 251 1910; x_wconf 89' lang='lat' dir='ltr'><strong>quia</strong></span> <span class='ocrx_word' id='word_1_89' title='bbox 267 1845 330 1894; x_wconf 86' lang='lat' dir='ltr'><strong>fines</strong></span> <span class='ocrx_word' id='word_1_90' title='bbox 347 1848 373 1895; x_wconf 92' lang='lat' dir='ltr'><strong>et</strong></span> <span class='ocrx_word' id='word_1_91' title='bbox 389 1843 484 1894; x_wconf 88' lang='lat' dir='ltr'><strong>limites</strong></span> <span class='ocrx_word' id='word_1_92' title='bbox 501 1844 631 1894; x_wconf 77' lang='lat' dir='ltr'><strong>discernit</strong></span> <span class='ocrx_word' id='word_1_93' title='bbox 665 1846 706 1893; x_wconf 81' lang='lat' dir='ltr'><strong>An</strong></span> <span class='ocrx_word' id='word_1_94' title='bbox 723 1842 781 1893; x_wconf 90' lang='lat' dir='ltr'><strong>ideo</strong></span> <span class='ocrx_word' id='word_1_95' title='bbox 799 1841 914 1904; x_wconf 70' lang='lat' dir='ltr'><strong>aaron,</strong></span> <span class='ocrx_word' id='word_1_96' title='bbox 941 1840 1002 1906; x_wconf 91' lang='lat' dir='ltr'><strong>quia</strong></span> <span class='ocrx_word' id='word_1_97' title='bbox 1018 1841 1121 1907; x_wconf 88' lang='lat' dir='ltr'><strong>populi,</strong></span> <span class='ocrx_word' id='word_1_98' title='bbox 1140 1857 1185 1907; x_wconf 88' lang='lat' dir='ltr'><strong>per</strong></span> 
     </span>
     <span class='ocr_line' id='line_1_20' title="bbox 75 1909 1185 1979; baseline -0.003 -16"><span class='ocrx_word' id='word_1_99' title='bbox 75 1929 129 1978; x_wconf 90' lang='lat' dir='ltr'><strong>quos</strong></span> <span class='ocrx_word' id='word_1_100' title='bbox 144 1913 215 1976; x_wconf 88' lang='lat' dir='ltr'><strong>fluit,</strong></span> <span class='ocrx_word' id='word_1_101' title='bbox 239 1913 371 1963; x_wconf 86' lang='lat' dir='ltr'><strong>intestinis</strong></span> <span class='ocrx_word' id='word_1_102' title='bbox 388 1911 523 1962; x_wconf 80' lang='lat' dir='ltr'><strong>discordiis</strong></span> <span class='ocrx_word' id='word_1_103' title='bbox 541 1912 688 1979; x_wconf 89' lang='lat' dir='ltr'><strong>plerumque</strong></span> <span class='ocrx_word' id='word_1_104' title='bbox 705 1913 869 1972; x_wconf 63' lang='lat' dir='ltr'><strong>venerantum</strong></span> <span class='ocrx_word' id='word_1_105' title='bbox 893 1914 937 1959; x_wconf 86' lang='lat' dir='ltr'><strong>aut</strong></span> <span class='ocrx_word' id='word_1_106' title='bbox 954 1909 1019 1960; x_wconf 81' lang='lat' dir='ltr'><strong>sorte</strong></span> <span class='ocrx_word' id='word_1_107' title='bbox 1043 1914 1104 1959; x_wconf 91' lang='lat' dir='ltr'><strong>tunc</strong></span> <span class='ocrx_word' id='word_1_108' title='bbox 1122 1916 1185 1960; x_wconf 90' lang='lat' dir='ltr'><strong>tem·</strong></span> 
     </span>
     <span class='ocr_line' id='line_1_21' title="bbox 76 1974 1185 2047; baseline -0.003 -16"><span class='ocrx_word' id='word_1_109' title='bbox 76 1982 135 2047; x_wconf 88' lang='lat' dir='ltr'><strong>poris</strong></span> <span class='ocrx_word' id='word_1_110' title='bbox 152 1998 208 2031; x_wconf 90' lang='lat' dir='ltr'><strong>cum</strong></span> <span class='ocrx_word' id='word_1_111' title='bbox 222 1980 377 2031; x_wconf 78' lang='lat' dir='ltr'><strong>Bactrianis</strong></span> <span class='ocrx_word' id='word_1_112' title='bbox 393 1979 488 2031; x_wconf 89' lang='lat' dir='ltr'><strong>bellum</strong></span> <span class='ocrx_word' id='word_1_113' title='bbox 505 1981 640 2045; x_wconf 80' lang='lat' dir='ltr'><strong>gererent?</strong></span> <span class='ocrx_word' id='word_1_114' title='bbox 674 1980 754 2045; x_wconf 82' lang='lat' dir='ltr'><strong>Atqui</strong></span> <span class='ocrx_word' id='word_1_115' title='bbox 771 1983 906 2044; x_wconf 89' lang='lat' dir='ltr'><strong>utrumqne</strong></span> <span class='ocrx_word' id='word_1_116' title='bbox 923 1977 971 2028; x_wconf 91' lang='lat' dir='ltr'><strong>hoc</strong></span> <span class='ocrx_word' id='word_1_117' title='bbox 989 1974 1185 2043; x_wconf 82' lang='lat' dir='ltr'><strong>quammaxime</strong></span> 
     </span>
     <span class='ocr_line' id='line_1_22' title="bbox 77 2047 1185 2115; baseline -0.003 -17"><span class='ocrx_word' id='word_1_118' title='bbox 77 2055 189 2115; x_wconf 81' lang='lat' dir='ltr'><strong>repugnat</strong></span> <span class='ocrx_word' id='word_1_119' title='bbox 205 2048 349 2099; x_wconf 89' lang='lat' dir='ltr'><strong>rationibus</strong></span> <span class='ocrx_word' id='word_1_120' title='bbox 366 2049 460 2099; x_wconf 75' lang='lat' dir='ltr'><strong>Flacci.</strong></span> <span class='ocrx_word' id='word_1_121' title='bbox 496 2049 584 2113; x_wconf 86' lang='lat' dir='ltr'><strong>Neque</strong></span> <span class='ocrx_word' id='word_1_122' title='bbox 607 2048 674 2098; x_wconf 90' lang='lat' dir='ltr'><strong>enim</strong></span> <span class='ocrx_word' id='word_1_123' title='bbox 691 2048 825 2098; x_wconf 79' lang='lat' dir='ltr'><strong>Maecenas</strong></span> <span class='ocrx_word' id='word_1_124' title='bbox 846 2047 960 2097; x_wconf 78' lang='lat' dir='ltr'><strong>sollicite</strong></span> <span class='ocrx_word' id='word_1_125' title='bbox 982 2049 1074 2096; x_wconf 83' lang='lat' dir='ltr'><strong>timere</strong></span> <span class='ocrx_word' id='word_1_126' title='bbox 1091 2047 1185 2112; x_wconf 89' lang='lat' dir='ltr'><strong>potuit,</strong></span> 
     </span>
     <span class='ocr_line' id='line_1_23' title="bbox 75 2113 1186 2182; baseline -0.002 -15"><span class='ocrx_word' id='word_1_127' title='bbox 75 2118 128 2181; x_wconf 87' lang='lat' dir='ltr'><strong>quid</strong></span> <span class='ocrx_word' id='word_1_128' title='bbox 144 2123 233 2167; x_wconf 88' lang='lat' dir='ltr'><strong>contra</strong></span> <span class='ocrx_word' id='word_1_129' title='bbox 249 2117 375 2166; x_wconf 87' lang='lat' dir='ltr'><strong>Romanos</strong></span> <span class='ocrx_word' id='word_1_130' title='bbox 392 2121 524 2182; x_wconf 81' lang='lat' dir='ltr'><strong>pararent</strong></span> <span class='ocrx_word' id='word_1_131' title='bbox 540 2117 568 2179; x_wconf 88' lang='lat' dir='ltr'><strong>ii,</strong></span> <span class='ocrx_word' id='word_1_132' title='bbox 587 2117 632 2180; x_wconf 92' lang='lat' dir='ltr'><strong>qui</strong></span> <span class='ocrx_word' id='word_1_133' title='bbox 649 2116 786 2166; x_wconf 90' lang='lat' dir='ltr'><strong>domestico</strong></span> <span class='ocrx_word' id='word_1_134' title='bbox 802 2113 872 2164; x_wconf 91' lang='lat' dir='ltr'><strong>bello</strong></span> <span class='ocrx_word' id='word_1_135' title='bbox 890 2113 954 2164; x_wconf 89' lang='lat' dir='ltr'><strong>satis</strong></span> <span class='ocrx_word' id='word_1_136' title='bbox 971 2129 1095 2179; x_wconf 84' lang='lat' dir='ltr'><strong>superque</strong></span> <span class='ocrx_word' id='word_1_137' title='bbox 1110 2131 1186 2165; x_wconf 91' lang='lat' dir='ltr'><strong>occu·</strong></span> 
     </span>
     <span class='ocr_line' id='line_1_24' title="bbox 77 2179 1186 2250; baseline -0.002 -16"><span class='ocrx_word' id='word_1_138' title='bbox 77 2186 217 2250; x_wconf 89' lang='lat' dir='ltr'><strong>petierant.</strong></span> <span class='ocrx_word' id='word_1_139' title='bbox 253 2184 323 2240; x_wconf 80' lang='lat' dir='ltr'><strong>Quin</strong></span> <span class='ocrx_word' id='word_1_140' title='bbox 340 2185 426 2250; x_wconf 90' lang='lat' dir='ltr'><strong>potius</strong></span> <span class='ocrx_word' id='word_1_141' title='bbox 444 2199 499 2235; x_wconf 88' lang='lat' dir='ltr'><strong>eam</strong></span> <span class='ocrx_word' id='word_1_142' title='bbox 515 2184 598 2249; x_wconf 86' lang='lat' dir='ltr'><strong>ipsam</strong></span> <span class='ocrx_word' id='word_1_143' title='bbox 621 2182 653 2233; x_wconf 90' lang='lat' dir='ltr'><strong>ob</strong></span> <span class='ocrx_word' id='word_1_144' title='bbox 671 2200 724 2235; x_wconf 90' lang='lat' dir='ltr'><strong>rom</strong></span> <span class='ocrx_word' id='word_1_145' title='bbox 746 2184 823 2233; x_wconf 89' lang='lat' dir='ltr'><strong>timor</strong></span> <span class='ocrx_word' id='word_1_146' title='bbox 840 2183 923 2233; x_wconf 88' lang='lat' dir='ltr'><strong>omnis</strong></span> <span class='ocrx_word' id='word_1_147' title='bbox 940 2179 1099 2233; x_wconf 86' lang='lat' dir='ltr'><strong>abiiciendus</strong></span> <span class='ocrx_word' id='word_1_148' title='bbox 1116 2187 1186 2244; x_wconf 85' lang='lat' dir='ltr'><strong>erat;</strong></span> 
     </span>
     <span class='ocr_line' id='line_1_25' title="bbox 78 2249 1187 2316; baseline -0.001 -14"><span class='ocrx_word' id='word_1_149' title='bbox 78 2260 101 2302; x_wconf 91' lang='lat' dir='ltr'><strong>nt</strong></span> <span class='ocrx_word' id='word_1_150' title='bbox 115 2258 196 2304; x_wconf 89' lang='lat' dir='ltr'><strong>noster</strong></span> <span class='ocrx_word' id='word_1_151' title='bbox 212 2252 276 2303; x_wconf 92' lang='lat' dir='ltr'><strong>alibi</strong></span> <span class='ocrx_word' id='word_1_152' title='bbox 294 2251 375 2302; x_wconf 80' lang='lat' dir='ltr'><strong>Germ.</strong></span> <span class='ocrx_word' id='word_1_153' title='bbox 393 2253 443 2316; x_wconf 88' lang='lat'><strong>111,</strong></span> <span class='ocrx_word' id='word_1_154' title='bbox 461 2254 485 2314; x_wconf 85' lang='grc'><strong>8,</strong></span> <span class='ocrx_word' id='word_1_155' title='bbox 505 2254 544 2304; x_wconf 80' lang='lat' dir='ltr'><strong>ll.</strong></span> <span class='ocrx_word' id='word_1_156' title='bbox 579 2250 674 2316; x_wconf 86' lang='lat' dir='ltr'><strong>„Mitte</strong></span> <span class='ocrx_word' id='word_1_157' title='bbox 698 2251 787 2302; x_wconf 81' lang='lat' dir='ltr'><strong>civiles</strong></span> <span class='ocrx_word' id='word_1_158' title='bbox 803 2266 885 2316; x_wconf 82' lang='lat' dir='ltr'><strong>super</strong></span> <span class='ocrx_word' id='word_1_159' title='bbox 901 2249 964 2300; x_wconf 86' lang='lat' dir='ltr'><strong>urbe</strong></span> <span class='ocrx_word' id='word_1_160' title='bbox 981 2265 1069 2313; x_wconf 88' lang='lat' dir='ltr'><strong>ouras,·</strong></span> <span class='ocrx_word' id='word_1_161' title='bbox 1093 2249 1187 2301; x_wconf 82' lang='lat' dir='ltr'><strong>Medus</strong></span> 
     </span>
     <span class='ocr_line' id='line_1_26' title="bbox 78 2317 1187 2384; baseline 0 -15"><span class='ocrx_word' id='word_1_162' title='bbox 78 2321 169 2382; x_wconf 73' lang='lat' dir='ltr'><strong>infestis</strong></span> <span class='ocrx_word' id='word_1_163' title='bbox 191 2323 244 2372; x_wconf 84' lang='lat' dir='ltr'><strong>sibi</strong></span> <span class='ocrx_word' id='word_1_164' title='bbox 269 2321 405 2371; x_wconf 79' lang='lat' dir='ltr'><strong>luctuosas</strong></span> <span class='ocrx_word' id='word_1_165' title='bbox 429 2320 546 2370; x_wconf 66' lang='lat' dir='ltr'><strong>Dissidet</strong></span> <span class='ocrx_word' id='word_1_166' title='bbox 569 2323 677 2370; x_wconf 80' lang='lat' dir='ltr'><strong>armis.“</strong></span> <span class='ocrx_word' id='word_1_167' title='bbox 711 2319 837 2384; x_wconf 87' lang='lat' dir='ltr'><strong>Equidem</strong></span> <span class='ocrx_word' id='word_1_168' title='bbox 860 2334 911 2368; x_wconf 89' lang='lat' dir='ltr'><strong>non</strong></span> <span class='ocrx_word' id='word_1_169' title='bbox 934 2322 986 2368; x_wconf 88' lang='lat' dir='ltr'><strong>tarn</strong></span> <span class='ocrx_word' id='word_1_170' title='bbox 1008 2317 1187 2383; x_wconf 84' lang='lat' dir='ltr'><strong>explicandum</strong></span> 
     </span>
     <span class='ocr_line' id='line_1_27' title="bbox 76 2380 1219 2455; baseline -0.001 -17"><span class='ocrx_word' id='word_1_171' title='bbox 76 2389 135 2440; x_wconf 88' lang='lat' dir='ltr'><strong>bunc</strong></span> <span class='ocrx_word' id='word_1_172' title='bbox 150 2391 248 2454; x_wconf 84' lang='lat' dir='ltr'><strong>locum,</strong></span> <span class='ocrx_word' id='word_1_173' title='bbox 267 2405 341 2454; x_wconf 87' lang='lat' dir='ltr'><strong>quam</strong></span> <span class='ocrx_word' id='word_1_174' title='bbox 359 2403 432 2438; x_wconf 90' lang='lat' dir='ltr'><strong>suum</strong></span> <span class='ocrx_word' id='word_1_175' title='bbox 449 2380 539 2455; x_wconf 74' lang='lat' dir='ltr'><strong>potitae</strong></span> <span class='ocrx_word' id='word_1_176' title='bbox 556 2389 675 2454; x_wconf 82' lang='lat' dir='ltr'><strong>verbum,</strong></span> <span class='ocrx_word' id='word_1_177' title='bbox 693 2403 709 2437; x_wconf 88' lang='lat' dir='ltr'><strong>a</strong></span> <span class='ocrx_word' id='word_1_178' title='bbox 726 2387 839 2437; x_wconf 90' lang='lat' dir='ltr'><strong>librariis</strong></span> <span class='ocrx_word' id='word_1_179' title='bbox 856 2402 946 2452; x_wconf 87' lang='lat' dir='ltr'><strong>parum</strong></span> <span class='ocrx_word' id='word_1_180' title='bbox 963 2385 1129 2450; x_wconf 88' lang='lat' dir='ltr'><strong>intellectum,</strong></span> <span class='ocrx_word' id='word_1_181' title='bbox 1147 2403 1187 2437; x_wconf 89' lang='lat' dir='ltr'><strong>re·</strong></span> <span class='ocrx_word' id='word_1_182' title='bbox 1212 2409 1219 2423; x_wconf 89' lang='lat'><strong>·</strong></span> 
     </span>
     <span class='ocr_line' id='line_1_28' title="bbox 77 2454 1186 2521; baseline -0.001 -15"><span class='ocrx_word' id='word_1_183' title='bbox 77 2458 221 2508; x_wconf 90' lang='lat' dir='ltr'><strong>stituendum</strong></span> <span class='ocrx_word' id='word_1_184' title='bbox 245 2473 299 2507; x_wconf 86' lang='lat' dir='ltr'><strong>esse</strong></span> <span class='ocrx_word' id='word_1_185' title='bbox 322 2456 471 2521; x_wconf 82' lang='lat' dir='ltr'><strong>putaverim.</strong></span> <span class='ocrx_word' id='word_1_186' title='bbox 506 2458 559 2506; x_wconf 80' lang='lat' dir='ltr'><strong>Aut</strong></span> <span class='ocrx_word' id='word_1_187' title='bbox 581 2456 656 2506; x_wconf 86' lang='lat' dir='ltr'><strong>iallor</strong></span> <span class='ocrx_word' id='word_1_188' title='bbox 679 2456 762 2520; x_wconf 90' lang='lat' dir='ltr'><strong>enim,</strong></span> <span class='ocrx_word' id='word_1_189' title='bbox 788 2459 833 2504; x_wconf 86' lang='lat' dir='ltr'><strong>aut</strong></span> <span class='ocrx_word' id='word_1_190' title='bbox 858 2455 895 2504; x_wconf 88' lang='lat' dir='ltr'><strong>sio</strong></span> <span class='ocrx_word' id='word_1_191' title='bbox 920 2454 1024 2519; x_wconf 84' lang='lat' dir='ltr'><strong>scripsit</strong></span> <span class='ocrx_word' id='word_1_192' title='bbox 1046 2454 1186 2518; x_wconf 60' lang='lat' dir='ltr'><strong>Horatium</strong></span> 
     </span>
     <span class='ocr_line' id='line_1_29' title="bbox 78 2521 1188 2590; baseline -0.003 -14"><span class='ocrx_word' id='word_1_193' title='bbox 78 2525 156 2589; x_wconf 74' lang='lat' dir='ltr'><strong>„Quod</strong></span> <span class='ocrx_word' id='word_1_194' title='bbox 171 2526 249 2576; x_wconf 83' lang='lat' dir='ltr'><strong>Seres</strong></span> <span class='ocrx_word' id='word_1_195' title='bbox 275 2530 301 2575; x_wconf 88' lang='lat' dir='ltr'><strong>ct</strong></span> <span class='ocrx_word' id='word_1_196' title='bbox 317 2530 431 2590; x_wconf 77' lang='lat' dir='ltr'><strong>regnata</strong></span> <span class='ocrx_word' id='word_1_197' title='bbox 450 2523 520 2590; x_wconf 82' lang='lat' dir='ltr'><strong>Cyro</strong></span> <span class='ocrx_word' id='word_1_198' title='bbox 539 2523 639 2574; x_wconf 83' lang='lat' dir='ltr'><strong>Bactra</strong></span> <span class='ocrx_word' id='word_1_199' title='bbox 659 2529 772 2590; x_wconf 79' lang='lat' dir='ltr'><strong>parent,</strong></span> <span class='ocrx_word' id='word_1_200' title='bbox 799 2522 949 2588; x_wconf 73' lang='lat' dir='ltr'><strong>Tanaisque</strong></span> <span class='ocrx_word' id='word_1_201' title='bbox 973 2521 1093 2573; x_wconf 87' lang='lat' dir='ltr'><strong>dissors.“</strong></span> <span class='ocrx_word' id='word_1_202' title='bbox 1126 2523 1188 2573; x_wconf 89' lang='lat' dir='ltr'><strong>Ideo</strong></span> 
     </span>
     <span class='ocr_line' id='line_1_30' title="bbox 75 2590 1189 2658; baseline -0.002 -14"><span class='ocrx_word' id='word_1_203' title='bbox 75 2599 149 2644; x_wconf 86' lang='lat' dir='ltr'><strong>nutem</strong></span> <span class='ocrx_word' id='word_1_204' title='bbox 173 2594 287 2656; x_wconf 61' lang='lat' dir='ltr'><strong>dasena,</strong></span> <span class='ocrx_word' id='word_1_205' title='bbox 314 2595 375 2657; x_wconf 89' lang='lat' dir='ltr'><strong>quia</strong></span> <span class='ocrx_word' id='word_1_206' title='bbox 398 2608 480 2656; x_wconf 87' lang='lat' dir='ltr'><strong>neque</strong></span> <span class='ocrx_word' id='word_1_207' title='bbox 504 2592 536 2642; x_wconf 86' lang='lat' dir='ltr'><strong>ad</strong></span> <span class='ocrx_word' id='word_1_208' title='bbox 553 2593 697 2658; x_wconf 86' lang='lat' dir='ltr'><strong>Europam,</strong></span> <span class='ocrx_word' id='word_1_209' title='bbox 724 2607 770 2641; x_wconf 91' lang='lat' dir='ltr'><strong>uec</strong></span> <span class='ocrx_word' id='word_1_210' title='bbox 795 2591 828 2641; x_wconf 86' lang='lat' dir='ltr'><strong>ad</strong></span> <span class='ocrx_word' id='word_1_211' title='bbox 850 2590 937 2641; x_wconf 80' lang='lat' dir='ltr'><strong>Asiam</strong></span> <span class='ocrx_word' id='word_1_212' title='bbox 954 2590 1094 2657; x_wconf 87' lang='lat' dir='ltr'><strong>pertineat,</strong></span> <span class='ocrx_word' id='word_1_213' title='bbox 1120 2592 1189 2642; x_wconf 89' lang='lat' dir='ltr'><strong>inter</strong></span> 
     </span>
     <span class='ocr_line' id='line_1_31' title="bbox 77 2658 1187 2726; baseline -0.002 -16"><span class='ocrx_word' id='word_1_214' title='bbox 77 2666 198 2726; x_wconf 87' lang='lat' dir='ltr'><strong>utramque</strong></span> <span class='ocrx_word' id='word_1_215' title='bbox 215 2660 329 2725; x_wconf 89' lang='lat' dir='ltr'><strong>medius,</strong></span> <span class='ocrx_word' id='word_1_216' title='bbox 353 2665 378 2711; x_wconf 88' lang='lat' dir='ltr'><strong>et</strong></span> <span class='ocrx_word' id='word_1_217' title='bbox 396 2660 469 2726; x_wconf 88' lang='lat' dir='ltr'><strong>quasi</strong></span> <span class='ocrx_word' id='word_1_218' title='bbox 486 2666 558 2711; x_wconf 80' lang='lat' dir='ltr'><strong>extra</strong></span> <span class='ocrx_word' id='word_1_219' title='bbox 581 2665 673 2710; x_wconf 88' lang='lat' dir='ltr'><strong>sortem</strong></span> <span class='ocrx_word' id='word_1_220' title='bbox 691 2659 797 2726; x_wconf 87' lang='lat' dir='ltr'><strong>positas.</strong></span> <span class='ocrx_word' id='word_1_221' title='bbox 833 2658 938 2709; x_wconf 84' lang='lat' dir='ltr'><strong>Ovidius</strong></span> <span class='ocrx_word' id='word_1_222' title='bbox 955 2661 1075 2709; x_wconf 79' lang='lat' dir='ltr'><strong>Ameriam</strong></span> <span class='ocrx_word' id='word_1_223' title='bbox 1093 2660 1128 2722; x_wconf 91' lang='lat'><strong>11,</strong></span> <span class='ocrx_word' id='word_1_224' title='bbox 1148 2661 1187 2712; x_wconf 80' lang='lat' dir='ltr'><strong>tn.</strong></span> 
     </span>
     <span class='ocr_line' id='line_1_32' title="bbox 75 2726 1189 2796; baseline 0.003 -20"><span class='ocrx_word' id='word_1_225' title='bbox 75 2731 152 2792; x_wconf 79' lang='lat' dir='ltr'><strong>[nil]</strong></span> <span class='ocrx_word' id='word_1_226' title='bbox 177 2730 234 2794; x_wconf 76' lang='lat' dir='ltr'><strong>„Aa</strong></span> <span class='ocrx_word' id='word_1_227' title='bbox 251 2745 310 2779; x_wconf 85' lang='lat' dir='ltr'><strong>mec</strong></span> <span class='ocrx_word' id='word_1_228' title='bbox 327 2732 442 2796; x_wconf 77' lang='lat' dir='ltr'><strong>seposita</strong></span> <span class='ocrx_word' id='word_1_229' title='bbox 461 2734 506 2791; x_wconf 81' lang='lat' dir='ltr'><strong>cst,</strong></span> <span class='ocrx_word' id='word_1_230' title='bbox 525 2734 552 2778; x_wconf 84' lang='lat' dir='ltr'><strong>et</strong></span> <span class='ocrx_word' id='word_1_231' title='bbox 568 2730 601 2777; x_wconf 87' lang='lat' dir='ltr'><strong>ab</strong></span> <span class='ocrx_word' id='word_1_232' title='bbox 619 2730 692 2778; x_wconf 83' lang='lat' dir='ltr'><strong>omni</strong></span> <span class='ocrx_word' id='word_1_233' title='bbox 708 2728 794 2777; x_wconf 80' lang='lat' dir='ltr'><strong>milite</strong></span> <span class='ocrx_word' id='word_1_234' title='bbox 810 2727 906 2777; x_wconf 88' lang='lat' dir='ltr'><strong>dissors</strong></span> <span class='ocrx_word' id='word_1_235' title='bbox 927 2726 1035 2778; x_wconf 79' lang='lat' dir='ltr'><strong>Gloria:</strong></span> <span class='ocrx_word' id='word_1_236' title='bbox 1059 2743 1108 2778; x_wconf 85' lang='lat' dir='ltr'><strong>nec</strong></span> <span class='ocrx_word' id='word_1_237' title='bbox 1126 2731 1189 2779; x_wconf 73' lang='lat' dir='ltr'><strong>titut-</strong></span> 
     </span>
     <span class='ocr_line' id='line_1_33' title="bbox 77 2795 1189 2861; baseline 0.001 -15"><span class='ocrx_word' id='word_1_238' title='bbox 77 2796 124 2846; x_wconf 81' lang='lat' dir='ltr'><strong>tam</strong></span> <span class='ocrx_word' id='word_1_239' title='bbox 139 2800 258 2847; x_wconf 80' lang='lat' dir='ltr'><strong>muneris</strong></span> <span class='ocrx_word' id='word_1_240' title='bbox 276 2798 345 2847; x_wconf 81' lang='lat' dir='ltr'><strong>alter</strong></span> <span class='ocrx_word' id='word_1_241' title='bbox 362 2798 466 2849; x_wconf 83' lang='lat' dir='ltr'><strong>tabet.“</strong></span> <span class='ocrx_word' id='word_1_242' title='bbox 500 2797 541 2847; x_wconf 92' lang='lat' dir='ltr'><strong>Ita</strong></span> <span class='ocrx_word' id='word_1_243' title='bbox 558 2795 640 2846; x_wconf 88' lang='lat' dir='ltr'><strong>edidit</strong></span> <span class='ocrx_word' id='word_1_244' title='bbox 656 2795 766 2846; x_wconf 89' lang='lat' dir='ltr'><strong>illustris</strong></span> <span class='ocrx_word' id='word_1_245' title='bbox 783 2795 906 2845; x_wconf 88' lang='lat' dir='ltr'><strong>Heinsius</strong></span> <span class='ocrx_word' id='word_1_246' title='bbox 930 2811 961 2846; x_wconf 85' lang='lat' dir='ltr'><strong>ex</strong></span> <span class='ocrx_word' id='word_1_247' title='bbox 984 2795 1074 2846; x_wconf 90' lang='lat' dir='ltr'><strong>codice</strong></span> <span class='ocrx_word' id='word_1_248' title='bbox 1091 2798 1189 2861; x_wconf 89' lang='lat' dir='ltr'><strong>optimo</strong></span> 
     </span>
     <span class='ocr_line' id='line_1_34' title="bbox 76 2862 1188 2927; baseline 0.001 -13"><span class='ocrx_word' id='word_1_249' title='bbox 76 2865 207 2927; x_wconf 79' lang='lat' dir='ltr'><strong>Puteaneo3</strong></span> <span class='ocrx_word' id='word_1_250' title='bbox 231 2881 290 2914; x_wconf 88' lang='lat' dir='ltr'><strong>eum</strong></span> <span class='ocrx_word' id='word_1_251' title='bbox 307 2866 386 2915; x_wconf 88' lang='lat' dir='ltr'><strong>ceteri</strong></span> <span class='ocrx_word' id='word_1_252' title='bbox 402 2881 497 2926; x_wconf 89' lang='lat' dir='ltr'><strong>omnes,</strong></span> <span class='ocrx_word' id='word_1_253' title='bbox 514 2865 612 2927; x_wconf 81' lang='lat' dir='ltr'><strong>uthis,</strong></span> <span class='ocrx_word' id='word_1_254' title='bbox 631 2864 732 2914; x_wconf 77' lang='lat' dir='ltr'><strong>discors</strong></span> <span class='ocrx_word' id='word_1_255' title='bbox 749 2863 892 2916; x_wconf 86' lang='lat' dir='ltr'><strong>habuerint.</strong></span> <span class='ocrx_word' id='word_1_256' title='bbox 928 2862 1086 2914; x_wconf 89' lang='lat' dir='ltr'><strong>Glossarium</strong></span> <span class='ocrx_word' id='word_1_257' title='bbox 1103 2871 1188 2915; x_wconf 84' lang='lat' dir='ltr'><strong>vetus:</strong></span> 
     </span>
     <span class='ocr_line' id='line_1_35' title="bbox 77 2929 1189 3000; baseline 0.002 -19"><span class='ocrx_word' id='word_1_258' title='bbox 77 2931 206 2994; x_wconf 73' lang='lat' dir='ltr'><strong>Dirces-tes,</strong></span> <span class='ocrx_word' id='word_1_259' title='bbox 225 2930 462 3000; x_wconf 73' lang='grc' dir='ltr'><strong>διακληρωθέντες.</strong></span> <span class='ocrx_word' id='word_1_260' title='bbox 496 2933 666 2993; x_wconf 67' lang='lat' dir='ltr'><strong>Discordiam,</strong></span> <span class='ocrx_word' id='word_1_261' title='bbox 685 2929 881 3000; x_wconf 73' lang='grc' dir='ltr'><strong><em>διαχωρισμός,</em></strong></span> <span class='ocrx_word' id='word_1_262' title='bbox 901 2929 1053 2987; x_wconf 71' lang='grc' dir='ltr'><em>διάστασις.</em></span> <span class='ocrx_word' id='word_1_263' title='bbox 1091 2933 1140 2983; x_wconf 87' lang='lat' dir='ltr'><strong>Sed</strong></span> <span class='ocrx_word' id='word_1_264' title='bbox 1158 2933 1189 2983; x_wconf 90' lang='lat' dir='ltr'><strong>de</strong></span> 
     </span>
     <span class='ocr_line' id='line_1_36' title="bbox 76 2999 1187 3065; baseline 0.004 -16"><span class='ocrx_word' id='word_1_265' title='bbox 76 3000 118 3050; x_wconf 91' lang='lat' dir='ltr'><strong>boc</strong></span> <span class='ocrx_word' id='word_1_266' title='bbox 132 3001 254 3051; x_wconf 79' lang='lat' dir='ltr'><strong>vocabulo</strong></span> <span class='ocrx_word' id='word_1_267' title='bbox 270 3001 330 3051; x_wconf 83' lang='lat' dir='ltr'><strong>vide</strong></span> <span class='ocrx_word' id='word_1_268' title='bbox 347 3001 431 3065; x_wconf 88' lang='lat' dir='ltr'><strong>ipsum</strong></span> <span class='ocrx_word' id='word_1_269' title='bbox 439 3001 575 3051; x_wconf 90' lang='lat' dir='ltr'><strong>Heinsium</strong></span> <span class='ocrx_word' id='word_1_270' title='bbox 592 3000 646 3050; x_wconf 86' lang='lat' dir='ltr'><strong>inse</strong></span> <span class='ocrx_word' id='word_1_271' title='bbox 664 3000 828 3051; x_wconf 88' lang='lat' dir='ltr'><strong>disserentem</strong></span> <span class='ocrx_word' id='word_1_272' title='bbox 845 2999 877 3049; x_wconf 92' lang='lat' dir='ltr'><strong>ad</strong></span> <span class='ocrx_word' id='word_1_273' title='bbox 888 2999 978 3050; x_wconf 85' lang='lat' dir='ltr'><strong>Sabini</strong></span> <span class='ocrx_word' id='word_1_274' title='bbox 988 3000 1073 3065; x_wconf 83' lang='lat' dir='ltr'><strong>Epist.</strong></span> <span class='ocrx_word' id='word_1_275' title='bbox 1083 3002 1103 3049; x_wconf 89' lang='lat'><strong>1.</strong></span> <span class='ocrx_word' id='word_1_276' title='bbox 1113 3018 1136 3050; x_wconf 84' lang='lat' dir='ltr'><strong>v.</strong></span> <span class='ocrx_word' id='word_1_277' title='bbox 1147 3003 1187 3053; x_wconf 75' lang='lat'><strong>35.</strong></span> 
     </span>
    </p>

    <p class='ocr_par' dir='ltr' id='par_1_11' title="bbox 75 3067 1192 3746">
     <span class='ocr_line' id='line_1_37' title="bbox 136 3067 1190 3135; baseline -0.003 -14"><span class='ocrx_word' id='word_1_278' title='bbox 136 3072 176 3121; x_wconf 77' lang='lat'><strong>34.</strong></span> <span class='ocrx_word' id='word_1_279' title='bbox 192 3068 274 3120; x_wconf 83' lang='lat' dir='ltr'><strong>Nunc</strong></span> <span class='ocrx_word' id='word_1_280' title='bbox 290 3068 377 3119; x_wconf 83' lang='lat' dir='ltr'><strong>medio</strong></span> <span class='ocrx_word' id='word_1_281' title='bbox 395 3068 554 3119; x_wconf 76' lang='lat' dir='ltr'><strong>closo-Cum</strong></span> <span class='ocrx_word' id='word_1_282' title='bbox 569 3084 637 3135; x_wconf 85' lang='lat' dir='ltr'><strong>pace</strong></span> <span class='ocrx_word' id='word_1_283' title='bbox 660 3068 816 3133; x_wconf 81' lang='lat' dir='ltr'><strong>delabentis]</strong></span> <span class='ocrx_word' id='word_1_284' title='bbox 842 3067 916 3123; x_wconf 80' lang='lat' dir='ltr'><strong>Quod</strong></span> <span class='ocrx_word' id='word_1_285' title='bbox 931 3067 1071 3118; x_wconf 86' lang='lat' dir='ltr'><strong>Lambinus</strong></span> <span class='ocrx_word' id='word_1_286' title='bbox 1088 3084 1119 3117; x_wconf 80' lang='lat' dir='ltr'><strong>ex</strong></span> <span class='ocrx_word' id='word_1_287' title='bbox 1137 3069 1190 3118; x_wconf 90' lang='lat' dir='ltr'><strong>suis</strong></span> 
     </span>
     <span class='ocr_line' id='line_1_38' title="bbox 77 3134 1188 3200; baseline 0.001 -16"><span class='ocrx_word' id='word_1_288' title='bbox 77 3138 181 3200; x_wconf 83' lang='lat' dir='ltr'><strong>notarit,</strong></span> <span class='ocrx_word' id='word_1_289' title='bbox 204 3137 230 3188; x_wconf 93' lang='lat' dir='ltr'><strong>id</strong></span> <span class='ocrx_word' id='word_1_290' title='bbox 248 3137 277 3186; x_wconf 89' lang='lat' dir='ltr'><strong>in</strong></span> <span class='ocrx_word' id='word_1_291' title='bbox 294 3137 389 3186; x_wconf 87' lang='lat' dir='ltr'><strong>nostris</strong></span> <span class='ocrx_word' id='word_1_292' title='bbox 407 3137 549 3187; x_wconf 74' lang='lat' dir='ltr'><strong>Graeciano</strong></span> <span class='ocrx_word' id='word_1_293' title='bbox 566 3142 592 3186; x_wconf 93' lang='lat' dir='ltr'><strong>et</strong></span> <span class='ocrx_word' id='word_1_294' title='bbox 609 3136 722 3186; x_wconf 84' lang='lat' dir='ltr'><strong>Galeano</strong></span> <span class='ocrx_word' id='word_1_295' title='bbox 740 3136 896 3198; x_wconf 80' lang='lat' dir='ltr'><strong>invenimus,</strong></span> <span class='ocrx_word' id='word_1_296' title='bbox 913 3134 1000 3186; x_wconf 82' lang='lat' dir='ltr'><strong>medio</strong></span> <span class='ocrx_word' id='word_1_297' title='bbox 1019 3151 1188 3200; x_wconf 80' lang='lat' dir='ltr'><strong>aequore,</strong></span> 
     </span>
     <span class='ocr_line' id='line_1_39' title="bbox 75 3202 1190 3271; baseline 0 -18"><span class='ocrx_word' id='word_1_298' title='bbox 75 3205 115 3253; x_wconf 86' lang='lat' dir='ltr'><strong>eui</strong></span> <span class='ocrx_word' id='word_1_299' title='bbox 136 3205 291 3270; x_wconf 83' lang='lat' dir='ltr'><strong>adscriptum</strong></span> <span class='ocrx_word' id='word_1_300' title='bbox 314 3211 368 3255; x_wconf 87' lang='lat' dir='ltr'><strong>erat</strong></span> <span class='ocrx_word' id='word_1_301' title='bbox 390 3205 465 3255; x_wconf 87' lang='lat' dir='ltr'><strong>alveo</strong></span> <span class='ocrx_word' id='word_1_302' title='bbox 488 3221 535 3271; x_wconf 88' lang='lat' dir='ltr'><strong>pro</strong></span> <span class='ocrx_word' id='word_1_303' title='bbox 558 3206 629 3254; x_wconf 79' lang='lat' dir='ltr'><strong>varia</strong></span> <span class='ocrx_word' id='word_1_304' title='bbox 650 3205 768 3255; x_wconf 88' lang='lat' dir='ltr'><strong>lectione.</strong></span> <span class='ocrx_word' id='word_1_305' title='bbox 809 3204 840 3253; x_wconf 92' lang='lat' dir='ltr'><strong>In</strong></span> <span class='ocrx_word' id='word_1_306' title='bbox 863 3203 954 3254; x_wconf 88' lang='lat' dir='ltr'><strong>ceteris</strong></span> <span class='ocrx_word' id='word_1_307' title='bbox 975 3202 1084 3252; x_wconf 89' lang='lat' dir='ltr'><strong>habetur</strong></span> <span class='ocrx_word' id='word_1_308' title='bbox 1107 3204 1190 3267; x_wconf 82' lang='lat' dir='ltr'><strong>alveo,</strong></span> 
     </span>
     <span class='ocr_line' id='line_1_40' title="bbox 78 3270 1191 3339; baseline 0.002 -20"><span class='ocrx_word' id='word_1_309' title='bbox 78 3270 124 3322; x_wconf 82' lang='lat' dir='ltr'><strong>iere</strong></span> <span class='ocrx_word' id='word_1_310' title='bbox 150 3290 206 3323; x_wconf 90' lang='lat' dir='ltr'><strong>cum</strong></span> <span class='ocrx_word' id='word_1_311' title='bbox 239 3288 355 3339; x_wconf 80' lang='lat' dir='ltr'><strong>aequore</strong></span> <span class='ocrx_word' id='word_1_312' title='bbox 382 3273 564 3339; x_wconf 86' lang='lat' dir='ltr'><strong>superscripto.</strong></span> <span class='ocrx_word' id='word_1_313' title='bbox 599 3273 687 3323; x_wconf 87' lang='lat' dir='ltr'><strong>Placet</strong></span> <span class='ocrx_word' id='word_1_314' title='bbox 710 3273 805 3336; x_wconf 80' lang='lat' dir='ltr'><strong>Alaea,</strong></span> <span class='ocrx_word' id='word_1_315' title='bbox 842 3271 910 3336; x_wconf 89' lang='lat' dir='ltr'><strong>qnod</strong></span> <span class='ocrx_word' id='word_1_316' title='bbox 932 3271 1068 3321; x_wconf 87' lang='lat' dir='ltr'><strong>Editiones</strong></span> <span class='ocrx_word' id='word_1_317' title='bbox 1090 3276 1191 3322; x_wconf 87' lang='lat' dir='ltr'><strong>secutae</strong></span> 
     </span>
     <span class='ocr_line' id='line_1_41' title="bbox 76 3340 1190 3406; baseline 0.001 -18"><span class='ocrx_word' id='word_1_318' title='bbox 76 3345 138 3392; x_wconf 87' lang='lat' dir='ltr'><strong>sunt.</strong></span> <span class='ocrx_word' id='word_1_319' title='bbox 173 3343 276 3394; x_wconf 79' lang='lat' dir='ltr'><strong>Curtius</strong></span> <span class='ocrx_word' id='word_1_320' title='bbox 293 3341 338 3392; x_wconf 89' lang='lat' dir='ltr'><strong>lib.</strong></span> <span class='ocrx_word' id='word_1_321' title='bbox 357 3341 387 3391; x_wconf 87' lang='lat' dir='ltr'><strong>V.</strong></span> <span class='ocrx_word' id='word_1_322' title='bbox 406 3356 427 3392; x_wconf 89' lang='lat' dir='ltr'><strong>o.</strong></span> <span class='ocrx_word' id='word_1_323' title='bbox 444 3344 480 3393; x_wconf 80' lang='lat'><strong>13.</strong></span> <span class='ocrx_word' id='word_1_324' title='bbox 501 3342 559 3404; x_wconf 72' lang='lat' dir='ltr'><strong>[cd</strong></span> <span class='ocrx_word' id='word_1_325' title='bbox 577 3340 629 3406; x_wconf 72' lang='lat'><strong>§81</strong></span> <span class='ocrx_word' id='word_1_326' title='bbox 666 3340 788 3406; x_wconf 79' lang='lat' dir='ltr'><strong>„Quippe</strong></span> <span class='ocrx_word' id='word_1_327' title='bbox 805 3341 977 3390; x_wconf 67' lang='lat' dir='ltr'><strong>obrumbratm</strong></span> <span class='ocrx_word' id='word_1_328' title='bbox 995 3342 1083 3389; x_wconf 80' lang='lat' dir='ltr'><strong>amnis</strong></span> <span class='ocrx_word' id='word_1_329' title='bbox 1098 3356 1190 3406; x_wconf 81' lang='lat' dir='ltr'><strong>presso</strong></span> 
     </span>
     <span class='ocr_line' id='line_1_42' title="bbox 78 3407 1190 3473; baseline 0.004 -18"><span class='ocrx_word' id='word_1_330' title='bbox 78 3409 105 3456; x_wconf 77' lang='lat' dir='ltr'><strong>in</strong></span> <span class='ocrx_word' id='word_1_331' title='bbox 120 3409 202 3459; x_wconf 82' lang='lat' dir='ltr'><strong>sclam</strong></span> <span class='ocrx_word' id='word_1_332' title='bbox 220 3409 352 3459; x_wconf 79' lang='lat' dir='ltr'><strong>dilabitur·</strong></span> <span class='ocrx_word' id='word_1_333' title='bbox 368 3408 474 3459; x_wconf 87' lang='lat' dir='ltr'><strong>alaco“:</strong></span> <span class='ocrx_word' id='word_1_334' title='bbox 493 3407 538 3458; x_wconf 90' lang='lat' dir='ltr'><strong>ubi</strong></span> <span class='ocrx_word' id='word_1_335' title='bbox 556 3410 654 3473; x_wconf 87' lang='lat' dir='ltr'><strong>corrige</strong></span> <span class='ocrx_word' id='word_1_336' title='bbox 672 3425 705 3459; x_wconf 85' lang='lat' dir='ltr'><strong>ex</strong></span> <span class='ocrx_word' id='word_1_337' title='bbox 723 3414 813 3459; x_wconf 89' lang='lat' dir='ltr'><strong>nostro</strong></span> <span class='ocrx_word' id='word_1_338' title='bbox 831 3407 971 3458; x_wconf 80' lang='lat' dir='ltr'><strong>delabitur.</strong></span> <span class='ocrx_word' id='word_1_339' title='bbox 991 3407 1097 3458; x_wconf 83' lang='lat' dir='ltr'><strong>Ovidius</strong></span> <span class='ocrx_word' id='word_1_340' title='bbox 1106 3411 1190 3461; x_wconf 80' lang='lat' dir='ltr'><strong>Amor.</strong></span> 
     </span>
     <span class='ocr_line' id='line_1_43' title="bbox 79 3474 1192 3543; baseline 0.004 -20"><span class='ocrx_word' id='word_1_341' title='bbox 79 3474 156 3539; x_wconf 79' lang='lat'><strong>11,13.</strong></span> <span class='ocrx_word' id='word_1_342' title='bbox 167 3479 234 3541; x_wconf 82' lang='lat' dir='ltr'><strong>[v.9]</strong></span> <span class='ocrx_word' id='word_1_343' title='bbox 252 3476 383 3543; x_wconf 79' lang='lat' dir='ltr'><strong>„Quaque</strong></span> <span class='ocrx_word' id='word_1_344' title='bbox 400 3477 469 3527; x_wconf 83' lang='lat' dir='ltr'><strong>celer</strong></span> <span class='ocrx_word' id='word_1_345' title='bbox 477 3475 557 3528; x_wconf 77' lang='lat' dir='ltr'><strong>Nilus</strong></span> <span class='ocrx_word' id='word_1_346' title='bbox 576 3477 630 3527; x_wconf 84' lang='lat' dir='ltr'><strong>into</strong></span> <span class='ocrx_word' id='word_1_347' title='bbox 649 3477 765 3542; x_wconf 84' lang='lat' dir='ltr'><strong>delapsus</strong></span> <span class='ocrx_word' id='word_1_348' title='bbox 784 3476 814 3525; x_wconf 85' lang='lat' dir='ltr'><strong>ab</strong></span> <span class='ocrx_word' id='word_1_349' title='bbox 833 3475 965 3526; x_wconf 81' lang='lat' dir='ltr'><strong>alseoPer</strong></span> <span class='ocrx_word' id='word_1_350' title='bbox 980 3481 1079 3541; x_wconf 84' lang='lat' dir='ltr'><strong>septem</strong></span> <span class='ocrx_word' id='word_1_351' title='bbox 1095 3482 1192 3543; x_wconf 81' lang='lat' dir='ltr'><strong>portas</strong></span> 
     </span>
     <span class='ocr_line' id='line_1_44' title="bbox 79 3542 1192 3611; baseline 0.004 -22"><span class='ocrx_word' id='word_1_352' title='bbox 79 3544 106 3591; x_wconf 80' lang='lat' dir='ltr'><strong>in</strong></span> <span class='ocrx_word' id='word_1_353' title='bbox 121 3549 201 3595; x_wconf 78' lang='lat' dir='ltr'><strong>maris</strong></span> <span class='ocrx_word' id='word_1_354' title='bbox 218 3549 276 3595; x_wconf 73' lang='lat' dir='ltr'><strong>emit</strong></span> <span class='ocrx_word' id='word_1_355' title='bbox 292 3546 402 3611; x_wconf 80' lang='lat' dir='ltr'><strong>aquas.“</strong></span> <span class='ocrx_word' id='word_1_356' title='bbox 424 3543 470 3594; x_wconf 90' lang='lat' dir='ltr'><strong>ubi</strong></span> <span class='ocrx_word' id='word_1_357' title='bbox 487 3544 664 3611; x_wconf 78' lang='lat' dir='ltr'><strong>corrigendum</strong></span> <span class='ocrx_word' id='word_1_358' title='bbox 681 3547 710 3594; x_wconf 85' lang='lat' dir='ltr'><strong>in</strong></span> <span class='ocrx_word' id='word_1_359' title='bbox 729 3545 817 3604; x_wconf 86' lang='lat' dir='ltr'><strong>alveo,</strong></span> <span class='ocrx_word' id='word_1_360' title='bbox 841 3559 872 3594; x_wconf 83' lang='lat' dir='ltr'><strong>ex</strong></span> <span class='ocrx_word' id='word_1_361' title='bbox 894 3542 1043 3595; x_wconf 87' lang='lat' dir='ltr'><strong>melioribus</strong></span> <span class='ocrx_word' id='word_1_362' title='bbox 1061 3545 1192 3595; x_wconf 89' lang='lat' dir='ltr'><strong>codicibus</strong></span> 
     </span>
     <span class='ocr_line' id='line_1_45' title="bbox 80 3609 1192 3679; baseline 0.004 -20"><span class='ocrx_word' id='word_1_363' title='bbox 80 3609 181 3663; x_wconf 86' lang='lat' dir='ltr'><strong>Heinsio</strong></span> <span class='ocrx_word' id='word_1_364' title='bbox 196 3614 272 3664; x_wconf 83' lang='lat' dir='ltr'><strong>visis:</strong></span> <span class='ocrx_word' id='word_1_365' title='bbox 290 3619 316 3663; x_wconf 91' lang='lat' dir='ltr'><strong>et</strong></span> <span class='ocrx_word' id='word_1_366' title='bbox 332 3615 462 3679; x_wconf 87' lang='lat' dir='ltr'><strong>praeterea</strong></span> <span class='ocrx_word' id='word_1_367' title='bbox 479 3627 509 3663; x_wconf 86' lang='lat' dir='ltr'><strong>ex</strong></span> <span class='ocrx_word' id='word_1_368' title='bbox 525 3613 685 3677; x_wconf 85' lang='lat' dir='ltr'><strong>coniectura,</strong></span> <span class='ocrx_word' id='word_1_369' title='bbox 703 3613 754 3663; x_wconf 82' lang='lat' dir='ltr'><strong>Per</strong></span> <span class='ocrx_word' id='word_1_370' title='bbox 770 3617 867 3677; x_wconf 78' lang='lat' dir='ltr'><strong>septem</strong></span> <span class='ocrx_word' id='word_1_371' title='bbox 883 3618 986 3679; x_wconf 78' lang='lat' dir='ltr'><strong>portas,</strong></span> <span class='ocrx_word' id='word_1_372' title='bbox 1004 3612 1030 3663; x_wconf 92' lang='lat' dir='ltr'><strong>id</strong></span> <span class='ocrx_word' id='word_1_373' title='bbox 1049 3618 1094 3676; x_wconf 86' lang='lat' dir='ltr'><strong>est,</strong></span> <span class='ocrx_word' id='word_1_374' title='bbox 1113 3616 1192 3674; x_wconf 82' lang='lat' dir='ltr'><strong>ostia,</strong></span> 
     </span>
     <span class='ocr_line' id='line_1_46' title="bbox 77 3681 1130 3746; baseline 0.002 -20"><span class='ocrx_word' id='word_1_375' title='bbox 77 3681 109 3726; x_wconf 88' lang='lat' dir='ltr'><strong>ut</strong></span> <span class='ocrx_word' id='word_1_376' title='bbox 121 3686 207 3744; x_wconf 76' lang='lat' dir='ltr'><strong>poene</strong></span> <span class='ocrx_word' id='word_1_377' title='bbox 223 3681 326 3746; x_wconf 89' lang='lat' dir='ltr'><strong>passim.</strong></span> <span class='ocrx_word' id='word_1_378' title='bbox 1128 3686 1130 3689; x_wconf 83' lang='lat'>&#39;</span> 
     </span>
    </p>

    <p class='ocr_par' dir='ltr' id='par_1_12' title="bbox 77 3747 1196 4293">
     <span class='ocr_line' id='line_1_47' title="bbox 141 3747 1193 3813; baseline -0.006 -12"><span class='ocrx_word' id='word_1_379' title='bbox 141 3751 179 3801; x_wconf 77' lang='lat'><strong>43.</strong></span> <span class='ocrx_word' id='word_1_380' title='bbox 200 3748 251 3801; x_wconf 82' lang='lat' dir='ltr'><strong>Cui</strong></span> <span class='ocrx_word' id='word_1_381' title='bbox 267 3749 329 3799; x_wconf 84' lang='lat' dir='ltr'><strong>lieet</strong></span> <span class='ocrx_word' id='word_1_382' title='bbox 345 3751 374 3798; x_wconf 85' lang='lat' dir='ltr'><strong>in</strong></span> <span class='ocrx_word' id='word_1_383' title='bbox 393 3747 463 3798; x_wconf 84' lang='lat' dir='ltr'><strong>diem</strong></span> <span class='ocrx_word' id='word_1_384' title='bbox 472 3748 580 3798; x_wconf 73' lang='lat' dir='ltr'><strong>Dixisse</strong></span> <span class='ocrx_word' id='word_1_385' title='bbox 596 3749 664 3809; x_wconf 74' lang='lat' dir='ltr'><strong>aiei]</strong></span> <span class='ocrx_word' id='word_1_386' title='bbox 687 3747 840 3813; x_wconf 72' lang='lat' dir='ltr'><strong>Ambiguum</strong></span> <span class='ocrx_word' id='word_1_387' title='bbox 858 3751 904 3812; x_wconf 89' lang='lat' dir='ltr'><strong>est,</strong></span> <span class='ocrx_word' id='word_1_388' title='bbox 921 3751 1007 3798; x_wconf 88' lang='lat' dir='ltr'><strong>utrum</strong></span> <span class='ocrx_word' id='word_1_389' title='bbox 1025 3748 1087 3797; x_wconf 83' lang='lat' dir='ltr'><strong>velit</strong></span> <span class='ocrx_word' id='word_1_390' title='bbox 1104 3750 1193 3812; x_wconf 78' lang='lat' dir='ltr'><strong>poeta:</strong></span> 
     </span>
     <span class='ocr_line' id='line_1_48' title="bbox 79 3811 1193 3881; baseline 0.002 -19"><span class='ocrx_word' id='word_1_391' title='bbox 79 3811 187 3881; x_wconf 63' lang='lat' dir='ltr'><strong>amere,</strong></span> <span class='ocrx_word' id='word_1_392' title='bbox 204 3821 234 3867; x_wconf 84' lang='lat' dir='ltr'><strong>in</strong></span> <span class='ocrx_word' id='word_1_393' title='bbox 252 3817 322 3867; x_wconf 80' lang='lat' dir='ltr'><strong>diem</strong></span> <span class='ocrx_word' id='word_1_394' title='bbox 339 3818 411 3876; x_wconf 55' lang='lat' dir='ltr'><strong>mium</strong></span> <span class='ocrx_word' id='word_1_395' title='bbox 428 3831 461 3865; x_wconf 88' lang='lat' dir='ltr'><strong>an</strong></span> <span class='ocrx_word' id='word_1_396' title='bbox 479 3819 508 3866; x_wconf 81' lang='lat' dir='ltr'><strong>in</strong></span> <span class='ocrx_word' id='word_1_397' title='bbox 527 3815 595 3866; x_wconf 81' lang='lat' dir='ltr'><strong>diem</strong></span> <span class='ocrx_word' id='word_1_398' title='bbox 614 3814 720 3877; x_wconf 75' lang='lat' dir='ltr'><strong>dimisse,</strong></span> <span class='ocrx_word' id='word_1_399' title='bbox 740 3815 814 3867; x_wconf 75' lang='lat' dir='ltr'><strong>Vici.</strong></span> <span class='ocrx_word' id='word_1_400' title='bbox 838 3816 913 3865; x_wconf 89' lang='lat' dir='ltr'><strong>Prior</strong></span> <span class='ocrx_word' id='word_1_401' title='bbox 928 3816 1084 3866; x_wconf 87' lang='lat' dir='ltr'><strong>constructio</strong></span> <span class='ocrx_word' id='word_1_402' title='bbox 1101 3814 1193 3880; x_wconf 91' lang='lat' dir='ltr'><strong>pleris-</strong></span> 
     </span>
     <span class='ocr_line' id='line_1_49' title="bbox 80 3882 1193 3950; baseline 0.001 -20"><span class='ocrx_word' id='word_1_403' title='bbox 80 3895 125 3944; x_wconf 90' lang='lat' dir='ltr'><strong>que</strong></span> <span class='ocrx_word' id='word_1_404' title='bbox 140 3883 321 3950; x_wconf 89' lang='lat' dir='ltr'><strong>interpretibus</strong></span> <span class='ocrx_word' id='word_1_405' title='bbox 337 3883 448 3950; x_wconf 84' lang='lat' dir='ltr'><strong>placuit3</strong></span> <span class='ocrx_word' id='word_1_406' title='bbox 472 3889 502 3934; x_wconf 91' lang='lat' dir='ltr'><strong>ut</strong></span> <span class='ocrx_word' id='word_1_407' title='bbox 524 3884 569 3935; x_wconf 92' lang='lat' dir='ltr'><strong>ille</strong></span> <span class='ocrx_word' id='word_1_408' title='bbox 586 3886 631 3933; x_wconf 79' lang='lat' dir='ltr'><strong>sai</strong></span> <span class='ocrx_word' id='word_1_409' title='bbox 643 3888 738 3950; x_wconf 81' lang='lat' dir='ltr'><strong>potens</strong></span> <span class='ocrx_word' id='word_1_410' title='bbox 761 3883 897 3948; x_wconf 74' lang='lat' dir='ltr'><strong>laetusque</strong></span> <span class='ocrx_word' id='word_1_411' title='bbox 914 3883 1010 3948; x_wconf 74' lang='lat' dir='ltr'><strong>degere</strong></span> <span class='ocrx_word' id='word_1_412' title='bbox 1025 3883 1068 3934; x_wconf 87' lang='lat' dir='ltr'><strong>hie</strong></span> <span class='ocrx_word' id='word_1_413' title='bbox 1086 3882 1193 3945; x_wconf 87' lang='lat' dir='ltr'><strong>dicatur,</strong></span> 
     </span>
     <span class='ocr_line' id='line_1_50' title="bbox 80 3951 1194 4016; baseline 0.001 -17"><span class='ocrx_word' id='word_1_414' title='bbox 80 3951 121 4012; x_wconf 88' lang='lat' dir='ltr'><strong>qui</strong></span> <span class='ocrx_word' id='word_1_415' title='bbox 137 3955 165 4002; x_wconf 84' lang='lat' dir='ltr'><strong>in</strong></span> <span class='ocrx_word' id='word_1_416' title='bbox 182 3953 251 4004; x_wconf 81' lang='lat' dir='ltr'><strong>diam</strong></span> <span class='ocrx_word' id='word_1_417' title='bbox 269 3956 356 4016; x_wconf 84' lang='lat' dir='ltr'><strong>uiuat,</strong></span> <span class='ocrx_word' id='word_1_418' title='bbox 380 3952 433 4002; x_wconf 82' lang='lat' dir='ltr'><strong>sive</strong></span> <span class='ocrx_word' id='word_1_419' title='bbox 450 3952 519 4002; x_wconf 87' lang='lat' dir='ltr'><strong>ultra</strong></span> <span class='ocrx_word' id='word_1_420' title='bbox 536 3968 615 4002; x_wconf 90' lang='lat' dir='ltr'><strong>unum</strong></span> <span class='ocrx_word' id='word_1_421' title='bbox 640 3956 666 4000; x_wconf 89' lang='lat' dir='ltr'><strong>et</strong></span> <span class='ocrx_word' id='word_1_422' title='bbox 682 3956 840 4016; x_wconf 88' lang='lat' dir='ltr'><strong>praesentem</strong></span> <span class='ocrx_word' id='word_1_423' title='bbox 858 3951 925 4001; x_wconf 90' lang='lat' dir='ltr'><strong>diem</strong></span> <span class='ocrx_word' id='word_1_424' title='bbox 942 3951 1009 4001; x_wconf 89' lang='lat' dir='ltr'><strong>nihil</strong></span> <span class='ocrx_word' id='word_1_425' title='bbox 1026 3956 1131 4001; x_wconf 86' lang='lat' dir='ltr'><strong>conetur</strong></span> <span class='ocrx_word' id='word_1_426' title='bbox 1149 3956 1194 4000; x_wconf 88' lang='lat' dir='ltr'><strong>ant</strong></span> 
     </span>
     <span class='ocr_line' id='line_1_51' title="bbox 77 4017 1194 4083; baseline 0.003 -18"><span class='ocrx_word' id='word_1_427' title='bbox 77 4019 197 4073; x_wconf 79' lang='lat' dir='ltr'><strong>consulat.</strong></span> <span class='ocrx_word' id='word_1_428' title='bbox 232 4020 409 4077; x_wconf 82' lang='lat' dir='ltr'><strong>Quintilianus</strong></span> <span class='ocrx_word' id='word_1_429' title='bbox 425 4020 536 4070; x_wconf 88' lang='lat' dir='ltr'><strong>Declam.</strong></span> <span class='ocrx_word' id='word_1_430' title='bbox 545 4020 618 4071; x_wconf 86' lang='lat' dir='ltr'><strong>x111.</strong></span> <span class='ocrx_word' id='word_1_431' title='bbox 637 4021 669 4082; x_wconf 89' lang='lat' dir='ltr'><strong>[c.</strong></span> <span class='ocrx_word' id='word_1_432' title='bbox 682 4021 722 4081; x_wconf 81' lang='lat' dir='ltr'><strong>lt]</strong></span> <span class='ocrx_word' id='word_1_433' title='bbox 757 4017 836 4082; x_wconf 86' lang='lat' dir='ltr'><strong>„Non</strong></span> <span class='ocrx_word' id='word_1_434' title='bbox 854 4025 886 4069; x_wconf 82' lang='lat' dir='ltr'><strong>at</strong></span> <span class='ocrx_word' id='word_1_435' title='bbox 901 4018 976 4079; x_wconf 77' lang='lat' dir='ltr'><strong>serae</strong></span> <span class='ocrx_word' id='word_1_436' title='bbox 992 4020 1121 4083; x_wconf 79' lang='lat' dir='ltr'><strong>volucres,</strong></span> <span class='ocrx_word' id='word_1_437' title='bbox 1139 4034 1194 4069; x_wconf 84' lang='lat' dir='ltr'><strong>noa</strong></span> 
     </span>
     <span class='ocr_line' id='line_1_52' title="bbox 78 4086 1195 4153; baseline 0.002 -18"><span class='ocrx_word' id='word_1_438' title='bbox 78 4092 220 4148; x_wconf 78' lang='lat' dir='ltr'><strong>praecentis</strong></span> <span class='ocrx_word' id='word_1_439' title='bbox 236 4089 315 4139; x_wconf 87' lang='lat' dir='ltr'><strong>modo</strong></span> <span class='ocrx_word' id='word_1_440' title='bbox 333 4089 388 4139; x_wconf 81' lang='lat' dir='ltr'><strong>cibi</strong></span> <span class='ocrx_word' id='word_1_441' title='bbox 403 4103 537 4153; x_wconf 74' lang='lat' dir='ltr'><strong>mernor-es,</strong></span> <span class='ocrx_word' id='word_1_442' title='bbox 554 4089 582 4138; x_wconf 91' lang='lat' dir='ltr'><strong>in</strong></span> <span class='ocrx_word' id='word_1_443' title='bbox 600 4086 667 4138; x_wconf 87' lang='lat' dir='ltr'><strong>diem</strong></span> <span class='ocrx_word' id='word_1_444' title='bbox 683 4088 774 4136; x_wconf 84' lang='lat' dir='ltr'><strong>vivunt</strong></span> <span class='ocrx_word' id='word_1_445' title='bbox 791 4102 851 4152; x_wconf 87' lang='lat' dir='ltr'><strong>apes</strong></span> <span class='ocrx_word' id='word_1_446' title='bbox 857 4105 868 4150; x_wconf 90' lang='lat'><strong>,·</strong></span> <span class='ocrx_word' id='word_1_447' title='bbox 892 4087 1039 4137; x_wconf 76' lang='lat' dir='ltr'><strong>duratum</strong></span> <span class='ocrx_word' id='word_1_448' title='bbox 1057 4089 1137 4138; x_wconf 72' lang='lat' dir='ltr'><strong>bienni</strong></span> <span class='ocrx_word' id='word_1_449' title='bbox 1153 4102 1195 4137; x_wconf 81' lang='lat' dir='ltr'><strong>re-</strong></span> 
     </span>
     <span class='ocr_line' id='line_1_53' title="bbox 80 4154 1194 4222; baseline 0.003 -19"><span class='ocrx_word' id='word_1_450' title='bbox 80 4158 187 4215; x_wconf 78' lang='lat' dir='ltr'><strong>ponitur</strong></span> <span class='ocrx_word' id='word_1_451' title='bbox 203 4161 297 4220; x_wconf 73' lang='lat' dir='ltr'><strong>vicinas,</strong></span> <span class='ocrx_word' id='word_1_452' title='bbox 316 4161 343 4207; x_wconf 89' lang='lat' dir='ltr'><strong>ei</strong></span> <span class='ocrx_word' id='word_1_453' title='bbox 358 4156 466 4222; x_wconf 82' lang='lat' dir='ltr'><strong>repletis</strong></span> <span class='ocrx_word' id='word_1_454' title='bbox 483 4172 544 4207; x_wconf 81' lang='lat' dir='ltr'><strong>aare</strong></span> <span class='ocrx_word' id='word_1_455' title='bbox 562 4156 635 4206; x_wconf 82' lang='lat' dir='ltr'><strong>celtis</strong></span> <span class='ocrx_word' id='word_1_456' title='bbox 653 4160 726 4204; x_wconf 74' lang='lat' dir='ltr'><strong>nelos</strong></span> <span class='ocrx_word' id='word_1_457' title='bbox 744 4170 831 4205; x_wconf 76' lang='lat' dir='ltr'><strong>anneta</strong></span> <span class='ocrx_word' id='word_1_458' title='bbox 849 4156 911 4205; x_wconf 88' lang='lat' dir='ltr'><strong>est.“</strong></span> <span class='ocrx_word' id='word_1_459' title='bbox 937 4154 1070 4205; x_wconf 80' lang='lat' dir='ltr'><strong>CiceroII.</strong></span> <span class='ocrx_word' id='word_1_460' title='bbox 1089 4156 1119 4206; x_wconf 83' lang='lat' dir='ltr'><strong>de</strong></span> <span class='ocrx_word' id='word_1_461' title='bbox 1132 4155 1194 4206; x_wconf 86' lang='lat' dir='ltr'><strong>Ora·</strong></span> 
     </span>
     <span class='ocr_line' id='line_1_54' title="bbox 79 4223 1196 4293; baseline 0.004 -21"><span class='ocrx_word' id='word_1_462' title='bbox 79 4223 131 4272; x_wconf 80' lang='lat' dir='ltr'><strong>tore</strong></span> <span class='ocrx_word' id='word_1_463' title='bbox 150 4226 333 4293; x_wconf 76' lang='lat' dir='ltr'><strong>[c.40§169]:</strong></span> <span class='ocrx_word' id='word_1_464' title='bbox 369 4224 419 4288; x_wconf 81' lang='lat' dir='ltr'><strong>„Si</strong></span> <span class='ocrx_word' id='word_1_465' title='bbox 436 4225 612 4276; x_wconf 81' lang='lat' dir='ltr'><strong>barbarorum</strong></span> <span class='ocrx_word' id='word_1_466' title='bbox 629 4224 712 4273; x_wconf 82' lang='lat' dir='ltr'><strong>estin</strong></span> <span class='ocrx_word' id='word_1_467' title='bbox 731 4223 797 4273; x_wconf 89' lang='lat' dir='ltr'><strong>diem</strong></span> <span class='ocrx_word' id='word_1_468' title='bbox 815 4223 906 4284; x_wconf 72' lang='lat' dir='ltr'><strong>mucre,</strong></span> <span class='ocrx_word' id='word_1_469' title='bbox 924 4229 1017 4275; x_wconf 81' lang='lat' dir='ltr'><strong>nostra</strong></span> <span class='ocrx_word' id='word_1_470' title='bbox 1035 4225 1147 4276; x_wconf 81' lang='lat' dir='ltr'><strong>consilia</strong></span> <span class='ocrx_word' id='word_1_471' title='bbox 1165 4227 1196 4275; x_wconf 84' lang='lat' dir='ltr'><strong>in</strong></span> 
     </span>
    </p>
   </div>
   <div class='ocr_carea' id='block_1_9' title="bbox 128 4312 1041 4368">
    <p class='ocr_par' dir='ltr' id='par_1_13' title="bbox 128 4312 1041 4368">
     <span class='ocr_line' id='line_1_55' title="bbox 128 4312 1041 4368; baseline -0.004 -3"><span class='ocrx_word' id='word_1_472' title='bbox 128 4323 235 4368; x_wconf 78' lang='lat' dir='ltr'><strong>Horatius.</strong></span> <span class='ocrx_word' id='word_1_473' title='bbox 248 4324 265 4367; x_wconf 88' lang='lat'><strong>1.</strong></span> <span class='ocrx_word' id='word_1_474' title='bbox 1011 4312 1041 4361; x_wconf 84' lang='grc'><strong>15</strong></span> 
     </span>
    </p>
   </div>
   <div class='ocr_carea' id='block_1_10' title="bbox 0 0 1422 4764">
    <p class='ocr_par' dir='ltr' id='par_1_14' title="bbox 0 0 1422 4764">
     <span class='ocr_line' id='line_1_56' title="bbox 0 0 1422 4764; baseline 0 0"><span class='ocrx_word' id='word_1_475' title='bbox 0 0 1422 4764; x_wconf 95' lang='lat' dir='ltr'><strong> </strong></span> 
     </span>
    </p>
   </div>
  </div>
 </body>
</html>
