2818 4758
441 262 621 310 desumunt
642 262 708 308 LIB.
731 262 779 308 111.
803 256 826 308 3.

158 398 245 463 Dum
267 396 384 478 longus
407 393 489 460 inter
512 396 635 461 saeviat
656 395 738 461 ilion

158 485 357 563 Romamque
379 486 513 566 pontus;
536 480 680 562 qualibet
700 479 830 547 exsules

200 567 238 630 In
260 572 352 651 parte
374 570 529 645 regnanto
551 565 652 631 beati:

110 665 145 715 40
158 652 244 715 Dum
268 648 387 716 Priami
409 650 598 732 Paridisque
620 650 715 716 busto

156 735 295 802 Insultet
315 739 505 812 armentum,
528 741 560 799 et
581 735 705 800 catulos
728 734 817 802 letae

158 820 270 886 Celent
291 817 429 897 inultae;
453 824 517 885 stet
538 818 733 904 Capitolium

199 905 352 986 Fulgens,
376 902 645 989 triumphatisque
667 902 770 989 possit

243 991 344 1054 Roma
365 987 458 1054 ferox
480 988 557 1053 dare
578 988 650 1053 iura
671 988 783 1054 Medis.

111 1087 143 1137 45
158 1073 326 1139 Horrenda
347 1073 412 1139 late
434 1092 549 1137 nomen
570 1073 603 1137 in
626 1073 755 1139 ultimas

157 1158 319 1224 Extendat
340 1178 427 1230 oras;
451 1178 516 1240 qua
538 1156 663 1223 medius
685 1158 790 1240 liquor

200 1242 345 1308 Seoernit
364 1243 516 1328 Europen
537 1243 579 1309 ab
601 1243 690 1321 Afro,

243 1327 316 1405 Qua
339 1326 481 1393 tumidus
502 1327 588 1408 rigat
609 1347 688 1393 arva
708 1325 819 1393 Nilus:

157 1413 280 1478 Aurum
302 1412 508 1498 inrepertum,
532 1417 565 1476 et
587 1412 633 1477 sio
654 1412 770 1478 melius
793 1411 890 1477 situm

112 1509 144 1560 50
160 1495 241 1561 Cum
263 1502 348 1563 terra
369 1497 462 1575 aelat,
485 1515 637 1581 spernere
659 1497 779 1573 fortior,

200 1581 305 1660 Quam
327 1600 443 1664 eogere
464 1582 622 1647 humanos
643 1580 677 1646 in
699 1603 778 1648 usus

244 1667 346 1733 Omne
370 1687 496 1732 saorum
518 1667 663 1751 rapiente
685 1667 808 1732 dextra.

157 1750 356 1833 Quicumque
377 1751 497 1816 mundo
519 1750 673 1818 terminus
695 1751 827 1830 obstitit,

156 1836 250 1900 Hune
271 1842 385 1918 tangat
406 1836 520 1916 armis;
542 1835 645 1903 risere
667 1836 810 1919 gestiens

67 2021 142 2072 enim
159 2020 257 2072 Ducite
273 2021 377 2075 habent.
411 2022 478 2073 Vera
496 2024 579 2073 tamen
597 2022 667 2087 apud
684 2021 821 2071 Horatium
838 2019 915 2069 leotio
934 2022 980 2081 est,
999 2034 1076 2083 qaam
1093 2018 1140 2068 ulii
1158 2033 1201 2070 eo·
1262 2044 1266 2051 ’

66 2088 142 2139 diaes
160 2088 280 2139 exhibent
298 2106 355 2139 oum
372 2090 471 2139 Aesone
489 2089 639 2152 Scholiasta,
659 2086 794 2143 (10000,οΖ
825 2088 976 2138 Discentur
992 2087 1060 2136 enim
1078 2102 1143 2151 quae
1160 2086 1214 2138 vel-

66 2155 251 2207 diffienltatem
275 2157 316 2207 rel
338 2161 434 2207 metum
456 2157 497 2207 vel
519 2157 650 2207 fastidium
674 2156 782 2206 habent:
814 2162 842 2206 at
864 2155 892 2203 in
917 2158 1018 2204 naatare
1043 2153 1201 2219 degustando

66 2223 142 2275 nihil
159 2224 249 2274 horum
267 2228 313 2275 est.
348 2225 407 2274 Non
424 2225 509 2290 planet
526 2225 608 2290 igitur
626 2225 741 2275 discere:
761 2224 829 2289 quod
846 2221 1030 2287 interpolatum
1047 2221 1078 2272 ab
1097 2223 1131 2273 iis
1148 2224 1201 2273 exi·

66 2292 165 2354 stimo,
190 2292 235 2356 qni
258 2308 350 2343 000000
374 2309 431 2343 aum
456 2293 632 2360 Porphyrioue
655 2308 765 2358 sapores
788 2290 1037 2356 interpretabantur:
1065 2290 1203 2341 absurdum

66 2360 144 2410 enim
160 2359 193 2409 iis
212 2360 293 2410 visum
311 2364 348 2410 est
367 2360 470 2426 ducere,
490 2360 542 2410 sive
560 2361 648 2411 bitere
665 2376 783 2426 sapores.
800 2359 881 2423 Atqui
899 2357 970 2408 aliud
985 2357 1029 2407 hia
1046 2373 1093 2424 per
1108 2374 1202 2409 000000

67 2427 271 2491 intelligendum
289 2432 339 2489 est,
359 2428 493 2493 liquorum
512 2429 626 2492 scilieet,
646 2428 766 2491 laticem,
791 2428 943 2485 000000ος
969 2429 999 2475 nt
1015 2426 1112 2491 passim
1128 2442 1202 2476 usur·

66 2498 138 2562 pant
155 2499 285 2556 auctores3
303 2501 329 2546 et
344 2496 454 2561 proinde
471 2499 546 2547 rueea'
562 2496 602 2546 illi
619 2498 737 2546 nantario
755 2495 819 2545 daei
835 2494 888 2545 sive
914 2494 969 2543 titi
992 2500 1105 2558 possunt.
1141 2488 1202 2544 Oti·

66 2564 131 2613 dius
142 2563 338 2614 Remeddmor.
357 2567 389 2626 [v.
400 2565 468 2627 2271.
493 2563 597 2629 „Saepe
614 2564 669 2614 bibi
687 2579 784 2625 suanos,
801 2564 923 2628 quamvis
941 2564 1049 2624 savino,
1067 2561 1202 2616 amaros.“

66 2631 146 2681 etin
170 2631 250 2682 Ibide.
276 2634 308 2695 [v.
328 2633 387 2693 308]
414 2630 629 2696 „Oarrtlraridam
654 2647 755 2693 suanos,
787 2631 868 2681 dante
888 2634 1016 2694 parante,
1041 2629 1139 2680 bibas.“
1175 2634 1202 2680 et

68 2701 153 2749 Pont.
171 2699 248 2760 lv,3.
260 2701 346 2762 [add]
381 2699 420 2762 „l,
438 2697 498 2749 bibe
514 2704 673 2765 purgantes,
692 2700 828 2762 dixissem,
845 2703 956 2763 pectora
970 2701 1086 2747 sneaos.“
1112 2697 1201 2748 Cicero

67 2766 185 2831 denique
209 2767 239 2817 da
263 2767 430 2817 Divinatione
454 2768 483 2824 Ι,
510 2769 536 2818 9.
574 2766 801 2833 „Mollipedesque
826 2766 903 2816 boner
925 2771 1075 2831 eportantes
1098 2765 1202 2816 lamina

68 2834 146 2885 caeli
162 2832 282 2885 Noritae
299 2834 463 2897 damifaram
480 2835 578 2884 ducunt
596 2850 630 2885 00
648 2839 710 2886 aare
727 2838 856 2885 sneonm.“
891 2832 1007 2883 Ceterum
1021 2833 1118 2884 dusera
1134 2833 1202 2884 idem

67 2917 177 2953 esseae
196 2903 284 2952 didere
300 2903 355 2953 fuse
373 2902 487 2952 ostendit
505 2905 668 2954 acutissimus
685 2902 809 2953 Heinsius
828 2901 860 2952 ad
878 2900 950 2951 Ouid.
962 2900 1202 2962 testamentare.

142 2972 185 3021 53.
204 2968 369 3036 Qnieramqua
385 2969 482 3023 mandi
499 2975 628 3021 terminas
647 2972 755 3034 obstitit,
774 2970 852 3019 Hune
870 2974 967 3034 tangat
984 2972 1077 3032 armis]
1098 2962 1201 3031 ’Primo,

65 3052 161 3087 omnes
178 3037 230 3088 iere
248 3039 348 3089 aodioas
365 3038 487 3100 aliorum,
512 3044 538 3089 et
559 3039 641 3088 nostri
663 3042 766 3104 praeter
788 3054 867 3088 unum
892 3041 918 3086 et
942 3036 1049 3086 alterum
1066 3052 1098 3087 ex
1114 3052 1202 3086 raaen·

65 3104 194 3170 tioribns,
214 3121 289 3156 man
299 3106 353 3170 do,
371 3122 423 3156 non
440 3107 548 3167 mandi3
567 3111 592 3157 et
609 3106 646 3157 sia
665 3107 790 3157 editiones
801 3109 897 3156 veteres
915 3102 1011 3154 Veneta
1028 3108 1054 3154 et
1070 3104 1203 3158 Losoheri.

64 3173 175 3224 Primus
193 3178 221 3225 ut
237 3175 346 3239 upinor,
371 3174 511 3224 Lambinus
529 3174 672 3224 introduxit
689 3174 796 3234 mundi;
820 3188 894 3239 quem
917 3172 1069 3237 posteriores
1087 3171 1202 3237 plerique

64 3240 140 3292 mela
157 3242 238 3291 seanti
258 3245 326 3293 snut.
363 3241 431 3309 Quid
449 3243 537 3299 enimi
564 3242 666 3292 cuinam
683 3242 779 3293 mandi
796 3244 924 3291 terminas
942 3241 1060 3289 atatim?
1084 3240 1202 3290 Romano

64 3308 181 3361 scilieet.
216 3310 296 3374 Atqui
321 3311 344 3360 si
367 3309 416 3360 iam
442 3311 544 3360 atatim
559 3311 686 3371 Romano,
711 3310 762 3360 iam
785 3311 808 3360 is
833 3307 976 3358 obstantem
998 3310 1093 3373 teta‘gr't.
1128 3308 1202 3360 Unde

64 3394 81 3428 0
118 3393 149 3437 e,
173 3377 240 3440 quod
264 3393 322 3427 mox
345 3378 472 3442 sequitur,
498 3378 594 3441 „Hane
618 3382 715 3442 tangat
737 3377 856 3428 armis‘?
891 3375 958 3426 Mira
976 3379 1043 3426 certe
1061 3375 1202 3442 elegantia:

62 3483 84 3512 „
115 3450 202 3509 angat
220 3448 379 3509 terminum,
397 3461 473 3510 0000
491 3447 546 3495 iam
564 3451 627 3495 anta
645 3448 762 3510 tetigit.“
794 3446 932 3495 Enimvero
950 3444 973 3493 si
989 3444 1086 3495 mundi
1101 3445 1203 3510 legeris,

61 3528 174 3564 neeesse
192 3517 230 3563 est
246 3517 276 3563 ut
293 3516 426 3563 obstiterat
441 3513 526 3578 legas,
547 3529 599 3563 non
617 3515 725 3565 atratis.
761 3513 811 3562 Sed
829 3516 896 3562 reate
921 3510 999 3563 habet
1014 3513 1101 3578 prisea
1117 3513 1204 3576 lentio,

139 3583 145 3593 .
347 3583 352 3595 .
484 3583 511 3595 ..
648 3583 665 3610 α
1089 3582 1095 3593 .
1144 3582 1150 3593 .

62 3579 647 3714 elusus„sustentasset:
665 3579 1204 3714 reassumam{tersis

63 3714 180 3767 vetustis
197 3716 290 3766 habere
308 3721 446 3782 tangat,
469 3732 522 3766 non
541 3722 644 3782 tangat.
679 3716 729 3767 Sed
746 3716 837 3766 melius
854 3721 893 3766 est
911 3721 1048 3782 tangat,
1072 3721 1102 3767 ut
1125 3730 1204 3783 supra

64 3788 131 3847 stat,
149 3786 240 3849 possit,
259 3785 395 3836 ostendat.
421 3783 490 3835 Illud
508 3783 617 3850 deniqne
635 3784 824 3851 minusplaoet,
843 3787 1049 3849 quinamque
1066 3787 1203 3835 tanninua.

66 3852 144 3908 Quot
161 3853 244 3915 enim,
269 3851 388 3916 obsearo,
414 3855 475 3902 sunt
492 3852 581 3902 mundi
599 3853 723 3903 termini?
756 3852 875 3916 Legerim
897 3853 998 3918 potins,
1023 3852 1203 3916 „Quarumque

65 3917 314 3970 mendacemiam
326 3922 435 3984 obstitit,
454 3921 532 3971 Hane
550 3925 648 3987 tangat
664 3923 774 3972 armis.“
791 3925 821 3970 nt
838 3920 1027 3985 moxssqnitur,
1046 3934 1114 3983 „qua
1125 3924 1203 3985 parta

69 3989 160 4051 ignes,
179 4003 229 4052 qua
247 3987 385 4039 netalaa.“
412 3988 508 4039 Sanaos
525 3991 609 4039 tamen
629 3992 755 4039 laminas
773 3988 803 4039 de
821 3988 1038 4052 mundoasurpat,
1056 3984 1202 4053 Episth.

70 4054 101 4120 [5
120 4055 147 4116 9]
174 4054 320 4118 „Animam
343 4059 373 4105 a'n
396 4055 507 4125 sordida
531 4061 558 4106 at
580 4057 694 4107 humilia
715 4058 913 4122 00000οἰ0000,
937 4061 969 4106 at
990 4054 1084 4105 satiato
1107 4055 1202 4105 mando

67 4122 241 4186 terminisque
258 4124 327 4184 aius,
352 4129 380 4173 st
396 4122 511 4174 dominis
529 4130 625 4176 saneta
643 4126 826 4188 versantibus,
844 4129 944 4174 terram
960 4125 1134 4174 rimaretur.“
1168 4123 1205 4175 Ut

68 4188 183 4255 proinde
206 4189 271 4243 illud
300 4190 466 4258 Quicumque
492 4208 544 4244 nou
571 4194 606 4243 sit
632 4197 724 4245 temera
750 4192 955 4246 sollicitandam:
982 4206 1146 4257 quamquam,
1180 4192 1204 4243 si
