2840 4752
223 242 287 308 454
606 256 639 318 o.
660 257 802 306 nonsrn
822 257 946 306 nalem

286 393 325 458 Iu
346 389 453 457 media
473 389 569 458 iussit
588 391 708 477 Libya3
731 391 808 476 quia
829 391 954 458 tardius
974 391 1057 458 irent

286 479 421 562 Propter
442 496 524 541 onus
545 495 672 558 segnes.
716 485 788 558 uter
809 483 860 543 est
879 476 1021 543 insanior
1041 477 1179 545 horum?

208 626 212 633 ,
287 561 343 627 Nil
362 561 433 643 agit
453 561 644 647 exemplum,
665 559 754 627 litem
776 561 863 646 quod
883 561 940 637 lite
960 563 1101 629 resolvit.

256 655 258 659 ’
287 646 323 712 Si
344 646 417 730 quis
438 651 524 712 emat
544 646 693 724 citharas,
716 652 819 713 emtas
838 652 1004 795 conportet
1023 647 1056 713 in
1077 668 1188 729 unum,

224 744 269 797 ιω
289 733 359 799 Nee
380 730 486 797 studio
510 731 661 810 citharae,
682 751 742 797 nec
761 733 874 798 Musae
918 732 1023 799 editus
1045 733 1117 812 ulli;
1214 772 1218 779 ·

286 815 322 884 si
344 816 471 902 scalpra
491 822 524 882 et
544 817 665 882 formas
685 836 750 881 non
771 824 875 896 sutor;
897 817 1028 883 nautica
1046 818 1120 884 vela

285 903 429 969 Aversus
450 900 654 967 mercaturis:
677 900 797 967 delirus
818 908 852 968 et
872 921 984 968 amens

286 986 437 1070 Undique
458 986 583 1052 dicatur
602 985 725 1052 merite.
768 992 825 1071 qui
847 986 1010 1073 discrepat
1029 985 1110 1065 istis,

289 1073 353 1152 Qui
372 1089 520 1137 nummos
541 1089 720 1155 aurumque
740 1071 892 1149 recondit,
913 1072 1042 1138 nescius
1063 1072 1111 1137 uti

223 1171 269 1221 ¹10
290 1156 482 1243 (impositis,
503 1163 713 1240 metuensque
734 1156 829 1226 veluti
843 1158 1027 1238 contingere
1049 1161 1199 1225 sacrum?

287 1242 323 1309 Si
344 1240 417 1326 quis
437 1241 481 1306 ad
500 1241 662 1324 ingentem
684 1241 835 1307 immenti
857 1262 984 1328 semper
1005 1261 1154 1309 acervum

285 1327 451 1393 Proiectus
471 1325 584 1409 vigilet
604 1346 676 1392 cum
697 1326 804 1409 longo
816 1327 917 1406 iuste3
940 1346 1045 1410 neque
1065 1327 1153 1392 illinc

285 1412 414 1478 Audeat
434 1411 579 1478 esuriens
601 1411 748 1477 domiuus
769 1410 953 1494 contingere
974 1427 1126 1493 granum3

285 1497 333 1562 Ac
354 1496 462 1584 potius
484 1496 571 1563 foliis
592 1515 709 1583 parcus
730 1503 878 1562 vescatur
898 1496 1035 1563 amaris:

224 1595 270 1646 115
289 1581 335 1658 Si,
357 1581 472 1667 positis
492 1580 578 1646 intus
600 1580 672 1646 Chii
693 1582 874 1663 veterisque
895 1581 1024 1647 Falerni

286 1666 374 1733 Mille
396 1666 495 1745 cadis,
516 1665 599 1731 nihil
618 1672 677 1743 est,
700 1672 874 1732 tercentum
895 1666 1046 1744 millibus,
1072 1685 1147 1733 acre

287 1754 380 1818 Petet
401 1758 542 1818 acetum:
564 1769 637 1833 age,
659 1751 687 1816 si
709 1757 742 1816 et
763 1752 945 1818 stramentis
966 1751 1096 1816 incubet
1117 1750 1218 1819 unde·

289 1837 461 1919 Octoginta
481 1855 583 1903 annos
604 1842 710 1914 natus,
732 1836 784 1901 cui
806 1838 951 1917 stragula
972 1837 1081 1913 vestis,

157 1976 164 1990 .
286 1922 465 1987 Blattarum
486 1941 525 1986 ac
546 1920 703 1986 tinearum
725 1920 850 2006 epulae,
872 1927 1036 2007 putrescat
1055 1921 1090 1984 in
1110 1940 1201 1987 mco:

225 2019 271 2070 120
290 2007 449 2073 Nimirum
470 2006 603 2072 insanus
622 2006 736 2104 paucis
757 2006 919 2085 rideatur;
941 2025 980 2071 eo
1002 2005 1089 2089 quod

286 2092 427 2158 Maxima
448 2112 524 2178 pars
544 2092 709 2157 hommum
730 2093 840 2156 morbo
861 2091 997 2157 iactatur
1019 2091 1141 2159 eodem

285 2176 388 2243 Filius
410 2177 585 2242 autetiam
606 2176 686 2241 haec
705 2175 839 2242 libertus
861 2181 897 2242 ut
919 2177 1027 2242 ebibat
1048 2176 1152 2256 heres,

502 2345 526 2381 v.
545 2329 602 2381 108.
624 2327 701 2394 Vulg.
721 2327 799 2390 Quid.
837 2330 893 2381 112.
911 2329 1059 2380 Porrectua.

293 2497 351 2549 108.
386 2496 458 2559 Quid
474 2497 609 2563 ducrepat
626 2500 712 2560 iaciat]
746 2496 828 2547 Miror
850 2497 983 2561 plerasque
1006 2496 1131 2547 editiones
1155 2496 1223 2562 quid
1238 2497 1282 2547 hic
1299 2494 1341 2546 ob·

224 2565 339 2615 trudere:
358 2580 415 2614 cnm
432 2565 544 2616 Venetae
562 2566 682 2631 antiquae
700 2570 726 2615 et
742 2566 915 2616 Loscheriena
932 2568 981 2630 qui
995 2569 1063 2616 recte
1080 2565 1224 2616 dedissent:
1251 2563 1341 2631 quibus

223 2632 396 2697 astipulantur
419 2633 542 2699 quicquid
565 2649 672 2698 usquam
695 2633 747 2684 iere
772 2638 810 2683 est
833 2633 949 2684 codicum
972 2634 1134 2697 scriptorum.
1167 2632 1255 2697 „Qui‚
1279 2634 1297 2683 'n
1320 2647 1340 2683 a.

223 2699 369 2819 gaumario:
397 2705 426 2750 nt
442 2704 526 2751 Acron
545 2701 705 2752 Scholiastes.
732 2702 773 2751 Ita
794 2701 862 2751 infra
879 2718 901 2753 v.
919 2703 979 2755 260.
1004 2701 1136 2763 ‚‚Amctor
1153 2701 1281 2751 seclusus
1298 2700 1342 2766 qui

243 2770 342 2818 1311110*
1290 2794 1293 2799 -

294 2837 350 2888 112.
384 2835 526 2886 Pometiae
542 2836 637 2901 uigilet
658 2852 719 2886 mam
742 2835 822 2900 lengo
840 2835 920 2899 susle]
955 2837 1009 2885 Iam
1026 2832 1115 2898 anteass
1142 2834 1226 2888 Carm.
1243 2834 1341 2886 semet

223 2905 272 2971 ΙΙΙ,
293 2907 332 2966 10,
350 2906 375 2956 3.
398 2910 425 2954 et
440 2903 525 2970 Epod.
542 2904 582 2967 X,
599 2906 640 2957 22.
666 2920 713 2969 pro
727 2909 883 2970 porraceo,
908 2905 975 2969 quod
993 2920 1078 2954 omnes
1096 2903 1134 2954 ibi
1151 2904 1252 2954 codices
1270 2901 1341 2969 qnasi

223 2973 255 3023 de
272 2976 404 3038 compacto
421 2987 553 3037 perperam
570 2970 731 3035 exhibebant,
749 2972 927 3022 substituimus
942 2976 1086 3038 proiectus.
1117 2975 1201 3036 Atque
1218 2972 1263 3022 hic
1282 2987 1341 3038 quo·

223 3056 273 3106 que
291 3057 339 3090 vox
356 3040 444 3090 eadem
459 3041 606 3106 reponenda
623 3041 679 3105 erit,
695 3041 856 3105 quantumvis
874 3040 1072 3090 reclamantibus
1088 3039 1217 3102 librariis,
1236 3054 1340 3105 quorum

224 3109 313 3174 paucis
331 3108 418 3158 datum
435 3113 490 3158 erat
507 3108 599 3159 habere
617 3125 714 3159 nasum,
745 3107 795 3172 „Si
810 3111 871 3173 quio
889 3107 926 3158 ad
941 3111 1076 3172 ingentem
1092 3107 1224 3169 frumenti
1240 3121 1341 3175 semper

223 3191 349 3227 nemum
365 3176 498 3225 Proiectus
521 3177 617 3241 vigilet,
639 3192 699 3227 cum
724 3175 805 3240 longo
827 3174 923 3236 furte.“
957 3174 1027 3231 Quid
1049 3176 1118 3226 enim
1140 3175 1183 3225 hic
1200 3176 1265 3226 iacit
1278 3191 1341 3243 por·

223 3245 332 3294 rectus?
349 3245 389 3291 An
407 3247 436 3292 tu
455 3244 537 3293 credis
554 3260 656 3294 ararum
673 3245 750 3306 hunc,
768 3243 897 3294 sordidum
911 3247 937 3293 et
948 3243 1096 3308 lupercum,
1113 3243 1141 3294 in
1158 3243 1231 3294 molli
1246 3243 1340 3294 lectulo

223 3316 251 3361 et
267 3309 375 3361 culcitra
391 3311 492 3375 plumea
508 3311 541 3360 ad
558 3327 674 3362 acervum
690 3312 811 3362 frumenti
833 3311 1001 3362 decubuisse?
1028 3316 1104 3377 atque
1128 3311 1191 3362 adeo
1214 3326 1276 3377 prae
1300 3312 1339 3362 da·

223 3378 293 3429 liciis
309 3376 422 3428 membra
438 3377 489 3428 sibi
506 3379 697 3444 exporrexisse?
723 3379 796 3430 Certe
818 3378 847 3429 id
863 3380 969 3430 denotat
982 3385 1140 3446 porrectus,
1162 3384 1193 3429 ut
1210 3380 1290 3430 Sernn
1307 3378 1338 3439 Π,
1371 3410 1373 3417 1

223 3450 248 3500 6.
265 3463 289 3496 r.
309 3448 366 3499 106.
400 3445 493 3511 „Ergo
511 3449 559 3497 ubi
574 3463 712 3513 purpurea
728 3452 872 3513 porrectum
891 3450 921 3497 in
943 3453 1013 3498 vesle
1037 3448 1161 3499 locuui!.“
1196 3452 1223 3498 et
1247 3447 1338 3498 ibidem

222 3534 245 3566 v.
264 3516 305 3567 88.
333 3512 416 3576 „Cum
433 3517 586 3580 celeripes
603 3515 794 3581 domuspalea
811 3520 942 3581 porrectus
960 3518 990 3564 in
1008 3517 1126 3567 borna“:
1144 3515 1257 3566 molliter
1274 3516 1338 3565 enin

224 3588 280 3633 tum
297 3586 323 3633 et
339 3582 447 3632 delicate
465 3581 582 3633 recubuit
598 3599 654 3633 mus
671 3583 715 3633 ille
732 3584 853 3646 rusticus,
870 3584 913 3633 cui
930 3598 1017 3633 recens
1034 3584 1109 3648 palca
1125 3600 1174 3649 pro
1184 3581 1264 3634 cubili
1280 3587 1337 3633 erat

223 3651 379 3702 Prudentius
404 3649 547 3716 Hamartig.
574 3668 597 3702 v.
622 3654 682 3705 850.
722 3651 801 3716 „Illic
825 3666 963 3717 praepares
990 3651 1061 3701 latas
1086 3655 1234 3717 exporrecta
1260 3651 1339 3702 credili

223 3719 349 3771 Floribus
367 3721 483 3769 naamis
499 3721 633 3785 spirantes
651 3720 717 3769 libat
734 3719 852 3769 oderes.“
887 3721 967 3768 Immo
984 3735 1042 3769 rere
1059 3718 1142 3784 nudo,
1160 3720 1269 3785 opinor,
1287 3718 1339 3769 solo

223 3788 264 3838 rel
282 3787 328 3837 vili
345 3787 466 3837 stramine
489 3790 624 3852 proiectus
646 3787 771 3852 vigilabat
794 3787 853 3850 ille,
876 3787 1031 3848 Euclionum
1048 3788 1161 3838 omnium
1177 3788 1338 3838 miserrimas.

224 3855 305 3907 Silius
322 3854 430 3905 Italicus
453 3854 496 3905 lib.
514 3854 570 3907 XV.
599 3859 632 3919 [v.
652 3857 711 3918 100]
746 3853 898 3915 „Stromice
921 3855 1051 3920 proiectus
1075 3854 1143 3905 duro
1167 3858 1271 3921 patiere
1291 3854 1336 3904 sab

223 3927 305 3974 astru
321 3923 457 3974 Imomnss
473 3926 589 3974 nocbs.“
622 3924 721 3974 Statius
739 3921 818 3973 Theb.
844 3924 876 3986 [I]
899 3940 924 3973 r.
942 3924 1000 3975 587.
1035 3923 1137 3986 „uiridi
1158 3938 1222 3973 nam
1245 3925 1337 3987 cespite

223 3996 313 4042 terras
329 3990 475 4040 Proiectum
493 3996 604 4056 umere,
630 3997 657 4042 el
679 3991 774 4056 patulo
793 3992 895 4041 caelum
913 4007 959 4041 ore
977 3991 1151 4041 cramtem.“
1184 3990 1250 4041 Vide
1266 3989 1337 4056 plnrs

224 4059 257 4108 ad
273 4058 356 4109 Oarm.
373 4059 423 4118 Ill,
443 4061 482 4110 10.
500 4074 523 4110 v.
542 4061 566 4111 3.
584 4059 702 4109 Ceterum
715 4064 858 4125 porrectus
874 4064 901 4108 et
916 4060 1051 4124 proiectus
1069 4058 1165 4122 passim
1181 4074 1197 4109 a
1215 4057 1335 4109 Librariis

223 4125 347 4176 conlundi
363 4128 502 4187 testantur,
529 4126 574 4191 qui
591 4126 733 4188 Catullum,
758 4126 890 4187 Ovidium,
918 4126 982 4176 alios
1006 4126 1038 4176 ad
1056 4126 1207 4191 scriptorum
1225 4127 1335 4177 codicum

143 4196 146 4203 '
225 4191 299 4241 fldem
317 4191 458 4242 ediderunt.
