2810 4764
406 280 584 329 chunutus
604 280 670 329 LIB.
686 280 735 330 111.
759 277 796 329 19.
820 277 861 332 2⁰.

117 427 145 478 tt
158 416 272 501 Spissa
294 421 325 481 te
347 414 483 482 nitidum
505 435 605 494 coma,

239 502 325 566 Puro
347 506 378 566 te
400 500 546 578 similem,
568 502 719 589 Telephe,
742 523 886 590 vespero,

156 588 233 653 Tem
258 586 361 651 estiva
381 585 462 672 petit
481 585 608 653 Rhode:

272 690 291 736 e
311 671 417 738 lentus
439 670 596 756 Glycerae
616 678 716 738 torret
736 692 826 738 amor
845 692 945 743 meae.

593 840 667 907 XX.

424 959 498 1025 AD
534 959 830 1028 PYRRHUM.

152 1076 225 1141 Non
247 1076 339 1143 rides
360 1083 480 1161 quanto
499 1096 630 1145 moveas
651 1078 780 1164 periclo,

153 1161 287 1247 Pyrrhe,
310 1164 467 1231 Gaetulae
489 1163 613 1231 catulos
634 1164 789 1231 leaenae?

150 1248 243 1312 Dura
263 1255 338 1334 post
358 1249 467 1335 paullo
490 1249 596 1330 fugies
618 1248 759 1315 inaudax

372 1332 499 1401 Proelia
520 1339 646 1419 raptor:

444 1469 467 1505 r.
485 1454 526 1505 27.
545 1451 620 1517 Vulg.
638 1453 708 1503 Petit
727 1451 812 1503 Chloe.

1 1599 2 1602 =
65 1585 122 1619 non
140 1570 244 1633 habitis,
261 1571 309 1620 hoc
327 1575 432 1625 estnon
450 1573 520 1636 apta,
537 1586 588 1621 nou
606 1586 660 1636 par,
679 1586 730 1620 non
744 1571 909 1631 conveniens3
928 1571 1090 1623 relativorum
1107 1574 1183 1635 enim,

63 1642 96 1688 nt
120 1637 188 1703 dixi,
215 1639 346 1703 reciproca
369 1638 524 1703 significatio
548 1643 599 1689 ests
627 1639 651 1688 si
668 1639 752 1705 Lycus
773 1639 847 1699 uxori
870 1656 922 1689 non
939 1639 1034 1692 habilis
1051 1649 1104 1702 est3
1132 1648 1186 1692 tum

65 1705 178 1755 vicissim
195 1721 259 1757 uxor
276 1720 327 1757 uon
345 1705 438 1757 habilis
456 1712 494 1756 est
510 1707 587 1773 Lyco.
623 1709 698 1757 Potes
722 1714 747 1757 et
770 1723 825 1757 non
848 1707 945 1757 trahitis
968 1707 1109 1774 explicare,
1132 1725 1184 1760 non

65 1773 224 1835 necabitis,
250 1790 314 1839 quae
331 1791 346 1825 a
362 1790 421 1825 sens
443 1774 535 1824 marito
558 1775 614 1839 regi
636 1780 661 1825 st
684 1774 822 1840 gubernari
843 1791 894 1825 nou
913 1779 1009 1841 potest:
1036 1777 1185 1843 [Euripides

63 1840 208 1903 Phoenice,
233 1842 322 1906 fragm,
343 1845 354 1894 1
375 1842 462 1905 Diod]
492 1841 630 1894 Δέσποινα
653 1840 707 1911 γὰρ
730 1842 842 1911 γέροντι
864 1861 897 1895 av
920 1841 979 1911 φίῳ
1001 1840 1079 1910 γυνή.
1117 1844 1185 1895 Vtro

64 1912 136 1959 enim
153 1912 212 1959 seni
228 1916 328 1975 nuptu,
345 1926 400 1960 nou
416 1926 502 1974 uxor,
519 1910 566 1960 sed
583 1910 691 1961 domina
709 1917 753 1962 est.
788 1862 937 1961 Patercuiius
953 1910 988 1971 11,
1009 1913 1064 1964 11³.
1099 1911 1185 1977 „Cum

63 1992 125 2027 eum
142 1978 302 2039 (exercitum)
319 1981 454 2039 maiorem,
474 1994 553 2045 quum
571 1984 601 2028 ut
618 1980 764 2044 temperari
774 1982 865 2045 possit,
878 1994 962 2045 neqete
973 1977 1083 2030 habilem
1095 1979 1186 2045 guber-

63 2043 156 2095 naculo
175 2052 308 2111 emeret,
332 2046 466 2097 dimittere
487 2048 609 2098 stantu‘
643 2049 722 2097 Porro
738 2052 835 2108 Aaron,
862 2064 936 2113 quem
960 2047 992 2097 ad
1017 2052 1102 2114 partes
1126 2064 1184 2098 suas

64 2114 165 2163 trahere
183 2120 290 2164 conatur
307 2115 470 2178 Rutgersius,
495 2115 523 2166 in
541 2114 632 2165 mendo
649 2115 738 2166 oubatr
763 2131 855 2179 „uuor
876 2131 945 2181 quse
961 2119 1021 2165 seni
1035 2115 1126 2181 puella
1144 2116 1184 2166 in·

63 2180 146 2232 habili
165 2185 311 2233 coniuncta
329 2189 409 2233 esset:
427 2183 499 2234 tende
516 2188 543 2233 et
558 2183 644 2233 aslum
662 2185 718 2232 eines
730 2184 852 2247 ostendit,
864 2184 928 2235 duur
940 2183 1079 2234 inhabilem
1093 2184 1185 2235 dicit.“

1 2309 2 2318 ἵ
62 2249 114 2299 Pro
131 2250 277 2300 inhabilem
293 2256 360 2302 recte
378 2250 485 2316 Oruquii
502 2254 600 2314 horon,
624 2256 649 2302 et
666 2250 755 2302 MStus
778 2252 814 2301 Re
835 2252 873 2302 'ae
897 2250 1031 2303 Societatis
1056 2251 1183 2302 invidum.

61 2316 128 2397 Tum
146 2322 244 2398 autem·
249 2334 297 2384 pro
314 2321 430 2370 inhabili
446 2318 623 2385 corrigendum
641 2334 694 2369 esse
713 2319 808 2369 tutati
819 2322 841 2369 ts
851 2320 907 2386 ipse
920 2318 982 2370 ordo
994 2324 1020 2370 et
1033 2320 1184 2386 compositio

60 2386 358 2520 ”miiiteilgelrinestioa
372 2457 443 2521 petit
461 2452 549 2518 Chloe]
567 2455 608 2504 Ita
620 2453 718 2504 Veneta
735 2459 761 2503 et
773 2454 903 2517 Loschcri,
920 2454 988 2506 unde
1006 2455 1033 2505 in
1051 2459 1183 2520 sequentes

1 2537 2 2540 ¹
59 2521 191 2572 editiones
214 2527 253 2572 ost
275 2528 451 2589 propagatum.
486 2526 520 2571 At
538 2521 605 2572 bona
627 2536 687 2587 pars
711 2522 925 2585 membranarum,
951 2540 1002 2574 non
1022 2523 1114 2587 cotos,
1140 2523 1184 2574 sed

60 2589 186 2640 llleode.
222 2590 265 2641 Sic
283 2607 313 2641 cx
331 2592 425 2641 nostris
441 2590 583 2653 Leidensis,
600 2590 760 2655 Reginensis,
777 2592 914 2653 Patrensis,
931 2592 1027 2656 Regiae
1040 2591 1184 2653 Societatis,

59 2658 259 2724 Vigornisnsis:
287 2658 447 2709 colbertinus
471 2664 554 2709 nutem
578 2672 634 2708 curn
651 2658 772 2709 Lambini
796 2658 960 2724 quibusdam,
986 2657 1087 2711 tastu
1122 2660 1183 2710 Sine

58 2725 142 2776 dubio
160 2741 218 2776 vera
235 2726 312 2779 lectio
330 2733 380 2777 est:
405 2726 473 2777 unde
497 2727 563 2777 enim
583 2725 708 2776 Librariis
730 2728 758 2777 in
781 2733 891 2778 mentem
908 2728 994 2777 venire
1010 2727 1115 2793 potuit?
1149 2730 1184 2778 At

61 2793 145 2845 Chloe
162 2810 193 2844 ex
210 2794 291 2845 Oarm.
309 2796 331 2856 I,
348 2798 389 2848 23.
408 2796 456 2856 111,
469 2797 492 2856 i,
513 2797 537 2856 9,
553 2795 594 2847 ih.
621 2794 670 2844 huc
688 2795 803 2846 traducta
820 2801 872 2857 est,
896 2797 956 2860 quie
973 2793 1064 2846 Rhode
1081 2795 1184 2846 aliunde

58 2863 94 2913 iis
112 2862 282 2927 ignotescat.
316 2862 406 2915 Rhode
423 2862 609 2913 libertinarum
633 2878 772 2927 cognomen
796 2879 847 2913 uon
870 2864 946 2914 semel
963 2863 1089 2914 occurritz
1115 2864 1183 2914 Mar·

59 2944 135 2980 mors
151 2932 269 2983 Felsinea
285 2948 310 2997 p.
328 2934 387 2984 415.
423 2932 453 2981 D.
472 2932 507 2983 M.
526 2931 554 2980 Τ,
581 2929 754 2980 OCTAVIUS.
790 2930 957 2982 THALLUS,
991 2931 1045 2981 ET.
1080 2931 1183 2985 VIBIA.

58 2998 191 3049 RHODE.
217 3001 349 3052 Gruterus.
367 3016 392 3066 p.
411 3002 502 3062 llud.
537 2998 649 3049 ULPIA.
681 2999 808 3051 RHODE.
834 2999 904 3049 Idem
922 3016 947 3065 p.
963 3001 1054 3061 utus
1081 2999 1181 3051 TITIN

58 3067 189 3118 RHOPE.
206 3067 333 3117 Mutus.
352 3068 451 3133 corrige
469 3066 519 3129 ibi,
538 3067 664 3117 RHODE.
682 3070 738 3116 Aut.
756 3068 869 3132 Apostol.
887 3067 947 3128 XII,
967 3069 1007 3120 13.
1042 3066 1182 3133 προσῆλθε

62 3132 194 3196 παιδίσκη
212 3130 374 3193 ὑπακοῦσαι,
395 3128 512 3204 ὀνόματι
529 3137 630 3185 ΡΟΔΗ.
668 3136 809 3186 Menander
826 3139 893 3202 [pag.
912 3138 943 3189 st
962 3135 1102 3199 MeinelreJ:
1120 3128 1179 3184 Alt'

59 3197 123 3254 ἔστι
146 3198 247 3326 ediulf
270 3198 315 3254 καὶ
341 3201 403 3269 βίου
429 3198 510 3254 ταυτ’
539 3198 661 3270 ὄργανα,
689 3198 822 3271 Ευρημέι)
844 3197 1004 3271 ἀνθρώποις
1029 3196 1179 3260 arautem,

66 3273 171 3328 ΡΟΔΗ,
191 3274 215 3320 Ε
257 3270 431 3338 uusayttmco
449 3273 488 3336 τῷ
505 3275 556 3339 βίῳ
573 3269 756 3338 πεπλασμένα.

133 3341 155 3390 1.
172 3339 234 3390 Nun
252 3341 324 3391 uides
342 3345 442 3405 quanto
459 3355 564 3390 movens
580 3340 695 3405 periclo]
713 3339 795 3391 Sileni
812 3339 855 3389 hio
872 3337 1037 3404 interpretem
1056 3338 1099 3388 sed
1116 3337 1182 3388 Bod-

61 3406 161 3457 leianus
178 3406 278 3470 Noster,
296 3423 344 3473 pro
359 3409 475 3474 pniolo,
494 3407 646 3457 tumultu
664 3407 754 3468 habet3
778 3413 804 3457 et
819 3422 866 3471 pro
884 3407 954 3456 varia
972 3406 1106 3472 Scriptura
1122 3406 1182 3457 Lei·

60 3475 156 3539 densis,
173 3476 333 3540 Regimensis,
350 3482 376 3527 et
388 3475 556 3527 colbertinus.
591 3476 679 3541 Neque
696 3476 771 3525 aliter
787 3476 865 3526 codex
879 3474 987 3525 Heuriei
1004 3474 1135 3541 Stephani,
1154 3479 1183 3525 ut

62 3542 90 3592 in
114 3544 276 3595 Praefatione
299 3560 345 3595 sua
365 3544 474 3595 monuit.
509 3543 650 3608 Utrumque
673 3544 758 3609 probe
795 3542 900 3605 (lucrato
926 3542 1043 3593 tumultu
1068 3559 1182 3607 mouens,

60 3611 109 3660 hoo
125 3617 173 3673 cst,
191 3617 314 3677 quantum
331 3613 468 3665 tumultum
485 3611 587 3675 excites,
606 3614 665 3661 dnm
683 3628 773 3662 moves.
809 3610 852 3661 Sic
869 3611 1132 3674 insraCarm.IlI,i'l,
1143 3614 1184 3664 lt.

61 3678 135 3743 „Sed
149 3680 220 3731 vides
237 3687 333 3745 quanto
351 3681 465 3747 trepidet
482 3679 593 3729 tumultu
611 3680 717 3732 Pronus
735 3679 843 3730 Oriou.“
879 3679 923 3730 ubi
939 3680 1093 3731 omniafere
1110 3680 1183 3744 paria

61 3752 123 3797 sunt
139 3753 165 3798 et
181 3747 257 3813 plane
274 3749 382 3813 gemina.
419 3749 467 3799 Sed
485 3763 536 3797 non
553 3747 616 3798 levis
633 3747 745 3812 suspicio
763 3752 815 3814 est,
839 3762 869 3798 ox
885 3749 1026 3814 posteriore
1044 3749 1091 3799 hoc
1109 3763 1182 3797 versu

64 3815 207 3866 traductum
225 3830 279 3866 esse
296 3832 312 3866 a
330 3816 450 3883 studioso
468 3816 575 3880 quodam
593 3815 659 3865 illud
681 3817 811 3866 tremultu:
835 3831 912 3880 qnare
930 3816 997 3866 nihil
1013 3822 1098 3866 muto:
1122 3830 1186 3866 nana

61 3888 87 3934 et
104 3884 238 3935 Diomedes
255 3901 281 3949 p.
300 3887 357 3937 524.
375 3883 452 3935 habet
468 3883 579 3935 Pericle

130 3955 153 4004 3.
171 3952 251 4005 Duru
265 3958 328 4018 poet
341 3953 446 4018 peulto]
482 3951 621 4002 Primariae
637 3951 787 4013 Editiones,
812 3952 934 4003 Loseheri
951 3955 977 4001 et
993 3949 1101 4011 Veneta,
1120 3950 1183 4000 Post

60 4020 196 4086 catellum,
219 4036 272 4071 non
288 4021 450 4086 Postpautlo.
484 4022 567 4084 Atque
584 4020 623 4070 ita
640 4020 795 4070 Graevianus
812 4026 912 4080 noster,
930 4019 1016 4081 Geloi,
1034 4024 1060 4070 et
1077 4018 1182 4082 Magda-

60 4087 178 4138 leuensis.
216 4089 265 4139 Sed
282 4093 349 4139 recte
368 4089 458 4149 hehet,
482 4095 512 4138 ut
533 4103 602 4137 nnnc
627 4087 730 4138 editum.
766 4089 806 4137 Ita
823 4088 916 4138 Noster
933 4086 996 4138 alibi
1013 4086 1053 4137 bis
1071 4087 1110 4136 rel
1128 4092 1180 4145 ter;

60 4157 98 4205 ita
116 4156 262 4219 Sallustius,
280 4156 380 4221 Caesar,
399 4157 511 4218 Tacitus,
530 4156 632 4221 aliique.
667 4154 732 4205 Vide
749 4156 906 4206 Gronovium
923 4155 954 4207 ad
973 4154 1043 4205 Livii
1053 4154 1137 4216 XXII,
1148 4157 1180 4207 60

60 4223 86 4289 [ᾗ
109 4226 157 4287 16].
184 4225 263 4275 Porro
280 4242 408 4278 versum
428 4228 474 4288 14,
498 4223 645 4291 „Sparsum
663 4223 782 4275 odoratis
800 4225 937 4275 hermarum
957 4223 1087 4290 oupttlts“,
1105 4224 1137 4272 ad
1155 4238 1180 4273 se
