2842 4758
420 273 607 321 sunnonem
628 273 694 319 nm.
710 272 732 318 1.
757 265 782 318 a.
1101 258 1163 321 363

105 407 251 474 laenius
274 407 440 472 absentem
461 407 599 472 Novium
623 426 694 471 eum
716 411 877 491 carperet:
900 406 990 472 Heus
1012 412 1056 485 tu,

105 494 246 572 Quidem
268 493 324 571 ait,
347 492 478 575 ignoras
500 499 541 569 te,
563 512 606 556 an
628 500 664 556 ut
685 491 829 573 ignotum
851 490 929 556 dare
951 491 1043 557 nobis

105 579 209 644 Verba
225 579 346 663 putas?
370 579 507 659 Egomet
521 585 566 642 mi
579 576 721 658 ignosco,
736 574 883 641 Maenius
897 576 1010 657 iuquit.

105 663 231 729 'Stultus
247 669 279 727 et
292 663 447 747 inprobus
463 662 514 728 hic
529 681 619 727 amer
633 668 690 734 est,
714 661 896 743 dignusque
911 661 1023 726 notari.

105 748 187 813 Cum
213 753 270 812 tua
291 747 482 832 praevideas
504 746 605 812 oeulis
626 747 710 812 male
732 747 839 832 lippus
861 745 1014 824 inuaetis;

105 834 171 899 [tur
192 831 227 897 in
250 832 423 896 amicerum
446 831 532 897 vitiis
555 838 620 896 tam
643 831 746 897 cernis
768 836 908 910 acutum,

362 968 385 1001 v.
403 952 444 1002 25.
462 949 538 1014 Vulg.
556 948 697 1000 Per-uideas
715 965 752 999 oo.
771 948 850 999 mala.

106 1103 122 1135 a
139 1087 240 1150 scripta
257 1084 290 1135 ad
308 1099 386 1134 unum
403 1084 490 1133 omnia
505 1083 582 1149 longe
599 1084 674 1134 aliter
691 1084 793 1146 habent,
811 1082 914 1146 „Nulla
933 1099 966 1133 ne
984 1085 1063 1134 lates
1080 1087 1166 1139 eilia?

110 1155 185 1217 alia,
204 1157 231 1202 et
247 1154 363 1214 sortasse
380 1153 512 1204 minera.“
547 1152 656 1212 Primus,
674 1153 774 1217 opinor,
792 1151 872 1202 Aldus
890 1152 1022 1201 Manutius
1040 1151 1166 1202 sineernm

105 1223 251 1271 incrustare
267 1220 363 1281 voluit,
387 1223 413 1270 et
435 1221 550 1285 reposuit
573 1221 647 1270 laad
669 1223 791 1279 mimera3
818 1235 891 1284 quem
915 1219 1034 1284 deinceps
1051 1219 1167 1285 plerique

105 1307 129 1338 es
154 1289 264 1339 nimiam
287 1289 416 1352 patienter
439 1287 521 1338 secuti
544 1292 613 1340 sunt.
647 1287 716 1344 Quid
740 1288 827 1337 enim?
855 1303 888 1337 an
906 1287 1027 1337 eredibile
1045 1293 1096 1349 est,
1119 1289 1167 1338 hoe

105 1374 136 1407 rm
156 1373 213 1407 esse
231 1355 387 1406 Horatium?
413 1371 460 1405 sua
481 1356 546 1405 vitia
570 1371 621 1405 non
645 1357 745 1406 minora
763 1371 816 1407 esse
832 1355 900 1420 illis,
924 1370 988 1420 qaae
1011 1356 1040 1406 in
1057 1356 1168 1419 Tigellio

117 1423 209 1474 acerbe
233 1424 384 1473 nataverat?
410 1423 462 1473 Gur
484 1423 573 1487 itaque
592 1423 700 1474 Gladim
724 1428 834 1474 nemrot
850 1424 989 1474 meretoc?
1017 1439 1063 1473 eur
1081 1422 1168 1474 ἄλλων

107 1490 145 1554 ὸς,
164 1485 250 1547 αὐτὸς
266 1486 352 1542 ἕλκεσι
369 1485 481 1557 eptem
505 1492 559 1540 imo
584 1507 642 1540 vere
661 1490 711 1541 sibi
734 1492 880 1542 mediocria
904 1496 1003 1542 tantam
1027 1492 1091 1542 ritis
1114 1508 1168 1542 esse

127 1559 269 1624 gloriatur,
298 1576 350 1609 non
375 1559 526 1623 Tigellianis
550 1559 653 1609 similia.
690 1560 768 1611 Senn.
786 1561 813 1621 Ι,
839 1561 862 1611 4.
883 1561 938 1612 130.
974 1576 1027 1624 „era
1051 1562 1101 1611 lea
1118 1575 1168 1625 ege

105 1646 123 1679 rr
141 1629 175 1678 ab
195 1627 250 1677 illis
267 1627 414 1677 Permieiem
432 1643 612 1693 quaecamque
628 1629 735 1690 serrant,¹
754 1627 923 1677 mediocribus
941 1633 967 1678 st
979 1630 1036 1691 quis
1047 1629 1168 1693 Ignoscas

105 1714 114 1746 s
139 1697 259 1746 teneor.“
287 1700 314 1745 et
337 1697 367 1756 6,
393 1697 434 1746 65.
469 1695 573 1760 „Alqm
594 1698 620 1745 si
641 1695 713 1745 vitiis
738 1695 921 1756 mediocribus,
947 1711 980 1745 ec
1002 1711 1061 1745 mea
1079 1696 1169 1760 paucis

106 1764 172 1814 desa
190 1768 230 1813 erl
247 1768 356 1824 natura,
375 1763 479 1827 alioqui
495 1768 585 1825 reela;
607 1764 679 1813 velut
695 1766 721 1812 ri
737 1762 856 1827 Egregie
875 1766 1008 1828 inspersos
1025 1766 1168 1829 reprelien-

111 1846 226 1896 cerpere
244 1845 356 1881 naseos:
374 1829 407 1881 Si
422 1845 507 1895 aeque
524 1834 682 1892 auaritiam,
703 1846 788 1895 nepae
804 1831 907 1894 ror-des,
926 1837 974 1880 arai
991 1831 1064 1881 mala
1083 1831 1169 1881 larlra

105 1903 158 1949 'm'el
176 1914 238 1948 aare
256 1901 396 1963 qaisquam
413 1899 496 1960 milri3
523 1913 609 1963 pirama
632 1903 657 1948 al
674 1901 779 1960 inserar,
806 1897 840 1949 llt
856 1914 897 1948 me
915 1898 1078 1960 collaudem,
1103 1902 1128 1949 ei
1145 1904 1171 1948 at

123 1983 204 2018 carrea
223 1968 342 2016 arrriea'e.·‘
378 1965 469 2016 Credat
493 1967 543 2017 iarn
569 1965 613 2031 qui
638 1967 746 2031 peterit,
774 1967 841 2015 hune
859 1966 969 2029 Tigellio
994 1982 1019 2016 se
1038 1972 1082 2016 aut
1099 1972 1170 2030 post·

105 2041 202 2085 areant
220 2049 373 2099 eomparare.
417 2035 473 2083 Imo
489 2035 557 2084 enim
575 2034 686 2084 modeste
703 2033 854 2099 respondet,
879 2050 905 2083 se
923 2034 975 2083 elia
992 2035 1094 2099 quidem
1106 2035 1171 2085 vitia

105 2120 137 2153 ere
163 2106 255 2166 lneque
278 2104 347 2152 euim
363 2102 461 2151 Maeuii
485 2102 603 2167 exemplo
627 2103 679 2152 suis
704 2119 730 2152 se
753 2102 825 2151 vitiis
848 2103 993 2166 ignescere,
1021 2102 1080 2152 dum
1106 2102 1171 2152 alies

105 2176 144 2234 at)
164 2176 190 2221 et
207 2176 295 2220 tamea
312 2169 428 2230 fortasse
444 2170 596 2235 Tigellianis
614 2170 666 2220 illis
683 2170 786 2220 leviora.
815 2170 918 2220 Summe
935 2170 1068 2220 urbanitas
1086 2175 1125 2220 est
1143 2171 1170 2221 in

105 2240 230 2300 fortasse:
249 2239 320 2301 quasi
339 2254 391 2287 nen
410 2243 570 2303 pugnaturus
587 2239 665 2301 ieret,
690 2239 711 2288 si
731 2238 788 2302 quis
805 2238 846 2287 vel
863 2237 979 2303 aequalia
996 2253 1049 2288 esse
1067 2238 1170 2290 dieeret.

105 2323 165 2356 rrum
189 2311 214 2355 et
232 2308 316 2356 Aaron
336 2306 491 2356 Scholiastea
514 2306 648 2356 lectionem
673 2311 784 2356 nestram
810 2306 877 2356 elare
902 2307 1032 2370 agnoseit3
1059 2322 1117 2356 eum
1134 2307 1171 2356 sie

105 2392 130 2424 ,m
149 2379 263 2423 enarret:
288 2373 442 2438 „Confiteor
458 2389 500 2423 me
517 2376 613 2424 talare
630 2376 706 2439 eilia,
723 2373 772 2424 secl
789 2375 908 2424 leviora:
935 2389 984 2423 aee
1001 2389 1058 2424 aum
1076 2374 1172 2424 similis

105 2446 163 2505 mie,
182 2444 229 2507 qai
247 2442 351 2491 dicebat
367 2457 396 2491 re
413 2444 551 2505 ignescere
567 2445 684 2507 pereatis
701 2443 783 2501 sair,“
816 2443 857 2491 Ita
881 2446 948 2491 reete
972 2457 1020 2492 aec
1046 2457 1104 2491 reem
1122 2443 1171 2491 Fa·

106 2513 146 2560 ius
163 2516 189 2560 et
206 2508 333 2574 Oraquius
351 2513 376 2559 et
394 2509 472 2558 eedex
489 2510 677 2574 manuscriptus
694 2511 757 2574 Reg.
777 2510 831 2560 See.
850 2508 984 2570 exhibent3
1009 2526 1060 2559 non
1079 2514 1108 2559 ut
1127 2509 1173 2559 alii

105 2594 188 2643 reram,
205 2578 252 2627 aad
268 2592 334 2629 aum.

118 2649 159 2699 25.
196 2644 259 2695 Cam
285 2650 331 2694 tae
353 2644 493 2709 pervideas
517 2644 602 2694 ecelis
624 2644 698 2694 mela
723 2645 812 2709 lippae
835 2648 962 2707 inarmatis]
1004 2645 1172 2709 Procridem,

105 2715 118 2764 d
135 2713 268 2778 legendum
285 2713 328 2762 hic
347 2729 377 2761 ex
395 2714 541 2762 coniectura
558 2712 692 2762 contendit
709 2713 912 2777 elegantissimus
930 2714 1095 2779 Rutgersius,
1121 2729 1172 2763 nen

105 2782 208 2831 rebante
226 2780 332 2830 Nieelao
349 2780 458 2830 Heinsio
476 2780 508 2829 ad
526 2779 612 2830 Ovidii
629 2781 728 2832 Pontia.
748 2782 769 2843 1,
780 2783 803 2833 l.
822 2798 844 2831 v.
853 2782 894 2832 43.
919 2781 986 2831 clare
1004 2786 1030 2831 et
1046 2782 1102 2830 sine
1119 2781 1174 2831 ulla

105 2866 130 2899 ra
146 2849 256 2915 praefert
273 2848 352 2898 codex
369 2849 464 2912 Regiae
483 2849 633 2898 Soeietatis:
660 2849 702 2898 eui
724 2849 792 2898 lavet
810 2851 893 2899 Aaron
918 2850 1119 2915 manuscriptus,
1145 2850 1172 2899 in

119 2918 225 2967 habetur
240 2917 389 2981 provideas.
417 2917 486 2981 Erga
504 2917 532 2966 in
550 2917 597 2966 hae
615 2916 725 2966 lectione
743 2918 920 2981 quiescendum
940 2917 1042 2967 tandem
1059 2917 1172 2968 ridetur:

105 2985 253 3035 ermeeideas
271 2984 337 3034 idem
355 2984 436 3034 sitae
452 2984 661 3049 praeter-uideas,
678 2983 864 3051 παραβλέπῃς,
882 2987 1019 3053 παρορῇς,
1038 2985 1173 3049 neglegas,

106 3060 209 3103 aler-eas.
237 3052 293 3107 Quo
307 3053 419 3116 pertinet
427 3052 500 3102 loeus
515 3053 559 3102 ille
569 3054 661 3101 Poetae
676 3052 768 3102 veteris
784 3055 834 3116 [ap.
845 3052 974 3104 Plutarch.
984 3053 1076 3115 Tranq.
1087 3053 1174 3102 Animi

104 3162 109 3171 .
121 3124 154 3186 81,
171 3121 222 3170 iam
232 3119 263 3169 ab
273 3120 332 3170 aliis
341 3121 442 3184 saepius
453 3120 585 3180 adductus,
596 3117 630 3168 Τί
639 3113 806 3186 τάλλότριον,
826 3115 961 3186 ὤνθρωπε
972 3114 1175 3184 βασκανώτατε,

105 3188 147 3239 rev
156 3183 314 3254 ὀξυδορκεῖς,
333 3184 365 3237 τὸ
376 3183 403 3236 d'
418 3182 489 3237 ἴδιον
497 3186 696 3255 παραβλέπειςῗ
711 3188 779 3238 Illud
789 3194 873 3238 temen
883 3187 1013 3237 fatendum
1023 3192 1068 3245 est,
1085 3187 1107 3237 si
1115 3203 1175 3252 par·-

105 3273 144 3307 eas
152 3256 217 3306 nihil
225 3256 334 3321 emplius
344 3255 499 3320 signiticaret
507 3272 580 3319 quani
591 3256 698 3320 simplex
707 3257 811 3316 videar3
824 3257 856 3305 ad
863 3256 917 3305 stili
927 3257 951 3305 H
953 3254 1064 3305 orationi
1072 3256 1176 3319 genium

105 3326 159 3390 pius
168 3326 214 3373 hoe
224 3340 380 3373 accessurum
393 3340 454 3385 esse,
472 3339 546 3389 quam
563 3323 627 3374 illud
644 3324 758 3373 alterum.
791 3323 854 3375 Cam
865 3325 954 3389 lippae
964 3327 1081 3374 inunctis·
1092 3326 1176 3374 ecelis

121 3392 192 3442 mela
209 3391 313 3455 videas,
332 3392 379 3440 hoe
397 3396 449 3455 est,
467 3407 522 3441 aen
540 3393 644 3457 videas,
670 3408 720 3441 non
739 3393 820 3456 magis
838 3408 913 3457 quem
930 3393 996 3457 lippi
1016 3393 1112 3442 selant:
1131 3393 1175 3457 qui

105 3460 174 3511 uendi
191 3460 276 3509 modus
295 3461 389 3508 Nostra
407 3460 459 3508 fere
476 3460 613 3524 peculiaris
631 3465 676 3509 est.
704 3462 744 3509 Ita
762 3476 838 3525 snpra
857 3461 934 3511 Serm.
953 3462 1008 3522 Ll.
1026 3477 1049 3508 v.
1060 3462 1101 3511 91.
1128 3466 1176 3523 „le

105 3532 175 3592 peris
193 3530 292 3593 optima
310 3526 414 3592 Lyncei
432 3525 616 3592 Contemplare
634 3527 737 3587 eerclis‚·
762 3529 886 3595 Hypsaea
904 3531 1016 3588 eaceier,
1035 3528 1083 3578 illa
1103 3526 1177 3589 Quae

105 3597 129 3646 la
146 3600 218 3658 sant,
243 3596 373 3659 speetas“:
401 3594 448 3644 hee
473 3599 524 3655 est,
549 3610 603 3644 aen
627 3599 735 3644 emaiae
752 3602 864 3660 spectas.
900 3595 981 3646 (larm.
1001 3596 1056 3657 III,
1081 3597 1110 3656 i,
1135 3596 1175 3646 m.

105 3666 201 3713 martra:
226 3678 289 3712 nam
306 3661 422 3727 seopulis
440 3661 540 3712 surdior
558 3662 631 3712 Ieari
648 3662 732 3713 Veeer
750 3663 823 3713 audit
846 3664 934 3714 adlae
952 3665 1084 3726 integer.“
1109 3662 1177 3727 qued

105 3732 161 3781 inde
179 3735 227 3791 est,
253 3745 281 3779 ae
301 3745 355 3780 nera
373 3730 457 3779 aedil.
494 3730 624 3786 Quomodo
642 3732 709 3780 enim
728 3730 814 3792 audit,
833 3733 855 3780 si
873 3731 984 3796 scopulis
1002 3730 1103 3780 surdior
1120 3731 1176 3780 esti

105 3800 132 3849 de
149 3800 196 3849 duo
213 3798 348 3848 Pulmanni
366 3798 465 3848 cedices
490 3804 515 3847 et
531 3799 680 3847 Bersmanni
705 3815 771 3847 unus
795 3799 832 3847 sie
855 3799 938 3848 laeum
955 3797 994 3847 ibi
1012 3798 1176 3864 interpolant,

105 3868 160 3917 ecee
170 3866 265 3932 spernit
281 3866 369 3915 adlae
385 3868 515 3929 integer.“
542 3865 591 3915 Sed
610 3871 635 3916 et
653 3865 693 3915 illi
710 3866 817 3915 frustra:
837 3867 931 3931 quippe
942 3865 1077 3929 Euripidis
1094 3866 1177 3916 locum

105 3936 166 3985 iliter
182 3934 294 3984 imitatus
312 3940 350 3982 ert
368 3949 398 3983 ex
415 3933 506 3983 Medea
523 3951 546 3983 v.
565 3935 606 3985 28.
632 3929 668 3988 ric
685 3931 715 3984 δὲ
734 3935 889 3997 ΠΕΤΡΟΣ,
908 3928 923 3995 ἢ
942 3931 1093 3988 θαλάσσιος
1110 3931 1179 3984 Kle'-

105 4023 134 4065 r,
158 4002 295 4053 ΑΚΟΥΕΙ
319 4006 452 4051 eceterae
475 4000 519 4063 ένη
545 3999 645 4067 φίλων.
679 4002 759 4051 Recta
782 4002 862 4066 igitur
886 4006 911 4051 et
936 4001 1011 4066 plane
1035 4001 1178 4051 Horatiana

105 4071 155 4121 ulie
171 4071 241 4129 ieret,
262 4068 326 4120 Crem
345 4019 474 4119 trientali
494 4070 583 4135 lippae
601 4070 736 4130 videam
755 4070 1052 4134 quevoeabulouterque
1063 4070 1178 4120 Scholia-

105 4157 114 4189 s
136 4139 161 4188 in
184 4137 341 4187 enarratione
364 4152 410 4186 sua
433 4138 523 4187 utitur.
565 4137 614 4187 Sed
638 4143 735 4188 certum
758 4137 862 4187 interim
887 4141 912 4187 et
934 4135 1109 4188 indubitatum
1132 4143 1178 4200 est,

105 4207 225 4270 repositam
234 4204 300 4255 iilud
307 4205 449 4270 pervideas
458 4221 509 4254 nen
519 4220 594 4269 posse
606 4205 648 4255 hic
658 4207 802 4258 consistere.
820 4205 923 4271 Quippe
932 4205 1073 4272 pervidere
1084 4206 1179 4271 ubique
