<?xml version="1.0" encoding="UTF-8"?>
<!DOCTYPE html PUBLIC "-//W3C//DTD XHTML 1.0 Transitional//EN"
    "http://www.w3.org/TR/xhtml1/DTD/xhtml1-transitional.dtd">
<html xmlns="http://www.w3.org/1999/xhtml" xml:lang="en" lang="en">
 <head>
  <title>
</title>
<meta http-equiv="Content-Type" content="text/html;charset=utf-8" />
  <meta name='ocr-system' content='tesseract 3.04.00' />
  <meta name='ocr-capabilities' content='ocr_page ocr_carea ocr_par ocr_line ocrx_word'/>
</head>
<body>
  <div class='ocr_page' id='page_1' title='image "./qhoratiusflaccu02bentgoog_0147.png"; bbox 0 0 2810 4764; ppageno 0'>
   <div class='ocr_carea' id='block_1_1' title="bbox 201 249 930 322">
    <p class='ocr_par' dir='ltr' id='par_1_1' title="bbox 201 249 930 322">
     <span class='ocr_line' id='line_1_1' title="bbox 201 249 930 322; baseline 0 -12"><span class='ocrx_word' id='word_1_1' title='bbox 201 249 261 312; x_wconf 85' lang='grc'>164</span> <span class='ocrx_word' id='word_1_2' title='bbox 591 262 621 322; x_wconf 75' lang='lat' dir='ltr'>c.</span> <span class='ocrx_word' id='word_1_3' title='bbox 644 261 785 309; x_wconf 78' lang='lat' dir='ltr'>nonrnn</span> <span class='ocrx_word' id='word_1_4' title='bbox 806 261 930 310; x_wconf 66' lang='lat' dir='ltr'>macor</span> 
     </span>
    </p>
   </div>
   <div class='ocr_carea' id='block_1_2' title="bbox 234 394 1067 1240">
    <p class='ocr_par' dir='ltr' id='par_1_2' title="bbox 234 394 1067 1240">
     <span class='ocr_line' id='line_1_2' title="bbox 325 394 682 481; baseline 0 -19"><span class='ocrx_word' id='word_1_5' title='bbox 325 398 374 462; x_wconf 90' lang='lat' dir='ltr'>Ne</span> <span class='ocrx_word' id='word_1_6' title='bbox 395 395 519 461; x_wconf 88' lang='lat' dir='ltr'>vicinus</span> <span class='ocrx_word' id='word_1_7' title='bbox 540 394 682 481; x_wconf 78' lang='lat' dir='ltr'>Enipeus</span> 
     </span>
     <span class='ocr_line' id='line_1_3' title="bbox 363 480 814 580; baseline -0.004 -33"><span class='ocrx_word' id='word_1_8' title='bbox 363 481 441 547; x_wconf 91' lang='lat' dir='ltr'>Plus</span> <span class='ocrx_word' id='word_1_9' title='bbox 462 480 547 546; x_wconf 91' lang='lat' dir='ltr'>iusto</span> <span class='ocrx_word' id='word_1_10' title='bbox 568 481 704 580; x_wconf 86' lang='lat' dir='ltr'>placeat,</span> <span class='ocrx_word' id='word_1_11' title='bbox 726 500 814 547; x_wconf 82' lang='lat' dir='ltr'>cave.</span> 
     </span>
     <span class='ocr_line' id='line_1_4' title="bbox 236 565 1040 648; baseline 0.006 -20"><span class='ocrx_word' id='word_1_12' title='bbox 236 579 266 629; x_wconf 82' lang='lat'>25</span> <span class='ocrx_word' id='word_1_13' title='bbox 281 565 435 646; x_wconf 80' lang='lat' dir='ltr'>Quamvis</span> <span class='ocrx_word' id='word_1_14' title='bbox 457 586 519 630; x_wconf 91' lang='lat' dir='ltr'>non</span> <span class='ocrx_word' id='word_1_15' title='bbox 542 565 625 632; x_wconf 86' lang='lat' dir='ltr'>ahus</span> <span class='ocrx_word' id='word_1_16' title='bbox 646 565 773 633; x_wconf 90' lang='lat' dir='ltr'>flectere</span> <span class='ocrx_word' id='word_1_17' title='bbox 795 571 917 648; x_wconf 84' lang='lat' dir='ltr'>equum</span> <span class='ocrx_word' id='word_1_18' title='bbox 935 565 1040 633; x_wconf 89' lang='lat' dir='ltr'>sciens</span> 
     </span>
     <span class='ocr_line' id='line_1_5' title="bbox 278 650 914 737; baseline -0.006 -18"><span class='ocrx_word' id='word_1_19' title='bbox 278 653 389 733; x_wconf 80' lang='lat' dir='ltr'>Aeque</span> <span class='ocrx_word' id='word_1_20' title='bbox 412 650 604 737; x_wconf 81' lang='lat' dir='ltr'>conspicitur</span> <span class='ocrx_word' id='word_1_21' title='bbox 625 651 769 733; x_wconf 47' lang='lat' dir='ltr'>&amp;amine</span> <span class='ocrx_word' id='word_1_22' title='bbox 790 650 914 730; x_wconf 85' lang='lat' dir='ltr'>Martio,</span> 
     </span>
     <span class='ocr_line' id='line_1_6' title="bbox 320 735 810 819; baseline 0 -17"><span class='ocrx_word' id='word_1_23' title='bbox 320 736 388 802; x_wconf 87' lang='lat' dir='ltr'>Neo</span> <span class='ocrx_word' id='word_1_24' title='bbox 410 736 580 819; x_wconf 87' lang='lat' dir='ltr'>quisquam</span> <span class='ocrx_word' id='word_1_25' title='bbox 603 735 685 801; x_wconf 90' lang='lat' dir='ltr'>citus</span> <span class='ocrx_word' id='word_1_26' title='bbox 707 755 810 819; x_wconf 86' lang='lat' dir='ltr'>aeque</span> 
     </span>
     <span class='ocr_line' id='line_1_7' title="bbox 363 820 753 887; baseline 0 -1"><span class='ocrx_word' id='word_1_27' title='bbox 363 823 469 886; x_wconf 87' lang='lat' dir='ltr'>Tusco</span> <span class='ocrx_word' id='word_1_28' title='bbox 492 820 624 887; x_wconf 87' lang='lat' dir='ltr'>denatat</span> <span class='ocrx_word' id='word_1_29' title='bbox 645 821 753 887; x_wconf 84' lang='lat' dir='ltr'>alveo:</span> 
     </span>
     <span class='ocr_line' id='line_1_8' title="bbox 277 904 1067 988; baseline 0 -16"><span class='ocrx_word' id='word_1_30' title='bbox 277 906 385 972; x_wconf 85' lang='lat' dir='ltr'>Prima</span> <span class='ocrx_word' id='word_1_31' title='bbox 405 912 497 972; x_wconf 88' lang='lat' dir='ltr'>nocte</span> <span class='ocrx_word' id='word_1_32' title='bbox 519 904 649 971; x_wconf 90' lang='lat' dir='ltr'>domum</span> <span class='ocrx_word' id='word_1_33' title='bbox 671 906 796 986; x_wconf 83' lang='lat' dir='ltr'>claude,</span> <span class='ocrx_word' id='word_1_34' title='bbox 817 924 921 988; x_wconf 88' lang='lat' dir='ltr'>neque</span> <span class='ocrx_word' id='word_1_35' title='bbox 942 904 976 971; x_wconf 91' lang='lat' dir='ltr'>in</span> <span class='ocrx_word' id='word_1_36' title='bbox 997 905 1067 972; x_wconf 83' lang='lat' dir='ltr'>ries</span> 
     </span>
     <span class='ocr_line' id='line_1_9' title="bbox 234 990 930 1078; baseline 0.004 -24"><span class='ocrx_word' id='word_1_37' title='bbox 234 1004 265 1054; x_wconf 79' lang='lat' dir='ltr'>oo</span> <span class='ocrx_word' id='word_1_38' title='bbox 279 992 347 1058; x_wconf 86' lang='lat' dir='ltr'>Sub</span> <span class='ocrx_word' id='word_1_39' title='bbox 369 996 465 1056; x_wconf 86' lang='lat' dir='ltr'>cantu</span> <span class='ocrx_word' id='word_1_40' title='bbox 487 990 641 1074; x_wconf 82' lang='lat' dir='ltr'>querulae</span> <span class='ocrx_word' id='word_1_41' title='bbox 663 990 793 1078; x_wconf 80' lang='lat' dir='ltr'>despice</span> <span class='ocrx_word' id='word_1_42' title='bbox 814 990 930 1057; x_wconf 85' lang='lat' dir='ltr'>tibiae:</span> 
     </span>
     <span class='ocr_line' id='line_1_10' title="bbox 319 1075 688 1161; baseline -0.003 -20"><span class='ocrx_word' id='word_1_43' title='bbox 319 1077 360 1141; x_wconf 79' lang='lat' dir='ltr'>Et</span> <span class='ocrx_word' id='word_1_44' title='bbox 381 1084 413 1142; x_wconf 89' lang='lat' dir='ltr'>te</span> <span class='ocrx_word' id='word_1_45' title='bbox 435 1095 533 1161; x_wconf 82' lang='lat' dir='ltr'>saepe</span> <span class='ocrx_word' id='word_1_46' title='bbox 553 1075 688 1142; x_wconf 84' lang='lat' dir='ltr'>vocanti</span> 
     </span>
     <span class='ocr_line' id='line_1_11' title="bbox 361 1160 781 1240; baseline 0 -14"><span class='ocrx_word' id='word_1_47' title='bbox 361 1161 494 1240; x_wconf 84' lang='lat' dir='ltr'>Duram,</span> <span class='ocrx_word' id='word_1_48' title='bbox 517 1160 657 1227; x_wconf 79' lang='lat' dir='ltr'>difficilis</span> <span class='ocrx_word' id='word_1_49' title='bbox 678 1181 781 1227; x_wconf 86' lang='lat' dir='ltr'>mane.</span> 
     </span>
    </p>
   </div>
   <div class='ocr_carea' id='block_1_3' title="bbox 501 1330 1000 1514">
    <p class='ocr_par' dir='ltr' id='par_1_3' title="bbox 501 1330 1000 1514">
     <span class='ocr_line' id='line_1_12' title="bbox 704 1330 791 1394; baseline -0.011 0"><span class='ocrx_word' id='word_1_50' title='bbox 704 1330 791 1394; x_wconf 89' lang='lat' dir='ltr'><strong>VIII.</strong></span> 
     </span>
     <span class='ocr_line' id='line_1_13' title="bbox 501 1446 1000 1514; baseline -0.002 -1"><span class='ocrx_word' id='word_1_51' title='bbox 501 1448 571 1514; x_wconf 88' lang='lat' dir='ltr'>AD</span> <span class='ocrx_word' id='word_1_52' title='bbox 601 1446 1000 1514; x_wconf 69' lang='lat' dir='ltr'>denuntiarunt.</span> 
     </span>
    </p>
   </div>
   <div class='ocr_carea' id='block_1_4' title="bbox 275 1580 948 1840">
    <p class='ocr_par' dir='ltr' id='par_1_4' title="bbox 275 1580 948 1840">
     <span class='ocr_line' id='line_1_14' title="bbox 275 1580 948 1666; baseline 0 -18"><span class='ocrx_word' id='word_1_53' title='bbox 275 1580 399 1648; x_wconf 87' lang='lat' dir='ltr'>Martiis</span> <span class='ocrx_word' id='word_1_54' title='bbox 421 1581 548 1648; x_wconf 82' lang='lat' dir='ltr'>caelebs</span> <span class='ocrx_word' id='word_1_55' title='bbox 569 1582 647 1666; x_wconf 88' lang='lat' dir='ltr'>quid</span> <span class='ocrx_word' id='word_1_56' title='bbox 668 1603 765 1665; x_wconf 81' lang='lat' dir='ltr'>agam</span> <span class='ocrx_word' id='word_1_57' title='bbox 787 1582 948 1661; x_wconf 78' lang='lat' dir='ltr'>Calendis,</span> 
     </span>
     <span class='ocr_line' id='line_1_15' title="bbox 277 1667 884 1746; baseline 0.002 -13"><span class='ocrx_word' id='word_1_58' title='bbox 277 1667 363 1746; x_wconf 84' lang='lat' dir='ltr'>Quid</span> <span class='ocrx_word' id='word_1_59' title='bbox 383 1667 483 1734; x_wconf 88' lang='lat' dir='ltr'>velint</span> <span class='ocrx_word' id='word_1_60' title='bbox 502 1667 596 1733; x_wconf 89' lang='lat' dir='ltr'>flores</span> <span class='ocrx_word' id='word_1_61' title='bbox 618 1674 651 1734; x_wconf 89' lang='lat' dir='ltr'>et</span> <span class='ocrx_word' id='word_1_62' title='bbox 671 1687 782 1734; x_wconf 85' lang='lat' dir='ltr'>acerra</span> <span class='ocrx_word' id='word_1_63' title='bbox 802 1668 884 1735; x_wconf 89' lang='lat' dir='ltr'>turis</span> 
     </span>
     <span class='ocr_line' id='line_1_16' title="bbox 275 1751 925 1840; baseline -0.003 -20"><span class='ocrx_word' id='word_1_64' title='bbox 275 1753 384 1833; x_wconf 88' lang='lat' dir='ltr'>Plena,</span> <span class='ocrx_word' id='word_1_65' title='bbox 406 1751 542 1834; x_wconf 83' lang='lat' dir='ltr'>miraris,</span> <span class='ocrx_word' id='word_1_66' title='bbox 564 1754 753 1840; x_wconf 87' lang='lat' dir='ltr'>positusque</span> <span class='ocrx_word' id='word_1_67' title='bbox 774 1754 870 1820; x_wconf 85' lang='lat' dir='ltr'>carbo</span> <span class='ocrx_word' id='word_1_68' title='bbox 890 1752 925 1818; x_wconf 89' lang='lat' dir='ltr'>in</span> 
     </span>
    </p>
   </div>
   <div class='ocr_carea' id='block_1_5' title="bbox 247 1836 914 2096">
    <p class='ocr_par' dir='ltr' id='par_1_5' title="bbox 247 1836 914 2096">
     <span class='ocr_line' id='line_1_17' title="bbox 386 1836 619 1924; baseline 0 -20"><span class='ocrx_word' id='word_1_69' title='bbox 386 1836 515 1924; x_wconf 78' lang='lat' dir='ltr'>Cespite</span> <span class='ocrx_word' id='word_1_70' title='bbox 536 1838 619 1918; x_wconf 87' lang='lat' dir='ltr'>vivo,</span> 
     </span>
     <span class='ocr_line' id='line_1_18' title="bbox 247 1921 914 2007; baseline 0.001 -21"><span class='ocrx_word' id='word_1_71' title='bbox 247 1925 377 1989; x_wconf 85' lang='lat' dir='ltr'>5Docte</span> <span class='ocrx_word' id='word_1_72' title='bbox 400 1943 563 1989; x_wconf 77' lang='lat' dir='ltr'>sermones</span> <span class='ocrx_word' id='word_1_73' title='bbox 585 1924 752 2007; x_wconf 84' lang='lat' dir='ltr'>utriusque</span> <span class='ocrx_word' id='word_1_74' title='bbox 774 1921 914 2004; x_wconf 82' lang='lat' dir='ltr'>linguae.</span> 
     </span>
     <span class='ocr_line' id='line_1_19' title="bbox 275 2008 888 2096; baseline -0.005 -21"><span class='ocrx_word' id='word_1_75' title='bbox 275 2009 433 2075; x_wconf 86' lang='lat' dir='ltr'>Voveram</span> <span class='ocrx_word' id='word_1_76' title='bbox 455 2008 557 2075; x_wconf 89' lang='lat' dir='ltr'>dulcis</span> <span class='ocrx_word' id='word_1_77' title='bbox 579 2010 706 2096; x_wconf 61' lang='lat' dir='ltr'>epulas,</span> <span class='ocrx_word' id='word_1_78' title='bbox 725 2014 758 2074; x_wconf 90' lang='lat' dir='ltr'>et</span> <span class='ocrx_word' id='word_1_79' title='bbox 778 2008 888 2074; x_wconf 85' lang='lat' dir='ltr'>album</span> 
     </span>
    </p>
   </div>
   <div class='ocr_carea' id='block_1_6' title="bbox 183 2158 1313 4266">
    <p class='ocr_par' dir='ltr' id='par_1_6' title="bbox 183 2158 1313 3790">
     <span class='ocr_line' id='line_1_20' title="bbox 190 2158 1310 2224; baseline 0 -14"><span class='ocrx_word' id='word_1_80' title='bbox 190 2175 240 2224; x_wconf 87' lang='lat' dir='ltr'>qne</span> <span class='ocrx_word' id='word_1_81' title='bbox 257 2164 380 2211; x_wconf 84' lang='lat' dir='ltr'>movete.“</span> <span class='ocrx_word' id='word_1_82' title='bbox 405 2161 441 2210; x_wconf 82' lang='lat' dir='ltr'>Et</span> <span class='ocrx_word' id='word_1_83' title='bbox 458 2163 519 2211; x_wconf 87' lang='lat' dir='ltr'>Aen.</span> <span class='ocrx_word' id='word_1_84' title='bbox 530 2162 619 2224; x_wconf 79' lang='lat'>1,261.</span> <span class='ocrx_word' id='word_1_85' title='bbox 647 2161 714 2223; x_wconf 79' lang='lat' dir='ltr'>„Hic</span> <span class='ocrx_word' id='word_1_86' title='bbox 732 2161 781 2211; x_wconf 81' lang='lat' dir='ltr'>nti</span> <span class='ocrx_word' id='word_1_87' title='bbox 797 2159 886 2224; x_wconf 77' lang='lat' dir='ltr'>(fabor</span> <span class='ocrx_word' id='word_1_88' title='bbox 903 2161 974 2210; x_wconf 84' lang='lat' dir='ltr'>cnc&#39;m</span> <span class='ocrx_word' id='word_1_89' title='bbox 991 2158 1098 2224; x_wconf 83' lang='lat' dir='ltr'>qnando</span> <span class='ocrx_word' id='word_1_90' title='bbox 1117 2160 1182 2210; x_wconf 76' lang='lat' dir='ltr'>llaec</span> <span class='ocrx_word' id='word_1_91' title='bbox 1200 2165 1225 2211; x_wconf 83' lang='lat' dir='ltr'>te</span> <span class='ocrx_word' id='word_1_92' title='bbox 1243 2175 1310 2210; x_wconf 74' lang='lat' dir='ltr'>cetra</span> 
     </span>
     <span class='ocr_line' id='line_1_21' title="bbox 190 2226 1311 2294; baseline -0.001 -15"><span class='ocrx_word' id='word_1_93' title='bbox 190 2229 324 2279; x_wconf 81' lang='lat' dir='ltr'>remordet</span> <span class='ocrx_word' id='word_1_94' title='bbox 332 2228 453 2294; x_wconf 71' lang='lat' dir='ltr'>Longim</span> <span class='ocrx_word' id='word_1_95' title='bbox 471 2234 497 2278; x_wconf 88' lang='lat' dir='ltr'>et</span> <span class='ocrx_word' id='word_1_96' title='bbox 512 2228 618 2279; x_wconf 80' lang='lat' dir='ltr'>volvens</span> <span class='ocrx_word' id='word_1_97' title='bbox 635 2228 755 2289; x_wconf 74' lang='lat' dir='ltr'>sator-ann</span> <span class='ocrx_word' id='word_1_98' title='bbox 772 2243 865 2278; x_wconf 85' lang='lat' dir='ltr'>aroana</span> <span class='ocrx_word' id='word_1_99' title='bbox 881 2226 1023 2285; x_wconf 83' lang='lat' dir='ltr'>movebol.“</span> <span class='ocrx_word' id='word_1_100' title='bbox 1046 2226 1230 2279; x_wconf 83' lang='lat' dir='ltr'>Ovidldetam.</span> <span class='ocrx_word' id='word_1_101' title='bbox 1240 2227 1311 2287; x_wconf 82' lang='lat' dir='ltr'>XIV,</span> 
     </span>
     <span class='ocr_line' id='line_1_22' title="bbox 190 2294 1312 2362; baseline -0.001 -14"><span class='ocrx_word' id='word_1_102' title='bbox 190 2299 231 2348; x_wconf 75' lang='lat'>⁴20.</span> <span class='ocrx_word' id='word_1_103' title='bbox 260 2297 315 2359; x_wconf 80' lang='lat' dir='ltr'>„Aa</span> <span class='ocrx_word' id='word_1_104' title='bbox 331 2303 368 2361; x_wconf 81' lang='lat' dir='ltr'>tn,</span> <span class='ocrx_word' id='word_1_105' title='bbox 385 2299 440 2347; x_wconf 83' lang='lat' dir='ltr'>sive</span> <span class='ocrx_word' id='word_1_106' title='bbox 458 2296 563 2362; x_wconf 77' lang='lat' dir='ltr'>aliquid</span> <span class='ocrx_word' id='word_1_107' title='bbox 578 2299 658 2361; x_wconf 81' lang='lat' dir='ltr'>regni</span> <span class='ocrx_word' id='word_1_108' title='bbox 675 2303 714 2347; x_wconf 79' lang='lat' dir='ltr'>ert</span> <span class='ocrx_word' id='word_1_109' title='bbox 730 2298 760 2347; x_wconf 83' lang='lat' dir='ltr'>in</span> <span class='ocrx_word' id='word_1_110' title='bbox 779 2299 905 2360; x_wconf 79' lang='lat' dir='ltr'>camnine,</span> <span class='ocrx_word' id='word_1_111' title='bbox 929 2310 1029 2346; x_wconf 86' lang='lat' dir='ltr'>carmen</span> <span class='ocrx_word' id='word_1_112' title='bbox 1049 2294 1100 2345; x_wconf 87' lang='lat' dir='ltr'>Orc</span> <span class='ocrx_word' id='word_1_113' title='bbox 1116 2311 1187 2346; x_wconf 86' lang='lat' dir='ltr'>move</span> <span class='ocrx_word' id='word_1_114' title='bbox 1205 2296 1312 2347; x_wconf 82' lang='lat' dir='ltr'>sacro.“</span> 
     </span>
     <span class='ocr_line' id='line_1_23' title="bbox 189 2363 1310 2430; baseline -0.002 -14"><span class='ocrx_word' id='word_1_115' title='bbox 189 2369 216 2416; x_wconf 91' lang='lat' dir='ltr'>et</span> <span class='ocrx_word' id='word_1_116' title='bbox 232 2365 303 2417; x_wconf 81' lang='lat' dir='ltr'>Fast.</span> <span class='ocrx_word' id='word_1_117' title='bbox 321 2366 420 2426; x_wconf 83' lang='lat'>111,11.</span> <span class='ocrx_word' id='word_1_118' title='bbox 450 2365 520 2429; x_wconf 86' lang='lat' dir='ltr'>„Ilia</span> <span class='ocrx_word' id='word_1_119' title='bbox 538 2364 644 2415; x_wconf 84' lang='lat' dir='ltr'>vestalis</span> <span class='ocrx_word' id='word_1_120' title='bbox 662 2363 738 2430; x_wconf 72' lang='lat' dir='ltr'>(quid</span> <span class='ocrx_word' id='word_1_121' title='bbox 755 2366 825 2414; x_wconf 83' lang='lat' dir='ltr'>enirn</span> <span class='ocrx_word' id='word_1_122' title='bbox 842 2369 914 2414; x_wconf 86' lang='lat' dir='ltr'>cetat</span> <span class='ocrx_word' id='word_1_123' title='bbox 930 2363 993 2413; x_wconf 86' lang='lat' dir='ltr'>inde</span> <span class='ocrx_word' id='word_1_124' title='bbox 1010 2364 1114 2421; x_wconf 81' lang='lat' dir='ltr'>moveri)</span> <span class='ocrx_word' id='word_1_125' title='bbox 1132 2363 1217 2414; x_wconf 84' lang='lat' dir='ltr'>Sacra</span> <span class='ocrx_word' id='word_1_126' title='bbox 1236 2365 1310 2414; x_wconf 67' lang='lat' dir='ltr'>laeva-</span> 
     </span>
     <span class='ocr_line' id='line_1_24' title="bbox 191 2430 1311 2499; baseline 0 -16"><span class='ocrx_word' id='word_1_127' title='bbox 191 2438 267 2483; x_wconf 80' lang='lat' dir='ltr'>tnras</span> <span class='ocrx_word' id='word_1_128' title='bbox 283 2449 362 2484; x_wconf 86' lang='lat' dir='ltr'>mane</span> <span class='ocrx_word' id='word_1_129' title='bbox 377 2434 484 2499; x_wconf 83' lang='lat' dir='ltr'>petebat</span> <span class='ocrx_word' id='word_1_130' title='bbox 500 2434 617 2498; x_wconf 82' lang='lat' dir='ltr'>aqnar“:</span> <span class='ocrx_word' id='word_1_131' title='bbox 636 2432 699 2482; x_wconf 83' lang='lat' dir='ltr'>inde</span> <span class='ocrx_word' id='word_1_132' title='bbox 717 2434 825 2495; x_wconf 84' lang='lat' dir='ltr'>moveri,</span> <span class='ocrx_word' id='word_1_133' title='bbox 843 2431 930 2494; x_wconf 87' lang='lat' dir='ltr'>idest,</span> <span class='ocrx_word' id='word_1_134' title='bbox 951 2430 1010 2481; x_wconf 89' lang='lat' dir='ltr'>inde</span> <span class='ocrx_word' id='word_1_135' title='bbox 1023 2430 1128 2481; x_wconf 89' lang='lat' dir='ltr'>initium</span> <span class='ocrx_word' id='word_1_136' title='bbox 1141 2435 1311 2483; x_wconf 69' lang='lat' dir='ltr'>narrationis</span> 
     </span>
     <span class='ocr_line' id='line_1_25' title="bbox 190 2498 1313 2571; baseline 0.001 -21"><span class='ocrx_word' id='word_1_137' title='bbox 190 2500 264 2551; x_wconf 89' lang='lat' dir='ltr'>sumi.</span> <span class='ocrx_word' id='word_1_138' title='bbox 290 2501 331 2551; x_wconf 89' lang='lat' dir='ltr'>Ita</span> <span class='ocrx_word' id='word_1_139' title='bbox 340 2501 430 2551; x_wconf 87' lang='lat' dir='ltr'>Livius</span> <span class='ocrx_word' id='word_1_140' title='bbox 440 2499 571 2563; x_wconf 69' lang='lat' dir='ltr'>[xxvnn</span> <span class='ocrx_word' id='word_1_141' title='bbox 584 2503 613 2552; x_wconf 86' lang='lat'>11</span> <span class='ocrx_word' id='word_1_142' title='bbox 626 2500 708 2571; x_wconf 32' lang='lat'>§¹10]‚</span> <span class='ocrx_word' id='word_1_143' title='bbox 727 2498 887 2550; x_wconf 82' lang='lat' dir='ltr'>Mentionem</span> <span class='ocrx_word' id='word_1_144' title='bbox 903 2514 1015 2561; x_wconf 72' lang='lat' dir='ltr'>ennom,</span> <span class='ocrx_word' id='word_1_145' title='bbox 1033 2499 1101 2561; x_wconf 72' lang='lat' dir='ltr'><strong>[VII</strong></span> <span class='ocrx_word' id='word_1_146' title='bbox 1114 2502 1126 2552; x_wconf 91' lang='lat'>1</span> <span class='ocrx_word' id='word_1_147' title='bbox 1138 2499 1189 2566; x_wconf 77' lang='lat'>§31</span> <span class='ocrx_word' id='word_1_148' title='bbox 1201 2504 1313 2551; x_wconf 78' lang='lat' dir='ltr'>mentio-</span> 
     </span>
     <span class='ocr_line' id='line_1_26' title="bbox 190 2568 1311 2634; baseline 0.001 -17"><span class='ocrx_word' id='word_1_149' title='bbox 190 2584 250 2618; x_wconf 85' lang='lat' dir='ltr'>nem</span> <span class='ocrx_word' id='word_1_150' title='bbox 268 2572 380 2633; x_wconf 81' lang='lat' dir='ltr'>agitare.</span> <span class='ocrx_word' id='word_1_151' title='bbox 410 2568 498 2619; x_wconf 78' lang='lat' dir='ltr'>Cicero</span> <span class='ocrx_word' id='word_1_152' title='bbox 516 2570 544 2618; x_wconf 91' lang='lat' dir='ltr'>in</span> <span class='ocrx_word' id='word_1_153' title='bbox 554 2570 658 2618; x_wconf 83' lang='lat' dir='ltr'>Oratore</span> <span class='ocrx_word' id='word_1_154' title='bbox 668 2585 689 2620; x_wconf 91' lang='lat' dir='ltr'>c.</span> <span class='ocrx_word' id='word_1_155' title='bbox 702 2569 831 2631; x_wconf 76' lang='lat' dir='ltr'>12.[extr.]</span> <span class='ocrx_word' id='word_1_156' title='bbox 850 2568 1016 2634; x_wconf 66' lang='lat' dir='ltr'>„Prirndque</span> <span class='ocrx_word' id='word_1_157' title='bbox 1033 2568 1116 2617; x_wconf 65' lang='lat' dir='ltr'>allis</span> <span class='ocrx_word' id='word_1_158' title='bbox 1127 2568 1268 2631; x_wconf 86' lang='lat' dir='ltr'>(Herodoto</span> <span class='ocrx_word' id='word_1_159' title='bbox 1286 2573 1311 2619; x_wconf 87' lang='lat' dir='ltr'>et</span> 
     </span>
     <span class='ocr_line' id='line_1_27' title="bbox 189 2635 1311 2701; baseline 0.003 -16"><span class='ocrx_word' id='word_1_160' title='bbox 189 2635 349 2701; x_wconf 75' lang='lat' dir='ltr'>Thucydide)</span> <span class='ocrx_word' id='word_1_161' title='bbox 367 2641 399 2687; x_wconf 83' lang='lat' dir='ltr'>at</span> <span class='ocrx_word' id='word_1_162' title='bbox 415 2639 455 2686; x_wconf 82' lang='lat' dir='ltr'>att</span> <span class='ocrx_word' id='word_1_163' title='bbox 466 2635 670 2701; x_wconf 74' lang='lat' dir='ltr'>Theophrastus,</span> <span class='ocrx_word' id='word_1_164' title='bbox 687 2636 795 2686; x_wconf 88' lang='lat' dir='ltr'>historia</span> <span class='ocrx_word' id='word_1_165' title='bbox 813 2640 937 2687; x_wconf 87' lang='lat' dir='ltr'>commota</span> <span class='ocrx_word' id='word_1_166' title='bbox 953 2640 999 2697; x_wconf 78' lang='lat' dir='ltr'>est,</span> <span class='ocrx_word' id='word_1_167' title='bbox 1016 2641 1048 2685; x_wconf 82' lang='lat' dir='ltr'>at</span> <span class='ocrx_word' id='word_1_168' title='bbox 1066 2635 1177 2686; x_wconf 80' lang='lat' dir='ltr'>auderet</span> <span class='ocrx_word' id='word_1_169' title='bbox 1192 2638 1311 2700; x_wconf 66' lang='lat' dir='ltr'>almas,</span> 
     </span>
     <span class='ocr_line' id='line_1_28' title="bbox 190 2702 1311 2769; baseline 0.002 -16"><span class='ocrx_word' id='word_1_170' title='bbox 190 2718 271 2768; x_wconf 79' lang='lat' dir='ltr'>peram</span> <span class='ocrx_word' id='word_1_171' title='bbox 288 2706 453 2769; x_wconf 76' lang='lat' dir='ltr'>superiores,</span> <span class='ocrx_word' id='word_1_172' title='bbox 477 2708 503 2754; x_wconf 85' lang='lat' dir='ltr'>et</span> <span class='ocrx_word' id='word_1_173' title='bbox 519 2707 640 2753; x_wconf 81' lang='lat' dir='ltr'>ornatius</span> <span class='ocrx_word' id='word_1_174' title='bbox 658 2704 772 2754; x_wconf 84' lang='lat' dir='ltr'>dicere.“</span> <span class='ocrx_word' id='word_1_175' title='bbox 805 2705 884 2754; x_wconf 89' lang='lat' dir='ltr'>Porro</span> <span class='ocrx_word' id='word_1_176' title='bbox 902 2703 967 2754; x_wconf 91' lang='lat' dir='ltr'>illud</span> <span class='ocrx_word' id='word_1_177' title='bbox 984 2702 1074 2763; x_wconf 72' lang='lat' dir='ltr'>fallax</span> <span class='ocrx_word' id='word_1_178' title='bbox 1097 2720 1149 2754; x_wconf 91' lang='lat' dir='ltr'>non</span> <span class='ocrx_word' id='word_1_179' title='bbox 1166 2704 1230 2755; x_wconf 86' lang='lat' dir='ltr'>levis</span> <span class='ocrx_word' id='word_1_180' title='bbox 1247 2705 1311 2755; x_wconf 89' lang='lat' dir='ltr'>mihi</span> 
     </span>
     <span class='ocr_line' id='line_1_29' title="bbox 191 2771 1310 2838; baseline 0.004 -18"><span class='ocrx_word' id='word_1_181' title='bbox 191 2771 304 2836; x_wconf 87' lang='lat' dir='ltr'>suspicio</span> <span class='ocrx_word' id='word_1_182' title='bbox 322 2775 361 2820; x_wconf 89' lang='lat' dir='ltr'>est</span> <span class='ocrx_word' id='word_1_183' title='bbox 377 2786 408 2820; x_wconf 80' lang='lat' dir='ltr'>ex</span> <span class='ocrx_word' id='word_1_184' title='bbox 424 2771 635 2836; x_wconf 79' lang='lat' dir='ltr'>interpretatione</span> <span class='ocrx_word' id='word_1_185' title='bbox 652 2771 680 2821; x_wconf 90' lang='lat' dir='ltr'>in</span> <span class='ocrx_word' id='word_1_186' title='bbox 694 2787 792 2822; x_wconf 89' lang='lat' dir='ltr'>versum</span> <span class='ocrx_word' id='word_1_187' title='bbox 809 2772 949 2838; x_wconf 84' lang='lat' dir='ltr'>irrepsisse,</span> <span class='ocrx_word' id='word_1_188' title='bbox 967 2788 1014 2838; x_wconf 88' lang='lat' dir='ltr'>pro</span> <span class='ocrx_word' id='word_1_189' title='bbox 1025 2771 1131 2837; x_wconf 60' lang='lat' dir='ltr'>pellam</span> <span class='ocrx_word' id='word_1_190' title='bbox 1150 2773 1218 2836; x_wconf 88' lang='lat' dir='ltr'>quod</span> <span class='ocrx_word' id='word_1_191' title='bbox 1230 2773 1310 2824; x_wconf 83' lang='lat' dir='ltr'>altero</span> 
     </span>
     <span class='ocr_line' id='line_1_30' title="bbox 189 2837 1311 2907; baseline 0.003 -19"><span class='ocrx_word' id='word_1_192' title='bbox 189 2854 241 2888; x_wconf 86' lang='lat' dir='ltr'>non</span> <span class='ocrx_word' id='word_1_193' title='bbox 260 2837 347 2904; x_wconf 84' lang='lat' dir='ltr'>paullo</span> <span class='ocrx_word' id='word_1_194' title='bbox 365 2839 449 2903; x_wconf 87' lang='lat' dir='ltr'>aptius</span> <span class='ocrx_word' id='word_1_195' title='bbox 467 2845 493 2888; x_wconf 92' lang='lat' dir='ltr'>et</span> <span class='ocrx_word' id='word_1_196' title='bbox 510 2838 696 2904; x_wconf 80' lang='lat' dir='ltr'>significantius</span> <span class='ocrx_word' id='word_1_197' title='bbox 715 2845 761 2891; x_wconf 87' lang='lat' dir='ltr'>est.</span> <span class='ocrx_word' id='word_1_198' title='bbox 796 2840 888 2904; x_wconf 81' lang='lat' dir='ltr'>Virgil.</span> <span class='ocrx_word' id='word_1_199' title='bbox 906 2842 969 2890; x_wconf 84' lang='lat' dir='ltr'>Aen.</span> <span class='ocrx_word' id='word_1_200' title='bbox 987 2840 1022 2901; x_wconf 91' lang='grc' dir='ltr'>ΙΙ,</span> <span class='ocrx_word' id='word_1_201' title='bbox 1040 2840 1081 2891; x_wconf 85' lang='grc'>30.</span> <span class='ocrx_word' id='word_1_202' title='bbox 1099 2840 1222 2904; x_wconf 82' lang='lat' dir='ltr'>„inuidia</span> <span class='ocrx_word' id='word_1_203' title='bbox 1237 2846 1311 2907; x_wconf 82' lang='lat' dir='ltr'>post·</span> 
     </span>
     <span class='ocr_line' id='line_1_31' title="bbox 183 2905 1309 2975; baseline 0.003 -20"><span class='ocrx_word' id='word_1_204' title='bbox 183 2906 271 2971; x_wconf 72' lang='lat' dir='ltr'>‘paam</span> <span class='ocrx_word' id='word_1_205' title='bbox 287 2906 393 2972; x_wconf 87' lang='lat' dir='ltr'>pellacis</span> <span class='ocrx_word' id='word_1_206' title='bbox 412 2906 534 2957; x_wconf 76' lang='lat' dir='ltr'>Vlicci“:</span> <span class='ocrx_word' id='word_1_207' title='bbox 552 2905 597 2956; x_wconf 88' lang='lat' dir='ltr'>nbi</span> <span class='ocrx_word' id='word_1_208' title='bbox 616 2908 731 2958; x_wconf 82' lang='lat' dir='ltr'>Servius:</span> <span class='ocrx_word' id='word_1_209' title='bbox 751 2908 890 2973; x_wconf 81' lang='lat' dir='ltr'>„Pellacis,</span> <span class='ocrx_word' id='word_1_210' title='bbox 906 2925 957 2974; x_wconf 89' lang='lat' dir='ltr'>per</span> <span class='ocrx_word' id='word_1_211' title='bbox 975 2908 1118 2958; x_wconf 80' lang='lat' dir='ltr'>llarcde&#39;lr&#39;as</span> <span class='ocrx_word' id='word_1_212' title='bbox 1136 2908 1309 2975; x_wconf 63' lang='lat' dir='ltr'>decipientis:</span> 
     </span>
     <span class='ocr_line' id='line_1_32' title="bbox 191 2974 1310 3044; baseline 0.004 -21"><span class='ocrx_word' id='word_1_213' title='bbox 191 2974 317 3024; x_wconf 83' lang='lat' dir='ltr'>Pelliccre</span> <span class='ocrx_word' id='word_1_214' title='bbox 341 2977 411 3025; x_wconf 81' lang='lat' dir='ltr'>enim</span> <span class='ocrx_word' id='word_1_215' title='bbox 436 2981 475 3025; x_wconf 84' lang='lat' dir='ltr'>cel</span> <span class='ocrx_word' id='word_1_216' title='bbox 494 2991 545 3041; x_wconf 87' lang='lat' dir='ltr'>per</span> <span class='ocrx_word' id='word_1_217' title='bbox 570 2974 715 3027; x_wconf 78' lang='lat' dir='ltr'>blandietur</span> <span class='ocrx_word' id='word_1_218' title='bbox 738 2976 866 3027; x_wconf 66' lang='lat' dir='ltr'>illicerer‘</span> <span class='ocrx_word' id='word_1_219' title='bbox 900 2976 977 3026; x_wconf 90' lang='lat' dir='ltr'>Multi</span> <span class='ocrx_word' id='word_1_220' title='bbox 1000 2979 1084 3027; x_wconf 85' lang='lat' dir='ltr'>tamen</span> <span class='ocrx_word' id='word_1_221' title='bbox 1114 2976 1217 3027; x_wconf 90' lang='lat' dir='ltr'>codices</span> <span class='ocrx_word' id='word_1_222' title='bbox 1241 2976 1310 3044; x_wconf 84' lang='lat' dir='ltr'>apud</span> 
     </span>
     <span class='ocr_line' id='line_1_33' title="bbox 189 3038 1310 3124; baseline 0.004 -32"><span class='ocrx_word' id='word_1_223' title='bbox 189 3038 303 3115; x_wconf 69' lang='lat' dir='ltr'>Bierium</span> <span class='ocrx_word' id='word_1_224' title='bbox 319 3043 428 3104; x_wconf 79' lang='lat' dir='ltr'>fallacis</span> <span class='ocrx_word' id='word_1_225' title='bbox 445 3041 483 3093; x_wconf 88' lang='lat' dir='ltr'>ibi</span> <span class='ocrx_word' id='word_1_226' title='bbox 506 3042 608 3093; x_wconf 86' lang='lat' dir='ltr'>habent.</span> <span class='ocrx_word' id='word_1_227' title='bbox 643 3044 813 3111; x_wconf 84' lang='lat' dir='ltr'>Hieronymus</span> <span class='ocrx_word' id='word_1_228' title='bbox 837 3043 945 3094; x_wconf 81' lang='lat' dir='ltr'>Praetat.</span> <span class='ocrx_word' id='word_1_229' title='bbox 964 3044 1000 3124; x_wconf 45' lang='lat' dir='ltr'>in·</span> <span class='ocrx_word' id='word_1_230' title='bbox 1011 3043 1048 3093; x_wconf 86' lang='lat' dir='ltr'>VI</span> <span class='ocrx_word' id='word_1_231' title='bbox 1065 3049 1197 3124; x_wconf 63' lang='lat' dir='ltr'>porimens</span> <span class='ocrx_word' id='word_1_232' title='bbox 1217 3046 1310 3097; x_wconf 82' lang='lat' dir='ltr'>Enoch.</span> 
     </span>
     <span class='ocr_line' id='line_1_34' title="bbox 190 3111 1310 3247; baseline 0.004 -19"><span class='ocrx_word' id='word_1_233' title='bbox 190 3111 1310 3247; x_wconf 60' lang='lat' dir='ltr'>attttflttttllft,ttttlffttttttttttttlttnlltttttttt</span> 
     </span>
     <span class='ocr_line' id='line_1_35' title="bbox 188 3247 1310 3314; baseline 0.004 -18"><span class='ocrx_word' id='word_1_234' title='bbox 188 3247 282 3311; x_wconf 78' lang='lat' dir='ltr'>Virgil.</span> <span class='ocrx_word' id='word_1_235' title='bbox 300 3249 391 3314; x_wconf 76' lang='lat' dir='ltr'>Georg.</span> <span class='ocrx_word' id='word_1_236' title='bbox 409 3249 461 3312; x_wconf 89' lang='lat' dir='ltr'>IV,</span> <span class='ocrx_word' id='word_1_237' title='bbox 478 3251 537 3301; x_wconf 82' lang='grc'>443.</span> <span class='ocrx_word' id='word_1_238' title='bbox 572 3247 691 3312; x_wconf 81' lang='lat' dir='ltr'>„me</span> <span class='ocrx_word' id='word_1_239' title='bbox 714 3249 762 3298; x_wconf 81' lang='lat' dir='ltr'>nli</span> <span class='ocrx_word' id='word_1_240' title='bbox 777 3248 854 3299; x_wconf 82' lang='lat' dir='ltr'>nulla</span> <span class='ocrx_word' id='word_1_241' title='bbox 871 3247 966 3314; x_wconf 74' lang='lat' dir='ltr'>sagam</span> <span class='ocrx_word' id='word_1_242' title='bbox 983 3250 1085 3313; x_wconf 75' lang='lat' dir='ltr'>reperii</span> <span class='ocrx_word' id='word_1_243' title='bbox 1100 3248 1240 3314; x_wconf 82' lang='lat' dir='ltr'>pellaoin·‘:</span> <span class='ocrx_word' id='word_1_244' title='bbox 1265 3250 1310 3300; x_wconf 87' lang='lat' dir='ltr'>ubi</span> 
     </span>
     <span class='ocr_line' id='line_1_36' title="bbox 190 3314 1310 3381; baseline 0.004 -18"><span class='ocrx_word' id='word_1_245' title='bbox 190 3314 277 3379; x_wconf 85' lang='lat' dir='ltr'>plures</span> <span class='ocrx_word' id='word_1_246' title='bbox 295 3331 324 3365; x_wconf 83' lang='lat' dir='ltr'>ex</span> <span class='ocrx_word' id='word_1_247' title='bbox 342 3316 451 3381; x_wconf 84' lang='lat' dir='ltr'>Scriptis</span> <span class='ocrx_word' id='word_1_248' title='bbox 469 3315 594 3377; x_wconf 76' lang='lat' dir='ltr'>fallacia:</span> <span class='ocrx_word' id='word_1_249' title='bbox 619 3315 681 3367; x_wconf 88' lang='lat' dir='ltr'>adeo</span> <span class='ocrx_word' id='word_1_250' title='bbox 704 3316 817 3381; x_wconf 87' lang='lat' dir='ltr'>proclive</span> <span class='ocrx_word' id='word_1_251' title='bbox 842 3320 897 3365; x_wconf 87' lang='lat' dir='ltr'>erat</span> <span class='ocrx_word' id='word_1_252' title='bbox 921 3316 1046 3367; x_wconf 88' lang='lat' dir='ltr'>Librariis</span> <span class='ocrx_word' id='word_1_253' title='bbox 1070 3314 1221 3367; x_wconf 83' lang='lat' dir='ltr'>vccabulum</span> <span class='ocrx_word' id='word_1_254' title='bbox 1244 3317 1310 3368; x_wconf 81' lang='lat' dir='ltr'>illud</span> 
     </span>
     <span class='ocr_line' id='line_1_37' title="bbox 190 3381 1309 3450; baseline 0.005 -20"><span class='ocrx_word' id='word_1_255' title='bbox 190 3399 358 3447; x_wconf 84' lang='lat' dir='ltr'>eorrumpere.</span> <span class='ocrx_word' id='word_1_256' title='bbox 394 3384 497 3434; x_wconf 87' lang='lat' dir='ltr'>Glossae</span> <span class='ocrx_word' id='word_1_257' title='bbox 515 3384 721 3435; x_wconf 83' lang='lat' dir='ltr'>Graecolatinae:</span> <span class='ocrx_word' id='word_1_258' title='bbox 747 3381 913 3450; x_wconf 78' lang='grc' dir='ltr'><strong>Επαγωγὸς,</strong></span> <span class='ocrx_word' id='word_1_259' title='bbox 928 3384 1037 3450; x_wconf 75' lang='lat' dir='ltr'>pellas,</span> <span class='ocrx_word' id='word_1_260' title='bbox 1056 3384 1129 3436; x_wconf 74' lang='lat' dir='ltr'>illoc.</span> <span class='ocrx_word' id='word_1_261' title='bbox 1164 3385 1309 3436; x_wconf 77' lang='lat' dir='ltr'>Martianus</span> 
     </span>
     <span class='ocr_line' id='line_1_38' title="bbox 190 3449 1311 3518; baseline 0.004 -19"><span class='ocrx_word' id='word_1_262' title='bbox 190 3449 294 3514; x_wconf 82' lang='lat' dir='ltr'>(lapella</span> <span class='ocrx_word' id='word_1_263' title='bbox 309 3449 354 3499; x_wconf 88' lang='lat' dir='ltr'>lib.</span> <span class='ocrx_word' id='word_1_264' title='bbox 363 3450 408 3503; x_wconf 86' lang='lat' dir='ltr'>IV.</span> <span class='ocrx_word' id='word_1_265' title='bbox 427 3452 453 3517; x_wconf 66' lang='grc' dir='ltr'>[ξ</span> <span class='ocrx_word' id='word_1_266' title='bbox 465 3454 524 3515; x_wconf 88' lang='grc'>331]</span> <span class='ocrx_word' id='word_1_267' title='bbox 543 3451 727 3516; x_wconf 61' lang='lat' dir='ltr'>,directaneis</span> <span class='ocrx_word' id='word_1_268' title='bbox 743 3451 922 3518; x_wconf 84' lang='lat' dir='ltr'>pellacissima,</span> <span class='ocrx_word' id='word_1_269' title='bbox 940 3458 965 3502; x_wconf 90' lang='lat' dir='ltr'>et</span> <span class='ocrx_word' id='word_1_270' title='bbox 981 3457 1113 3502; x_wconf 79' lang='lat' dir='ltr'>metarum</span> <span class='ocrx_word' id='word_1_271' title='bbox 1130 3451 1311 3504; x_wconf 77' lang='lat' dir='ltr'>Marsicamrn</span> 
     </span>
     <span class='ocr_line' id='line_1_39' title="bbox 190 3516 1310 3588; baseline 0.007 -23"><span class='ocrx_word' id='word_1_272' title='bbox 190 3516 305 3567; x_wconf 69' lang='lat' dir='ltr'>eaeolar‘</span> <span class='ocrx_word' id='word_1_273' title='bbox 339 3517 465 3568; x_wconf 78' lang='lat' dir='ltr'>Arnobius</span> <span class='ocrx_word' id='word_1_274' title='bbox 482 3519 529 3572; x_wconf 92' lang='lat' dir='ltr'>lib.</span> <span class='ocrx_word' id='word_1_275' title='bbox 546 3521 589 3585; x_wconf 91' lang='lat' dir='ltr'>II,</span> <span class='ocrx_word' id='word_1_276' title='bbox 609 3524 639 3583; x_wconf 91' lang='lat' dir='ltr'>[c.</span> <span class='ocrx_word' id='word_1_277' title='bbox 659 3523 684 3583; x_wconf 86' lang='grc'>3]</span> <span class='ocrx_word' id='word_1_278' title='bbox 719 3521 834 3585; x_wconf 85' lang='lat' dir='ltr'>„llomo,</span> <span class='ocrx_word' id='word_1_279' title='bbox 858 3522 907 3585; x_wconf 82' lang='lat' dir='ltr'>qui</span> <span class='ocrx_word' id='word_1_280' title='bbox 927 3524 964 3570; x_wconf 83' lang='lat' dir='ltr'>sc&#39;l</span> <span class='ocrx_word' id='word_1_281' title='bbox 986 3524 1035 3570; x_wconf 84' lang='lat' dir='ltr'>ant</span> <span class='ocrx_word' id='word_1_282' title='bbox 1056 3519 1127 3569; x_wconf 80' lang='lat' dir='ltr'>unde</span> <span class='ocrx_word' id='word_1_283' title='bbox 1150 3524 1188 3570; x_wconf 83' lang='lat' dir='ltr'>tit</span> <span class='ocrx_word' id='word_1_284' title='bbox 1203 3537 1310 3588; x_wconf 78' lang='lat' dir='ltr'>anceps,</span> 
     </span>
     <span class='ocr_line' id='line_1_40' title="bbox 191 3585 1311 3654; baseline 0.006 -21"><span class='ocrx_word' id='word_1_285' title='bbox 191 3587 294 3647; x_wconf 80' lang='lat' dir='ltr'>varius,</span> <span class='ocrx_word' id='word_1_286' title='bbox 311 3585 423 3648; x_wconf 80' lang='lat' dir='ltr'>mobilis,</span> <span class='ocrx_word' id='word_1_287' title='bbox 441 3586 534 3652; x_wconf 83' lang='lat' dir='ltr'>pellar,</span> <span class='ocrx_word' id='word_1_288' title='bbox 551 3588 701 3654; x_wconf 74' lang='lat' dir='ltr'>multiplea,</span> <span class='ocrx_word' id='word_1_289' title='bbox 718 3588 919 3649; x_wconf 77' lang='lat' dir='ltr'>multiformis.“</span> <span class='ocrx_word' id='word_1_290' title='bbox 953 3589 988 3639; x_wconf 79' lang='lat' dir='ltr'>Et</span> <span class='ocrx_word' id='word_1_291' title='bbox 1005 3587 1050 3639; x_wconf 90' lang='lat' dir='ltr'>lib.</span> <span class='ocrx_word' id='word_1_292' title='bbox 1059 3587 1090 3640; x_wconf 86' lang='lat' dir='ltr'>V.</span> <span class='ocrx_word' id='word_1_293' title='bbox 1109 3592 1140 3651; x_wconf 85' lang='lat' dir='ltr'>[c.</span> <span class='ocrx_word' id='word_1_294' title='bbox 1150 3590 1194 3652; x_wconf 87' lang='grc'>44]</span> <span class='ocrx_word' id='word_1_295' title='bbox 1220 3589 1311 3654; x_wconf 73' lang='lat' dir='ltr'>„para</span> 
     </span>
     <span class='ocr_line' id='line_1_41' title="bbox 188 3652 1310 3725; baseline 0.005 -23"><span class='ocrx_word' id='word_1_296' title='bbox 188 3668 241 3720; x_wconf 87' lang='lat' dir='ltr'>pro</span> <span class='ocrx_word' id='word_1_297' title='bbox 260 3655 351 3719; x_wconf 63' lang='lat' dir='ltr'>wenis</span> <span class='ocrx_word' id='word_1_298' title='bbox 369 3658 396 3704; x_wconf 83' lang='lat' dir='ltr'>et</span> <span class='ocrx_word' id='word_1_299' title='bbox 411 3652 532 3720; x_wconf 68' lang='lat' dir='ltr'>Satyris,</span> <span class='ocrx_word' id='word_1_300' title='bbox 550 3656 616 3721; x_wconf 83' lang='lat' dir='ltr'>qaid</span> <span class='ocrx_word' id='word_1_301' title='bbox 631 3671 681 3722; x_wconf 88' lang='lat' dir='ltr'>pro</span> <span class='ocrx_word' id='word_1_302' title='bbox 700 3659 789 3706; x_wconf 62' lang='lat' dir='ltr'>auras</span> <span class='ocrx_word' id='word_1_303' title='bbox 807 3657 944 3721; x_wconf 80' lang='lat' dir='ltr'>imbribus,</span> <span class='ocrx_word' id='word_1_304' title='bbox 963 3659 992 3706; x_wconf 84' lang='lat' dir='ltr'>in</span> <span class='ocrx_word' id='word_1_305' title='bbox 1009 3670 1075 3722; x_wconf 80' lang='lat' dir='ltr'>qnos</span> <span class='ocrx_word' id='word_1_306' title='bbox 1092 3656 1163 3706; x_wconf 83' lang='lat' dir='ltr'>idem</span> <span class='ocrx_word' id='word_1_307' title='bbox 1179 3673 1208 3707; x_wconf 82' lang='lat' dir='ltr'>se</span> <span class='ocrx_word' id='word_1_308' title='bbox 1223 3658 1310 3725; x_wconf 85' lang='lat' dir='ltr'>pellax</span> 
     </span>
     <span class='ocr_line' id='line_1_42' title="bbox 188 3721 1178 3790; baseline 0.003 -20"><span class='ocrx_word' id='word_1_309' title='bbox 188 3721 325 3787; x_wconf 77' lang='lat' dir='ltr'>(luppiter)</span> <span class='ocrx_word' id='word_1_310' title='bbox 343 3721 442 3782; x_wconf 79' lang='lat' dir='ltr'>fraude</span> <span class='ocrx_word' id='word_1_311' title='bbox 458 3723 549 3773; x_wconf 79' lang='lat' dir='ltr'>induit</span> <span class='ocrx_word' id='word_1_312' title='bbox 564 3724 680 3790; x_wconf 79' lang='lat' dir='ltr'>perfida,</span> <span class='ocrx_word' id='word_1_313' title='bbox 698 3723 849 3784; x_wconf 75' lang='lat' dir='ltr'>formarum</span> <span class='ocrx_word' id='word_1_314' title='bbox 867 3726 1041 3774; x_wconf 77' lang='lat' dir='ltr'>varietatibus</span> <span class='ocrx_word' id='word_1_315' title='bbox 1058 3723 1178 3775; x_wconf 78' lang='lat' dir='ltr'>ludens.“</span> 
     </span>
    </p>

    <p class='ocr_par' dir='ltr' id='par_1_7' title="bbox 188 3790 1311 4266">
     <span class='ocr_line' id='line_1_43' title="bbox 257 3790 1310 3860; baseline 0.003 -18"><span class='ocrx_word' id='word_1_316' title='bbox 257 3792 282 3842; x_wconf 80' lang='lat'>5.</span> <span class='ocrx_word' id='word_1_317' title='bbox 300 3790 384 3840; x_wconf 86' lang='lat' dir='ltr'>Docte</span> <span class='ocrx_word' id='word_1_318' title='bbox 407 3805 539 3841; x_wconf 84' lang='lat' dir='ltr'>sermones</span> <span class='ocrx_word' id='word_1_319' title='bbox 563 3794 703 3857; x_wconf 71' lang='lat' dir='ltr'>uniusque</span> <span class='ocrx_word' id='word_1_320' title='bbox 720 3792 840 3858; x_wconf 69' lang='lat' dir='ltr'>linguae]</span> <span class='ocrx_word' id='word_1_321' title='bbox 877 3791 939 3841; x_wconf 85' lang='lat' dir='ltr'>&#39;Iam</span> <span class='ocrx_word' id='word_1_322' title='bbox 955 3798 1052 3843; x_wconf 83' lang='lat' dir='ltr'>veteres</span> <span class='ocrx_word' id='word_1_323' title='bbox 1069 3792 1209 3857; x_wconf 86' lang='lat' dir='ltr'>editiones,</span> <span class='ocrx_word' id='word_1_324' title='bbox 1233 3810 1310 3860; x_wconf 84' lang='lat' dir='ltr'>qnam</span> 
     </span>
     <span class='ocr_line' id='line_1_44' title="bbox 188 3857 1310 3928; baseline 0.005 -21"><span class='ocrx_word' id='word_1_325' title='bbox 188 3873 275 3908; x_wconf 86' lang='lat' dir='ltr'>omnes</span> <span class='ocrx_word' id='word_1_326' title='bbox 293 3858 344 3908; x_wconf 85' lang='lat' dir='ltr'>fere</span> <span class='ocrx_word' id='word_1_327' title='bbox 361 3858 474 3921; x_wconf 86' lang='lat' dir='ltr'>codices,</span> <span class='ocrx_word' id='word_1_328' title='bbox 498 3863 524 3909; x_wconf 92' lang='lat' dir='ltr'>et</span> <span class='ocrx_word' id='word_1_329' title='bbox 541 3860 591 3909; x_wconf 89' lang='lat' dir='ltr'>mei</span> <span class='ocrx_word' id='word_1_330' title='bbox 608 3864 634 3908; x_wconf 90' lang='lat' dir='ltr'>et</span> <span class='ocrx_word' id='word_1_331' title='bbox 651 3859 773 3922; x_wconf 86' lang='lat' dir='ltr'>eliorum,</span> <span class='ocrx_word' id='word_1_332' title='bbox 798 3857 894 3910; x_wconf 82' lang='lat' dir='ltr'>habent</span> <span class='ocrx_word' id='word_1_333' title='bbox 911 3861 1012 3922; x_wconf 88' lang='lat' dir='ltr'>„Docte</span> <span class='ocrx_word' id='word_1_334' title='bbox 1029 3861 1151 3911; x_wconf 85' lang='lat' dir='ltr'>sermonis</span> <span class='ocrx_word' id='word_1_335' title='bbox 1168 3865 1310 3928; x_wconf 81' lang='lat' dir='ltr'>utriusque</span> 
     </span>
     <span class='ocr_line' id='line_1_45' title="bbox 190 3925 1308 3994; baseline 0.004 -19"><span class='ocrx_word' id='word_1_336' title='bbox 190 3925 327 3990; x_wconf 67' lang='lat' dir='ltr'>liuguaef‘</span> <span class='ocrx_word' id='word_1_337' title='bbox 350 3930 426 3991; x_wconf 88' lang='lat' dir='ltr'>atque</span> <span class='ocrx_word' id='word_1_338' title='bbox 449 3927 486 3977; x_wconf 85' lang='lat' dir='ltr'>ita</span> <span class='ocrx_word' id='word_1_339' title='bbox 503 3927 586 3977; x_wconf 77' lang='lat' dir='ltr'>Acron</span> <span class='ocrx_word' id='word_1_340' title='bbox 604 3927 796 3994; x_wconf 86' lang='lat' dir='ltr'>Mnnuscriptus</span> <span class='ocrx_word' id='word_1_341' title='bbox 820 3929 848 3978; x_wconf 91' lang='lat' dir='ltr'>in</span> <span class='ocrx_word' id='word_1_342' title='bbox 865 3927 1026 3979; x_wconf 87' lang='lat' dir='ltr'>Bibliotheca</span> <span class='ocrx_word' id='word_1_343' title='bbox 1043 3928 1138 3994; x_wconf 83' lang='lat' dir='ltr'>Regiae</span> <span class='ocrx_word' id='word_1_344' title='bbox 1157 3929 1308 3980; x_wconf 76' lang='lat' dir='ltr'>societatis:</span> 
     </span>
     <span class='ocr_line' id='line_1_46' title="bbox 189 3992 1309 4061; baseline 0.005 -18"><span class='ocrx_word' id='word_1_345' title='bbox 189 3992 280 4058; x_wconf 85' lang='lat' dir='ltr'>„Ordo</span> <span class='ocrx_word' id='word_1_346' title='bbox 292 3997 343 4057; x_wconf 77' lang='lat' dir='ltr'>est,</span> <span class='ocrx_word' id='word_1_347' title='bbox 361 3995 444 4045; x_wconf 86' lang='lat' dir='ltr'>Docte</span> <span class='ocrx_word' id='word_1_348' title='bbox 461 3994 597 4045; x_wconf 81' lang='lat' dir='ltr'>Sermonis</span> <span class='ocrx_word' id='word_1_349' title='bbox 613 3999 759 4061; x_wconf 68' lang='lat' dir='ltr'>annusque,</span> <span class='ocrx_word' id='word_1_350' title='bbox 777 3996 807 4046; x_wconf 82' lang='lat' dir='ltr'>id</span> <span class='ocrx_word' id='word_1_351' title='bbox 824 4001 876 4060; x_wconf 84' lang='lat' dir='ltr'>est,</span> <span class='ocrx_word' id='word_1_352' title='bbox 896 3995 994 4047; x_wconf 73' lang='lat' dir='ltr'>Gracci</span> <span class='ocrx_word' id='word_1_353' title='bbox 1012 4008 1037 4049; x_wconf 85' lang='lat' dir='ltr'>et</span> <span class='ocrx_word' id='word_1_354' title='bbox 1052 3994 1175 4047; x_wconf 67' lang='lat' dir='ltr'>Latinif‘</span> <span class='ocrx_word' id='word_1_355' title='bbox 1198 3998 1263 4049; x_wconf 83' lang='lat' dir='ltr'>Sane</span> <span class='ocrx_word' id='word_1_356' title='bbox 1280 3999 1309 4049; x_wconf 88' lang='lat' dir='ltr'>in</span> 
     </span>
     <span class='ocr_line' id='line_1_47' title="bbox 189 4062 1311 4132; baseline 0.005 -21"><span class='ocrx_word' id='word_1_357' title='bbox 189 4075 301 4127; x_wconf 78' lang='lat' dir='ltr'>cessura,</span> <span class='ocrx_word' id='word_1_358' title='bbox 319 4063 396 4112; x_wconf 87' lang='lat' dir='ltr'>etiam</span> <span class='ocrx_word' id='word_1_359' title='bbox 414 4062 509 4129; x_wconf 83' lang='lat' dir='ltr'>syllaba</span> <span class='ocrx_word' id='word_1_360' title='bbox 528 4063 611 4112; x_wconf 82' lang='lat' dir='ltr'>brevis</span> <span class='ocrx_word' id='word_1_361' title='bbox 628 4063 736 4129; x_wconf 81' lang='lat' dir='ltr'>produci</span> <span class='ocrx_word' id='word_1_362' title='bbox 752 4068 850 4130; x_wconf 87' lang='lat' dir='ltr'>potest,</span> <span class='ocrx_word' id='word_1_363' title='bbox 869 4070 899 4115; x_wconf 90' lang='lat' dir='ltr'>nt</span> <span class='ocrx_word' id='word_1_364' title='bbox 915 4063 996 4114; x_wconf 80' lang='lat' dir='ltr'>Germ.</span> <span class='ocrx_word' id='word_1_365' title='bbox 1015 4066 1035 4128; x_wconf 93' lang='grc' dir='ltr'>Ι,</span> <span class='ocrx_word' id='word_1_366' title='bbox 1055 4067 1078 4127; x_wconf 87' lang='lat'>3,</span> <span class='ocrx_word' id='word_1_367' title='bbox 1088 4066 1129 4117; x_wconf 87' lang='grc'>36.</span> <span class='ocrx_word' id='word_1_368' title='bbox 1165 4066 1311 4132; x_wconf 58' lang='lat' dir='ltr'>‚rampe</span> 
     </span>
     <span class='ocr_line' id='line_1_48' title="bbox 189 4127 1310 4200; baseline 0.005 -23"><span class='ocrx_word' id='word_1_369' title='bbox 189 4127 342 4180; x_wconf 75' lang='lat' dir='ltr'>Acheronta</span> <span class='ocrx_word' id='word_1_370' title='bbox 366 4131 510 4181; x_wconf 77' lang='lat' dir='ltr'>Herculeas</span> <span class='ocrx_word' id='word_1_371' title='bbox 535 4132 636 4182; x_wconf 77' lang='lat' dir='ltr'>lador.“</span> <span class='ocrx_word' id='word_1_372' title='bbox 662 4137 688 4182; x_wconf 92' lang='lat' dir='ltr'>et</span> <span class='ocrx_word' id='word_1_373' title='bbox 704 4133 760 4198; x_wconf 90' lang='lat'>111,</span> <span class='ocrx_word' id='word_1_374' title='bbox 781 4135 826 4196; x_wconf 88' lang='grc'>16,</span> <span class='ocrx_word' id='word_1_375' title='bbox 845 4135 886 4187; x_wconf 80' lang='grc'>26.</span> <span class='ocrx_word' id='word_1_376' title='bbox 922 4132 1026 4199; x_wconf 73' lang='lat' dir='ltr'>„Qum</span> <span class='ocrx_word' id='word_1_377' title='bbox 1050 4135 1075 4183; x_wconf 84' lang='lat' dir='ltr'>si</span> <span class='ocrx_word' id='word_1_378' title='bbox 1096 4134 1225 4200; x_wconf 79' lang='lat' dir='ltr'>quicquid</span> <span class='ocrx_word' id='word_1_379' title='bbox 1246 4139 1310 4185; x_wconf 87' lang='lat' dir='ltr'>arat</span> 
     </span>
     <span class='ocr_line' id='line_1_49' title="bbox 188 4198 1310 4266; baseline 0.008 -23"><span class='ocrx_word' id='word_1_380' title='bbox 188 4198 306 4261; x_wconf 75' lang='lat' dir='ltr'>impiger</span> <span class='ocrx_word' id='word_1_381' title='bbox 329 4198 479 4264; x_wconf 82' lang='lat' dir='ltr'>Appulas‚“</span> <span class='ocrx_word' id='word_1_382' title='bbox 513 4200 614 4250; x_wconf 79' lang='lat' dir='ltr'>Doctus</span> <span class='ocrx_word' id='word_1_383' title='bbox 637 4204 722 4250; x_wconf 88' lang='lat' dir='ltr'>autern</span> <span class='ocrx_word' id='word_1_384' title='bbox 745 4200 894 4265; x_wconf 58' lang='lat' dir='ltr'>Sucronis,</span> <span class='ocrx_word' id='word_1_385' title='bbox 922 4216 982 4251; x_wconf 85' lang='lat' dir='ltr'>casu</span> <span class='ocrx_word' id='word_1_386' title='bbox 1005 4200 1133 4266; x_wconf 81' lang='lat' dir='ltr'>genitivo,</span> <span class='ocrx_word' id='word_1_387' title='bbox 1157 4206 1186 4252; x_wconf 91' lang='lat' dir='ltr'>ut</span> <span class='ocrx_word' id='word_1_388' title='bbox 1210 4203 1310 4253; x_wconf 77' lang='lat' dir='ltr'>Statius</span> 
     </span>
    </p>
   </div>
   <div class='ocr_carea' id='block_1_7' title="bbox 0 0 1411 4756">
    <p class='ocr_par' dir='ltr' id='par_1_8' title="bbox 0 0 1411 4756">
     <span class='ocr_line' id='line_1_50' title="bbox 0 0 1411 4756; baseline 0 0"><span class='ocrx_word' id='word_1_389' title='bbox 0 0 1411 4756; x_wconf 95' lang='lat' dir='ltr'> </span> 
     </span>
    </p>
   </div>
  </div>
 </body>
</html>
