2818 4758
218 250 261 313 56
605 263 637 323 o.
658 262 800 311 nonnum
821 262 946 311 ruuccr

302 398 402 482 Atqui
423 415 486 462 nen
508 416 569 480 ego
591 402 634 475 te,
656 394 750 478 tigris
772 401 808 461 ut
829 415 946 482 aspere

262 498 292 549 ro
306 483 503 553 Gaetulusve
523 483 585 559 leo,
607 483 757 564 frangere
779 500 964 567 persequere

346 567 490 634 Tandem
512 567 623 633 desine
644 573 779 632 matrem
945 598 948 602 ·

387 652 594 737 Tempestiva
615 651 708 735 sequi
728 651 807 717 viro.

717 819 837 884 XXIV.

587 937 654 1002 AD
686 935 968 1003 VIRGILIUM.

301 1057 382 1136 Quis
403 1054 562 1123 desiderio
585 1054 627 1120 sit
647 1052 751 1140 pudor
772 1061 829 1120 aut
848 1054 965 1120 modus

300 1146 381 1208 'lem
403 1141 469 1207 cari
491 1139 630 1228 capitis?
650 1139 757 1224 praeci
821 1139 967 1222 lugubris

301 1227 433 1305 Cantus,
454 1225 663 1310 Melpomene,
686 1224 737 1289 cui
769 1224 914 1307 iqnidam
936 1228 1029 1309 pater

245 1365 249 1371 .
344 1312 463 1378 Vocem
485 1330 557 1376 cum
579 1308 701 1375 cithara
722 1308 820 1376 dedit.

213 1482 305 1534 morlo
323 1479 443 1532 Membra
460 1479 586 1531 dalant“
619 1480 698 1528 Porro
714 1493 746 1527 ex
762 1480 921 1528 Anacreonte
936 1477 1004 1527 hunc
1021 1476 1105 1527 locum
1121 1491 1268 1541 expressum
1285 1493 1341 1528 esse

214 1554 282 1601 recte
299 1548 466 1599 obsemarunt
488 1548 652 1612 interpretem
678 1546 722 1595 sed
748 1545 777 1595 in
794 1543 941 1610 digerendis
960 1545 1018 1594 eius
1041 1543 1155 1594 versibus
1178 1544 1272 1596 fefellit
1296 1562 1341 1596 eos

214 1617 289 1669 metri
310 1617 391 1676 ratio;
418 1632 470 1666 non
487 1614 556 1666 enim
573 1618 694 1680 quattuor
710 1618 784 1675 sunt,
810 1612 854 1662 sed
872 1611 922 1663 duo
939 1616 1052 1674 tentum,
1070 1616 1096 1662 et
1113 1612 1151 1662 sic
1168 1611 1339 1677 disponendi:

212 1679 290 1743 „lire
314 1681 413 1750 νεβρὸν
428 1681 561 1744 νεοθηλέα
577 1676 752 1750 γαλαθηνόν,
778 1674 834 1730 dcs’
859 1675 890 1731 ἓν
911 1674 959 1748 iilp
976 1678 1132 1747 Kspelcapc
1157 1675 1341 1748 ἀπολειφθεὶς

213 1748 265 1804 tul
283 1748 389 1820 μητρὸς
405 1746 559 1813 ἐπτυῆθη.“
594 1749 732 1800 Galliambi
750 1753 818 1809 sunt,
836 1747 923 1812 quales
939 1751 1082 1814 trequentes
1099 1752 1173 1799 amnt
1188 1748 1261 1815 apud
1268 1752 1338 1800 Ana-

213 1825 347 1884 creontem,
366 1823 430 1871 teste
447 1818 488 1871 He
507 1818 647 1881 baestioue,
664 1816 709 1882 qui
726 1818 775 1868 boo
792 1816 935 1881 exemplum
951 1816 1085 1882 producit,
1103 1812 1209 1882 „Hand
1226 1811 1253 1865 d'
1272 1806 1338 1879 ἧυτε

213 1884 417 1956 Πυθόμανδρον
434 1835 554 1938 κατϊδυιὲ
574 1881 666 1952 ἔρωτα
683 1881 827 1951 φεύγων.“
862 1883 905 1934 Sic
932 1885 1001 1934 enim
1026 1883 1161 1949 legendum
1183 1899 1215 1934 ex
1238 1886 1337 1951 scripto

211 1956 309 2018 codice,
327 1971 379 2005 non
396 1952 528 2023 noddpar
545 1949 582 2011 cl.
603 1958 633 2003 ut
649 1953 732 2017 vulgo.
761 1956 845 2017 Atque
862 1952 924 2002 baec
941 1953 982 2002 vel
999 1953 1039 2003 bis
1057 1952 1153 2002 similia
1168 1967 1226 2003 cum
1244 1953 1277 2002 ad
1295 1955 1338 2003 in·

210 2040 264 2075 com
284 2022 406 2074 arabilem
422 2023 504 2073 virum
521 2022 642 2072 Ioannem
659 2021 797 2085 Georgium
815 2021 951 2071 Graeciam
967 2017 1017 2070 τὸν
1032 2017 1196 2088 μακαρίτην,
1216 2024 1335 2072 nucinam

210 2039 316 2158 quadem
332 2106 417 2157 neque
433 2089 617 2142 candidiorem
635 2094 709 2139 terra
726 2089 802 2151 utic,
820 2092 880 2138 ante
897 2088 1029 2139 biennium
1046 2088 1211 2153 scripseram
1228 2089 1337 2139 hisver-

208 2161 249 2211 bis
274 2159 339 2210 mihi
363 2173 511 2224 responsum
528 2157 600 2208 dedit
616 2156 660 2207 IV.
671 2157 737 2207 Nou.
756 2156 872 2207 Decemb.
890 2155 1019 2208 uncclu
1044 2155 1132 2222 paullo
1149 2160 1208 2208 anta
1225 2157 1336 2209 obitum.

207 2227 293 2292 „Cam
309 2230 440 2293 nuperius
459 2232 519 2278 tuas
536 2227 649 2288 litteras,
675 2228 705 2274 in
722 2225 818 2289 quibas
834 2224 940 2289 aliquot
956 2224 1152 2276 emendationes
1170 2224 1335 2276 Horatianus

209 2311 311 2347 mecum
328 2298 549 2359 communicares,
567 2296 719 2344 recitassem
737 2292 814 2343 Petro
831 2290 988 2342 Burruanno
1006 2293 1111 2343 demini
1127 2292 1336 2358 elegantissimo,

207 2367 275 2415 mire
293 2365 342 2414 libi
359 2363 546 2430 applaudebat
583 2362 648 2412 Post
664 2361 768 2425 aliquot
785 2360 841 2410 dies
857 2359 939 2411 rediit
959 2358 997 2410 ad
1011 2375 1053 2410 me
1069 2375 1156 2409 secruu
1173 2360 1264 2421 serens
1282 2361 1336 2411 Ho-

208 2435 324 2493 ratium,
343 2433 390 2482 cui
405 2447 460 2481 non
476 2445 565 2496 pauca
583 2428 767 2494 adscripscrat
783 2426 914 2479 Nicalcus
930 2427 1070 2491 Heinsius,
1097 2433 1124 2477 et
1139 2427 1264 2479 Statium.
1300 2429 1335 2480 In

206 2502 347 2564 utriusque
364 2498 429 2550 libri
444 2500 568 2562 margine
584 2499 627 2546 uir
643 2496 1022 2560 illcdoctissimusnotcuerat,
1039 2499 1068 2545 in
1081 2494 1127 2545 dd.
1144 2494 1243 2549 XXIII.
1255 2496 1300 2547 lib.
1311 2497 1335 2548 I.

207 2565 370 2618 Salmasium
385 2581 436 2631 pro
454 2565 520 2616 veris
538 2567 687 2614 correaisse
703 2564 795 2629 vepris,
821 2563 894 2629 quod
912 2579 948 2613 ece
964 2561 1089 2628 Menagie
1108 2563 1241 2616 didicerit.
1276 2565 1336 2615 Hoc

207 2638 238 2683 tu
254 2633 361 2698 quidem
378 2634 521 2697 ignorasti,
538 2632 637 2681 esttibi
654 2631 713 2681 laus
729 2634 832 2682 inuenti
847 2632 1025 2698 pulcherrimi
1042 2632 1184 2682 debeatru:
1199 2633 1334 2696 gaudebis

206 2705 294 2750 tamen
323 2699 401 2750 credo
429 2699 499 2750 Mein
516 2701 575 2750 cire
591 2712 691 2762 magno
708 2701 857 2750 immeritem
867 2699 1000 2763 incidisse,
1018 2700 1092 2766 quod
1099 2700 1335 2751 tucciacidcrat.“

204 2766 276 2817 Haec
300 2765 402 2831 quidem
426 2765 459 2817 ad
481 2782 521 2816 mc
539 2766 579 2816 vir
597 2764 786 2816 celeberrimus:
812 2768 870 2831 Ego
893 2783 965 2829 vero,
991 2783 1048 2817 cum
1074 2773 1164 2832 postea
1188 2767 1331 2819 doctissimi

204 2833 346 2885 Burmanni
362 2833 486 2885 beneflcio
503 2833 630 2899 exemplar
647 2834 784 2884 Heiusiani
800 2834 904 2885 Horatii
921 2840 1011 2886 nectus
1029 2851 1122 2898 essem,
1139 2836 1168 2886 in
1185 2835 1247 2886 libri
1265 2852 1334 2887 mar·

205 2902 265 2967 gine
276 2902 324 2952 hoc
335 2901 485 2952 adnotatum
495 2901 609 3019 repperi:
618 2902 727 2966 „vepris
737 2901 893 2966 Salmasius,
911 2908 975 2953 teste
982 2902 1109 2968 Menagio
1116 2905 1144 2953 .·“
1161 2904 1330 2964 brunantun,

205 2983 377 3034 quaecumque
394 2974 441 3031 eat,
459 2984 529 3020 emen
549 2967 644 3020 ationis
660 2975 810 3035 praereptae
827 2970 927 3021 laudem
944 2972 1000 3021 viro
1016 2972 1126 3022 maximo
1142 2971 1254 3023 libenter
1271 2988 1334 3023 con·

204 3037 281 3100 eedo;
300 3053 376 3103 quam
394 3036 486 3088 babeat
505 3052 597 3099 secum,
615 3042 746 3102 semetque
763 3036 886 3103 sepulcro.

272 3107 297 3157 2.
325 3105 454 3170 haecine
478 3105 604 3170 lugubres
630 3104 730 3157 Centau
752 3104 926 3171 Melpomene]
957 3106 1120 3156 Recentiorcs
1146 3105 1250 3170 quidem
1267 3107 1330 3158 libri

203 3189 233 3223 ex
250 3174 313 3224 meis
329 3172 488 3238 Lugubres5
504 3173 599 3224 retusti
615 3189 675 3224 reru
685 3172 828 3235 Leidensis,
847 3174 1012 3235 (imminue,
1027 3174 1180 3238 Baginensis
1197 3190 1257 3225 cum
1267 3175 1331 3241 ple·

202 3241 288 3305 risque
296 3239 405 3306 Oraquii
413 3238 565 3304 lugubrisr
582 3239 650 3305 quod
667 3246 750 3291 umen
767 3240 855 3291 eodem
871 3240 952 3301 redit;
970 3257 1028 3293 oum
1044 3241 1163 3292 sollemne
1181 3242 1217 3295 sit
1234 3243 1331 3295 eisdem

202 3306 335 3359 codicibus
352 3308 510 3359 accusativos
527 3307 638 3373 plurales
655 3323 701 3374 per
719 3311 742 3358 is
759 3306 876 3360 scribere.
910 3309 981 3359 Hinc
998 3314 1082 3360 tamen
1099 3308 1202 3360 Danieli
1216 3308 1332 3362 Heinsio

202 3381 304 3454 arrepta
321 3380 360 3427 est
376 3376 476 3427 occasio
502 3376 675 3456 coniecturam
698 3375 801 3427 minime
825 3392 853 3427 se
870 3376 974 3441 dignam
990 3377 1143 3442 proterendi.
1178 3376 1243 3427 Vult
1260 3380 1329 3430 enim

201 3448 394 3575 tiltlttt?
411 3442 935 3578 lttllllultlttldttlllt
949 3444 1331 3577 tulttiltttlltttl

201 3577 331 3630 florentem
348 3578 412 3631 adeo
429 3579 539 3645 turpiter
556 3595 583 3630 se
600 3580 629 3631 in
645 3579 755 3630 Horatio
772 3579 878 3630 dedisse.
912 3578 992 3630 Cuius
1009 3580 1078 3630 enim
1095 3595 1168 3630 aures
1185 3596 1238 3631 nou
1256 3581 1329 3633 istud

201 3645 345 3710 reitrgicut,
368 3645 532 3713 Melpomene
557 3650 672 3698 cantant
705 3646 770 3702 Quis
792 3662 912 3712 umquem
934 3648 975 3699 rel
1000 3647 1078 3698 tando
1095 3647 1208 3711 audivit,
1235 3649 1328 3701 Venus

200 3728 336 3777 amomon,
362 3713 459 3780 Apollo
477 3717 609 3779 musicae,
636 3713 759 3766 Minerua
776 3718 895 3778 artium,
921 3715 986 3766 deus
1002 3716 1042 3766 rel
1060 3716 1109 3767 dea
1127 3716 1329 3769 subintellecto?

199 3780 278 3845 Adde,
297 3780 366 3846 quod
381 3786 409 3832 et
426 3782 578 3834 sententiam
596 3797 696 3847 qnoque
714 3782 852 3845 subvertit,
871 3782 932 3832 dum
948 3783 1095 3834 huiusmodi
1111 3785 1328 3837 constructionem

198 3849 268 3907 tecit,
286 3850 424 3915 staecipe,
441 3851 501 3915 pais
518 3848 613 3901 modus
628 3853 665 3900 sil
681 3850 838 3901 Desideria:
865 3850 894 3901 in
911 3866 962 3914 quo
998 3851 1053 3901 aria
1069 3866 1150 3917 paene
1166 3851 1192 3902 ei
1208 3855 1330 3915 peccarit

197 3916 321 3980 Muretus,
339 3916 385 3982 qui
401 3921 461 3983 post
477 3916 646 3969 Scholiaetunr
663 3921 771 3968 veterem
789 3918 826 3969 sic
842 3918 920 3969 rerba
943 3936 958 3969 o
991 3920 1053 3981 'nat
1072 3920 1201 3985 staecipe
1219 3927 1330 3986 canuc,

198 3983 258 4050 puts
284 3984 337 4036 sive
355 3986 451 4050 quibus
475 3983 606 4036 desiderio
628 3984 718 4051 pudor
733 3988 770 4035 stt
792 3990 819 4036 et
834 3984 937 4038 medas.
970 3986 1154 4052 Intempestive
1176 4002 1238 4038 sane
1264 3988 1329 4040 baec

197 4052 324 4115 ridentur,
342 4057 369 4103 et
385 4067 442 4103 cum
459 4052 624 4116 sequentibus
640 4057 766 4118 pugnant.
788 4053 855 4104 Nam
872 4054 995 4104 continuo
1003 4054 1101 4104 luctum
1110 4054 1211 4106 orditur
1230 4062 1326 4121 noster,
1401 4068 1402 4087 l

196 4122 335 4184 praecepti
350 4119 425 4171 letius
444 4118 521 4170 nimie
534 4119 673 4180 immemor,
690 4119 748 4183 „Er
767 4119 953 4184 odaindlium
960 4128 1108 4188 pmpetuus
1115 4138 1197 4190 sapor
1205 4122 1291 4188 Urget
1298 4126 1329 4176 t“

196 4185 279 4247 cuit,
304 4186 371 4250 quod
389 4184 504 4239 odiosum
533 4192 571 4239 ert
587 4187 670 4239 luctui
695 4202 736 4238 mo
754 4202 797 4238 urn
820 4202 932 4253 ponem
959 4194 990 4240 nt
1009 4189 1112 4255 quidem
1130 4191 1210 4243 sentit
1226 4191 1330 4244 Statim
