2818 4758
434 259 614 308 chamutum
636 261 703 308 LIB.
723 259 772 309 111.
788 256 813 307 2.
836 256 860 310 3.

161 395 251 474 Quos
273 392 357 458 inter
376 392 546 475 Augustus
569 394 758 461 recumbens

202 482 369 564 Purpureo
391 478 472 544 bibit
493 499 548 545 ore
570 485 690 544 nectar.

158 565 228 629 Hac
251 569 283 629 te
304 570 489 642 merentem,
511 563 636 629 Bocche
658 570 758 650 pater,
781 570 859 631 tuae

161 650 285 714 Verere
308 647 419 729 tigres,
442 647 572 714 indocili
593 649 707 730 iugum

115 748 147 797 15
206 733 298 799 Oollo
320 732 500 798 trahentes:
523 733 584 798 hac
606 733 759 812 Quirinus
786 782 788 787 -

244 816 356 883 Martis
379 817 472 900 equis
494 817 675 887 Acheronta
697 819 802 903 iugit3

159 903 295 969 Gratum
318 903 443 967 elocuta
465 902 707 969 consiliantibus

157 988 280 1052 Iunone
303 987 410 1052 Divis:
433 1005 571 1066 1n10u,
593 988 674 1055 ilion

200 1071 324 1137 Fatalis
345 1070 550 1154 incestusque
571 1071 680 1150 iudex,

111 1170 145 1219 ιο
243 1157 286 1221 Ει
306 1156 421 1221 mulier
440 1155 612 1242 peregrina
632 1156 727 1223 vertit

157 1242 196 1305 In
219 1240 398 1326 pulverem3
422 1259 463 1307 ex
485 1261 549 1327 quo
572 1241 717 1308 destituit
737 1244 825 1308 Deos

156 1325 303 1391 Mercede
326 1331 421 1410 pacta
441 1326 639 1403 Laomedon,
661 1326 740 1391 mihi

203 1409 385 1491 Uestaeque
407 1409 594 1477 damnatum
616 1410 788 1489 Minervae,

244 1494 326 1559 Oum
348 1495 468 1583 populo
491 1502 524 1561 et
545 1494 626 1562 duce
648 1496 863 1562 fraudulento.

62 1630 171 1691 XVIII,
188 1631 255 1682 Sect.
270 1632 310 1682 68.
330 1629 425 1696 [6261]
460 1630 528 1694 „Sat
545 1634 602 1696 ipsc
618 1630 656 1683 ad
670 1630 831 1695 Aquilonem
848 1629 988 1693 scandens,
1007 1645 1039 1680 ac
1055 1646 1101 1695 per
1118 1631 1200 1681 ardua

62 1699 158 1751 enisus
177 1700 209 1748 ab
229 1713 260 1747 ea
277 1702 347 1748 necta
365 1699 463 1763 incipit
479 1699 578 1760 (lectif‘
613 1699 653 1749 lta
671 1698 718 1748 alii
735 1699 871 1763 scriptores
890 1698 992 1761 passim.

141 1767 180 1818 12.
199 1765 340 1830 Prsnpnreo
360 1766 426 1814 bibit
443 1781 490 1816 arc
507 1770 611 1830 nectar]
647 1768 725 1816 Recte
745 1766 902 1816 Graeriauus
921 1769 1020 1827 noster,
1038 1766 1200 1831 Baginensis,

62 1834 246 1895 Batteliauus‚
265 1849 322 1882 cum
340 1832 487 1883 Bodleianis
506 1832 618 1895 duobus,
638 1836 717 1885 bibit:
754 1835 808 1883 Iam
826 1837 887 1882 tuno
906 1834 973 1882 enim
991 1849 1118 1898 praesens
1135 1834 1200 1887 aaa

63 1902 274 1967 eratrlugustus‚
293 1906 322 1950 ut
338 1905 407 1951 recte
424 1901 471 1950 alii
488 1908 649 1952 monuerunt.
692 1902 808 1952 Ceterum
826 1901 920 1951 trustra
938 1901 980 1951 hic
997 1901 1104 1964 litigant
1116 1903 1199 1951 Inter·

62 1973 157 2035 pratee
180 1969 372 2034 de‘prcrpnrco
398 1968 444 2018 ille
468 1985 522 2019 ore.
557 1970 630 2020 Unus
647 1986 805 2085 zurpureum
828 1969 930 2018 orcltrnn
955 1968 1093 2033 iutelligit,
1118 1970 1199 2019 minio

64 2036 173 2088 scilicet
189 2036 297 2102 pictum,
315 2041 344 2084 ιιι
355 2036 466 2086 Deorum
483 2037 652 2087 statuae‘sole
672 2043 724 2087 aut.
751 2038 818 2087 Saue
836 2037 939 2087 onltnnr
957 2044 982 2087 et
996 2038 1099 2097 taciem
1116 2036 1198 2102 sigui·

61 2105 157 2156 ficuvit
181 2103 296 2168 Statius,
320 2118 376 2153 cum
402 2103 469 2154 dixit
491 2100 570 2156 Theb.
589 2096 645 2166 III,
664 2108 722 2157 ltu.
763 2103 875 2169 ‚Jortia
899 2106 954 2153 iam
977 2104 1093 2154 nitidem
1119 2107 1199 2155 terris

59 2174 181 2226 Aurora
207 2171 315 2236 deisque
331 2172 463 2239 Purpureo
486 2174 559 2234 uehit
582 2190 624 2223 ore
649 2173 745 2223 dicm.“
780 2172 830 2231 Sed
853 2173 970 2237 ineptum
994 2174 1033 2221 est
1056 2173 1131 2236 plane
1155 2173 1198 2222 hic

62 2241 173 2292 cuturn
190 2240 368 2305 interpretari3
398 2256 455 2290 cum
473 2235 551 2290 addat
568 2236 635 2291 bibit
652 2244 711 2291 dre:
738 2240 795 2304 quis
819 2240 886 2289 enim
910 2239 988 2289 onina
1004 2237 1091 2289 bibit?
1124 2239 1198 2290 Alius

61 2309 160 2373 igitur,
177 2309 235 2371 ideo
253 2323 409 2373 purpureum
427 2324 455 2358 os
473 2308 525 2361 dici
542 2307 611 2371 vult,
631 2310 691 2373 quia'
708 2306 851 2357 rubicundo
869 2311 970 2357 nectare
987 2307 1117 2357 madidum
1135 2313 1197 2359 erat.

60 2379 176 2427 Frustra
199 2380 312 2441 uterque.
349 2375 418 2432 Quin
443 2375 510 2426 nihil
533 2376 604 2426 aliud
629 2381 667 2427 est
688 2390 827 2442 purpureo
853 2389 912 2438 ore,
940 2390 1016 2440 quam
1038 2375 1153 2441 pulchro
1173 2379 1200 2425 et

60 2446 199 2508 famoso,
217 2443 292 2509 quale
310 2443 357 2492 deo
375 2446 507 2505 couvenit3
525 2450 555 2493 ut
572 2448 640 2495 recte
657 2448 753 2493 veteres
766 2441 932 2494 Scholiastae.
969 2442 1111 2494 Simonides
1129 2443 1199 2508 apud

61 2512 229 2563 Athenaeum
247 2510 293 2563 lib.
310 2510 385 2571 XIII,
404 2527 429 2576 p.
449 2514 507 2563 601.
527 2511 569 2576 [ir.
589 2514 621 2563 'ln
639 2511 733 2576 Bergk]
769 2507 960 2579 „Iqurpoqiov
984 2504 1038 2560 ἀπὸ
1058 2509 1199 2578 στόματος

64 2577 142 2631 ἱεῖσα
160 2574 261 2647 φωνὰν
279 2577 449 2646 παρθένος.“
486 2578 571 2643 Virgo
590 2580 623 2629 eb
641 2596 683 2629 ore
708 2592 837 2645 purpureo
856 2593 945 2628 vocem
961 2581 1075 2629 mittens.
1111 2577 1198 2628 Catul-

62 2649 111 2697 lus
127 2647 262 2712 Epigram.
281 2645 374 2696 XLVI.
390 2649 423 2709 [v.
436 2647 477 2708 12]
513 2647 567 2711 „Ae
584 2648 665 2697 Acme
685 2647 778 2696 leviter
796 2651 878 2711 capnt
894 2645 1043 2710 reflectens,
1057 2646 1097 2697 Et
1111 2647 1199 2698 dttlcc'a

62 2718 152 2781 pueri
168 2716 255 2764 matos
272 2713 368 2763 ocellos
386 2713 437 2765 Illo
455 2728 585 2778 purpureo
604 2730 647 2764 ore
664 2716 818 2764 snauiata.“'
1192 2767 1194 2769 ,

140 2785 180 2834 16.
205 2779 305 2831 Martis
337 2783 411 2846 cquis
438 2781 592 2831 Acheronta
618 2780 703 2847 sagit]
757 2779 856 2833 Martis
883 2783 957 2846 equis
983 2779 1089 2831 Codices
1115 2782 1198 2831 nostri

60 2865 171 2911 omues3
189 2853 261 2898 utet
279 2848 400 2909 aliorum,
427 2849 472 2912 qui
490 2848 610 2899 Flaccum
628 2849 769 2900 ediderunt.
806 2850 849 2899 Sic
868 2848 974 2898 Ovidius
991 2850 1093 2899 Remed.
1112 2851 1196 2899 Amor.

61 2935 89 2968 r.
110 2920 134 2969 6.
171 2915 324 2985 Cupidinem
342 2916 488 2980 alloquens,
514 2915 594 2980 „Non
613 2932 662 2981 ego
684 2915 809 2984 Tydides,
827 2934 844 2967 a
862 2932 915 2982 qno
934 2921 981 2966 tna
999 2920 1092 2966 sancia
1110 2923 1197 2968 mater

62 2986 100 3035 In
119 2983 252 3048 liquidnm
270 2983 354 3033 rediit
369 2984 479 3049 aethera
498 2983 596 3034 Martia
614 2987 715 3050 cquis.“
751 2984 801 3035 Sed
819 2984 998 3035 celeberrimus
1011 2984 1131 3034 Barthius
1144 2986 1196 3035 Ad-

61 3069 131 3102 rers.
144 3050 265 3112 XXXIX,
278 3053 303 3102 9.
327 3050 530 3114 „Scribendnnq
549 3052 593 3112 eit,
613 3068 672 3102 crem
691 3055 809 3103 omniunt
827 3055 1010 3102 vetustissimis
1028 3052 1197 3113 mernbranis,

60 3119 154 3170 Patris
174 3121 247 3184 equis
264 3118 417 3169 Aclreronta
435 3120 534 3183 tregit.“
558 3119 710 3184 Elegantius
730 3125 797 3170 certe
815 3126 841 3170 et
858 3120 940 3170 maius
959 3118 1078 3184 quiddam
1095 3118 1196 3169 ridetur

62 3189 162 3239 Patris
180 3202 254 3252 quam
272 3185 375 3238 Martis.
411 3188 477 3236 Nam
495 3188 523 3236 in
541 3203 570 3237 eo
595 3188 662 3252 quod
679 3189 786 3238 Patrem
804 3188 883 3249 dicit,
900 3192 926 3237 et
943 3187 1057 3237 Martem
1075 3185 1137 3235 satis
1154 3187 1195 3236 iu-

61 3256 147 3317 dicat,
166 3259 191 3304 et
207 3255 258 3303 vim
277 3254 382 3320 insuper
398 3255 570 3321 honoremque
588 3255 660 3306 addit
676 3260 798 3322 paternae
816 3255 1022 3306 necessitudinis.
1057 3255 1136 3303 Favet
1153 3269 1196 3304 co·

60 3324 120 3373 dici
139 3322 280 3373 Barthiano
299 3322 452 3372 Scholiastes
471 3321 594 3388 cruquii,
626 3323 670 3389 qui
700 3325 736 3373 sic
760 3319 950 3390 παραφράζειι
987 3322 1095 3385 „Martis
1113 3321 1195 3386 equis)

58 3393 163 3458 patrio
179 3390 304 3440 virtute.“
338 3390 475 3440 Enimvero
494 3390 646 3455 quicumque
663 3392 712 3442 hoc
730 3391 876 3452 adnotavit,
900 3392 928 3440 in
952 3407 997 3440 suo
1022 3389 1109 3440 codice
1126 3390 1196 3440 inve-

60 3464 156 3519 nerat,
177 3459 298 3524 patris
316 3461 405 3522 eqnis3
432 3458 530 3523 alioqui
549 3462 726 3525 antipatris,
745 3458 788 3509 sed
808 3458 907 3509 Martia
925 3462 1025 3508 virtute
1042 3458 1195 3523 iuterpreta-

58 3533 150 3576 turus.
186 3525 290 3577 Ovidius
307 3526 375 3575 Fast.
393 3527 429 3586 II,
447 3528 506 3579 496.
532 3527 563 3576 de
580 3526 703 3588 Romulo,
729 3531 754 3576 et
771 3528 818 3576 hac
837 3527 893 3592 ipsa
916 3542 943 3577 re
961 3526 1080 3591 loquens:
1109 3526 1196 3591 „Hinc

61 3599 160 3657 tonat,
188 3595 251 3643 linc
273 3595 359 3642 mnata
383 3595 554 3660 abmmpitnr
577 3597 686 3659 ignitae
710 3596 817 3645 aether:
851 3593 897 3644 Fit
922 3594 1006 3660 fuga:
1035 3610 1085 3644 reae
1102 3594 1196 3661 patriis

60 3667 145 3712 astra
161 3662 269 3726 petebat
285 3660 383 3724 equis.“

136 3730 177 3780 23.
198 3727 343 3792 Cottaeque
360 3728 517 3779 damnatam
540 3729 687 3792 Mineruae]
722 3729 788 3779 Vide
813 3744 906 3792 quaeso
930 3729 1066 3779 circuitum
1083 3729 1194 3794 periodi,

60 3796 153 3860 Ilion,
179 3796 248 3846 Ilion
266 3794 349 3846 indere
373 3802 400 3847 ct
415 3797 513 3847 mulier
535 3800 681 3863 peregrina
706 3800 788 3846 omitt
813 3797 1011 3861 innotuerant,
1037 3796 1195 3846 damnatum

59 3865 137 3915 milri
160 3869 186 3913 et
202 3862 340 3913 Minervae
357 3869 405 3913 etc.
423 3866 471 3914 hoc
490 3869 541 3926 est,
569 3864 640 3915 Ilion
658 3864 823 3915 damnatam.
859 3862 924 3925 Ubi,
948 3869 1027 3914 utet
1051 3864 1194 3914 obscuritas

63 3937 94 3983 et
112 3931 269 3997 ambiguitas
287 3932 406 3995 evitetur,
424 3933 511 3982 malim
529 3933 597 3983 Ilion
616 3932 785 3983 damnatam:
812 3930 910 3997 quippe
927 3930 1066 3982 intervenit
1084 3927 1115 3980 ri
1133 3932 1193 3997 pnl-

60 3998 336 4063 oerem‚'dubiumque
354 3999 436 4064 prime
454 4000 519 4051 facie
537 4000 629 4063 reddit,
647 4004 732 4051 utrum
746 4000 815 4050 Ilion
834 3999 989 4049 damnatam
1007 4015 1040 4048 au
1054 3999 1194 4064 puluerem

61 4067 225 4119 damnatam
242 4066 313 4117 velit.
347 4067 426 4117 Porro
450 4068 518 4117 Ilion
542 4068 682 4119 faeminiuo
706 4082 797 4133 genere
816 4067 928 4116 declinat
945 4067 1038 4116 Noster
1062 4066 1140 4131 alibi,
1164 4073 1194 4117 ut

59 4134 148 4184 Carm.
159 4133 202 4197 IV,
215 4136 240 4197 9,
251 4136 291 4186 ts.
318 4132 397 4197 „Non
414 4136 496 4185 semel
512 4135 574 4185 Ilios
592 4139 710 4186 vexate.“
747 4134 821 4185 Orid.
841 4135 925 4200 Epist.
936 4133 1078 4200 Penelopae
1089 4134 1193 4200 [Herll

58 4220 88 4252 v.
107 4205 150 4255 ts.
185 4201 260 4268 „Sed
270 4203 343 4254 mini
359 4202 426 4268 qnid
439 4203 551 4268 prodest
567 4207 661 4254 uminis
679 4203 786 4252 disiecta
803 4201 905 4252 lacertis
929 4201 1007 4265 Ilios,
1035 4208 1073 4268 et,
1100 4219 1195 4254 marnes
