2810 4764
197 198 256 262 178
572 211 603 271 q.
625 210 766 258 nouam
786 209 910 259 mecm

194 348 299 398 formam
316 350 416 396 secutus
433 344 515 395 estin
533 343 645 395 editione
667 359 712 396 sua
728 343 870 409 Grnqnius,
896 359 971 409 qnam
994 348 1022 394 et
1044 345 1072 395 in
1096 345 1179 396 tribus
1208 347 1324 399 vetustis

194 414 324 466 codicibus
347 430 373 464 se
396 412 517 477 reperisse
539 417 634 465 namet.
669 413 735 462 Sane
752 416 778 462 et
800 412 828 462 in
846 413 955 474 nostris,
980 412 1137 474 Graeciano,
1163 414 1321 478 Reginam

194 482 351 544 Batteliano,
374 480 508 546 dispositio
525 479 576 531 iere
593 480 680 530 eadem
697 485 748 539 est3
772 484 948 545 praeterquam
972 480 1038 545 quod
1063 481 1184 531 vocabula
1211 482 1242 532 in
1267 483 1321 532 tine

195 567 309 601 vemuum
332 565 384 599 non
406 550 434 599 in
457 548 519 599 duas
542 553 627 614 partes
651 552 752 609 secant,
776 563 843 597 more
862 546 1021 613 Oraquieno,
1044 547 1187 612 „Stadium
1213 549 1321 613 aufert,

194 617 320 681 Neabaie,
336 615 496 682 Liparae-
511 619 523 666 i
539 620 612 666 nitar
628 616 718 678 Hebri,
735 644 768 654 -
788 615 862 666 Celer
879 616 934 666 aito
952 616 1101 667 latitantem
1117 616 1229 677 frutice·
1240 646 1269 654 -
1291 624 1319 669 to

195 689 318 752 racipere
334 687 458 751 apram“:
477 684 520 735 sed
536 685 637 748 integra
653 685 805 734 continuent
822 685 870 733 hoc
887 683 969 748 modo,
986 683 1128 748 „Studium
1141 685 1238 746 aufert
1245 685 1321 739 Νου-

195 755 262 817 iate,
280 752 410 820 Liparaei
424 781 457 790 -
473 750 650 803 Nitorileiri.
670 781 702 789 —
721 750 795 802 Celer
817 752 871 802 aito
892 752 1042 802 latitantem
1059 752 1185 814 trunceta
1203 782 1244 790 —
1260 754 1319 804 En:-
1388 755 1390 757 ’

194 825 283 889 cipere
300 822 423 886 apruna.“
456 820 524 877 Quin
549 826 575 870 et
592 820 695 870 eandem
717 833 830 869 normam
854 819 965 869 tenmsse
983 819 1081 870 codices
1100 819 1211 886 (iruquii
1227 822 1321 872 nullus

194 890 298 949 dubit03
316 894 391 954 atque
408 888 435 938 id
453 888 537 953 ipsum
554 892 599 949 cst,
617 887 684 952 quod
702 903 743 937 eos
760 887 824 937 dicit
840 887 965 938 nonnihit
980 903 1031 937 aaa
1048 889 1214 953 opcadiatae
1230 890 1321 950 Ιαίεσυ

194 962 224 1008 in
240 957 351 1025 pedibas
368 955 532 1007 ordinandis.
567 957 620 1006 Iam
638 959 722 1005 antem
740 970 814 1020 quam
831 954 927 1020 inepta,
945 970 1031 1019 prava,
1049 956 1169 1019 distorta,
1188 957 1320 1009 deformia

194 1027 256 1076 haec
274 1025 340 1087 sint,
364 1024 425 1089 quid
442 1024 536 1074 attinet
553 1023 653 1074 diceret
680 1022 749 1073 Setis
764 1022 878 1088 proiecto
896 1039 1021 1089 superque
1037 1024 1065 1075 id
1084 1023 1213 1075 constabit
1232 1041 1266 1075 ex
1282 1026 1318 1075 iis

195 1109 258 1160 quae
275 1093 368 1144 dicturi
387 1093 438 1142 iam
455 1108 539 1141 snmus
563 1092 593 1142 de
610 1108 668 1141 vero
685 1091 806 1141 metiendi
822 1090 904 1144 modo.
938 1093 985 1141 Pes
1008 1092 1127 1143 metricus
1150 1109 1181 1143 ex
1198 1098 1321 1157 quatuor

195 1159 298 1228 syllabis
315 1164 447 1221 constans,
471 1175 578 1225 quornm
601 1160 698 1225 priores
716 1158 780 1209 duee
796 1157 898 1220 breves,
915 1159 1068 1239 posteriores
1085 1160 1175 1225 longae
1192 1165 1266 1222 sunt,
1286 1167 1320 1210 nt

194 1229 342 1292 Diomedae,
359 1233 516 1291 statuentes,
535 1227 686 1293 Cythereae,
705 1227 809 1276 Graecis
824 1220 942 1282 Ἰωνικυς
959 1218 1005 1276 ἀπ’
1023 1223 1182 1285 ἐλάσσονος,
1206 1228 1320 1279 Latinis

195 1299 301 1350 tonina
317 1298 406 1346 minor
422 1295 572 1362 appellatur.
596 1295 652 1345 Hoc
661 1295 737 1345 unico
754 1294 818 1359 pede
834 1299 916 1344 totum
923 1293 1031 1345 (tarmen
1048 1294 1079 1345 ab
1097 1296 1173 1346 initio
1191 1296 1318 1347 adfinem

193 1380 272 1430 usque
290 1364 414 1413 decurrit:
439 1363 512 1429 quale
527 1379 605 1413 unum
629 1362 660 1412 ab
677 1363 797 1412 Alcmene
815 1363 876 1412 olhu
893 1363 1060 1427 compositum
1084 1379 1136 1414 esse
1153 1369 1244 1413 narrat
1262 1365 1317 1414 He·

194 1432 330 1500 phaestion
353 1447 377 1497 p.
398 1434 437 1484 39.
462 1432 533 1481 cuins
557 1432 604 1480 hon
629 1431 748 1481 initium:
777 1426 893 1480 Ἕκασυν
909 1427 961 1497 μὲν
977 1429 1041 1487 Διὸς
1057 1417 1120 1481 riter
1137 1427 1200 1482 aeide
1216 1433 1318 1498 μῶσαι

196 1497 387 1570 κρυκόιιιιιλυιι
421 1504 447 1549 et
463 1515 478 1548 a
496 1499 599 1564 Sappho
623 1498 746 1559 alterum,
776 1499 845 1563 quod
863 1499 899 1549 sic
918 1498 1029 1563 incepit,
1056 1496 1090 1548 Τι’
1111 1516 1145 1566 με
1164 1497 1317 1554 Πανδιονὶς

195 1563 290 1635 α’ράνα
304 1564 433 1634 prindein:
463 1567 494 1617 ab
512 1567 603 1617 Alcaeo
627 1583 686 1617 vero
703 1563 788 1616 πολλὰ
811 1567 896 1617 nauita
914 1568 1059 1631 conscripta
1077 1583 1130 1617 esse
1147 1567 1213 1617 idem
1234 1573 1316 1618 testa·

195 1644 246 1692 tur.
280 1636 412 1685 Praeterea
429 1639 455 1684 et
471 1634 521 1685 duo
538 1649 630 1700 genera
646 1634 725 1684 fuisse
742 1634 779 1684 ait
797 1637 863 1699 (pag.
882 1637 924 1692 aar
948 1639 1035 1684 borum
1053 1636 1193 1685 carminum
1210 1635 1318 1686 Ionico-

194 1721 265 1756 rnm:
283 1719 361 1753 unum
379 1703 415 1763 (id
431 1698 460 1760 ἒξ
477 1699 582 1769 ὁμοίιον
597 1705 680 1766 uocat)
698 1702 765 1767 qnod
781 1702 853 1753 nullo
871 1707 939 1753 certo
947 1701 1040 1768 pedum
1056 1720 1160 1754 numero
1177 1703 1317 1754 claudeba-

196 1778 251 1832 tur;
278 1772 322 1822 sed
339 1769 492 1836 ubicumque
510 1770 608 1821 auctori
624 1770 706 1820 meum
724 1774 776 1832 est,
794 1770 833 1820 tel
850 1770 939 1835 pedem
956 1769 1075 1832 sistebat,
1093 1772 1133 1821 vel
1150 1773 1207 1836 pari
1223 1779 1314 1822 tenore

195 1840 263 1892 ultra
279 1837 444 1905 procedebat:
471 1838 544 1903 quale
562 1837 710 1888 crediderim
728 1837 856 1888 Alcmenis
873 1837 938 1888 illud
956 1842 982 1888 et
1000 1838 1117 1904 Sapphus
1134 1839 1226 1902 iuuisse,
1252 1840 1315 1890 solis

194 1908 290 1959 Ionicis
308 1911 441 1966 constans,
464 1912 562 1956 cactma
583 1906 683 1970 legibus
699 1906 817 1955 solutum.
852 1906 934 1970 Atque
957 1906 1034 1956 huius
1056 1908 1156 1971 generis
1172 1924 1253 1957 unum
1271 1924 1314 1958 cx·

122 1972 130 1982 ’
195 1978 267 2029 hibet
284 1975 450 2025 Terentianus
458 1975 569 2036 Maurus,
588 1990 693 2024 suumne
712 1990 744 2024 an
764 1975 827 2024 forte
845 1974 964 2041 Septimii
973 1975 1061 2026 Sereni
1078 1976 1195 2040 equidem
1211 1977 1315 2028 nescio:

195 2061 253 2111 pag.
272 2045 346 2096 2429.
381 2043 553 2107 „Diomedem
569 2043 647 2092 enoda
664 2057 792 2106 magnam
810 2042 859 2092 dea
876 2042 954 2106 t'ecit,
981 2042 1031 2093 dea
1050 2043 1112 2093 tetii
1127 2044 1313 2106 Daminatrire,

196 2114 319 2179 Phrygas
336 2126 425 2161 amnes
441 2115 474 2161 at
489 2113 518 2160 in
536 2112 619 2160 arran
635 2116 787 2175 inperaret:
805 2110 908 2161 Patalis
925 2112 1034 2173 agmina
1052 2114 1153 2176 campis
1169 2115 1330 2162 iacamnt

197 2181 262 2232 data
279 2181 346 2230 teto:
373 2178 469 2229 Pavidi
493 2184 620 2243 tergaque
643 2178 735 2228 συαιαι
756 2181 893 2243 petierant
916 2178 1036 2244 trepidae
1058 2183 1162 2229 moenia
1190 2178 1315 2230 Troiac.“

196 2250 241 2300 nbi
258 2248 327 2298 vides
343 2246 436 2312 pedum
459 2262 589 2297 numerum
613 2262 664 2296 non
682 2261 735 2295 esse
752 2246 883 2296 definitum
910 2246 952 2296 sed
970 2262 1070 2297 carmen
1088 2262 1133 2311 por
1151 2248 1314 2314 synaphiam,

196 2322 226 2367 nt
242 2319 341 2377 cocant,
359 2330 488 2380 quousque
504 2314 574 2376 volit,
599 2313 726 2380 progredi.
762 2314 835 2370 Quod
852 2318 878 2364 et
894 2319 969 2364 antea
985 2331 1032 2365 nos
1049 2315 1168 2364 docuerat
1190 2331 1216 2381 p.
1235 2317 1314 2368 2416.

195 2383 275 2451 „Nan
293 2383 406 2434 versibus
423 2383 503 2446 iatrad,
520 2399 624 2433 numero
641 2387 686 2432 aut
697 2381 796 2448 pedum,
815 2388 969 2433 coarctant:
988 2382 1173 2433 Sedcentinaa
1185 2386 1312 2447 camare,

197 2456 260 2520 qaia
276 2452 356 2518 pedes
370 2452 478 2516 gemelti
497 2449 597 2514 Urgent
614 2452 734 2501 breuibus
752 2455 790 2500 tot
806 2466 916 2501 αααιυνο
934 2451 1053 2515 ingunde
1072 2451 1182 2518 langas:
1206 2452 1314 2502 Idcirco

196 2523 289 2572 vacari
313 2518 458 2569 velamant
484 2515 668 2585 υυνάφειαν,“
709 2518 822 2568 Alterum
847 2519 992 2569 Ionicarum
1017 2535 1111 2584 genus,
1147 2518 1215 2584 quod
1240 2515 1311 2571 eard

198 2587 290 2656 σχέσιν
306 2591 380 2635 vocat
396 2586 584 2651 Hephaestion,
609 2590 676 2636 certo
700 2586 834 2638 eorundem
857 2587 949 2652 pedum
966 2603 1069 2637 nurnero
1087 2588 1236 2648 incedebat3
1263 2603 1314 2652 quo

197 2655 272 2706 simul
290 2658 391 2704 tantm
409 2659 469 2715 erat,
488 2653 651 2704 claudebatur
668 2654 806 2704 sententia:
831 2660 907 2719 atque
923 2655 983 2705 inde
1000 2671 1086 2706 rursus
1105 2655 1239 2706 exordiens
1254 2655 1312 2721 pari

196 2724 289 2773 iterum
312 2736 416 2770 numero
439 2721 601 2771 decurrebat:
628 2738 692 2787 quae
715 2722 829 2773 redditio
853 2730 878 2772 et
901 2724 1032 2773 renotatio
1055 2719 1253 2783 (ἀνταπόδοσις
1267 2719 1312 2774 καὶ

197 2784 382 2851 ἀνακύκλησις)
400 2791 476 2838 toties
493 2786 648 2852 iterabatur,
676 2790 774 2855 quoties
792 2790 871 2840 voluit
889 2796 978 2842 auctor
995 2790 1129 2841 carminis:
1153 2808 1185 2842 ea
1200 2792 1264 2857 iege,
1282 2796 1313 2840 nt

196 2873 277 2922 neque
287 2855 418 2921 pauciores
426 2873 507 2921 neque
517 2857 602 2920 plures
611 2858 686 2922 pedes
693 2857 810 2908 habuerit
826 2859 854 2907 in
868 2858 990 2909 clausulis
1000 2859 1172 2924 sequentibus,
1191 2876 1265 2924 quam
1282 2859 1310 2908 in

197 2926 280 2992 prima
296 2923 393 2976 habuit.
428 2925 502 2987 Tale,
526 2925 624 2990 inquit,
643 2931 696 2976 erat
713 2927 800 2976 Alcaei
818 2942 931 2988 carmen,
950 2928 1023 2977 cuius
1041 2929 1088 2977 hoc
1106 2929 1226 2989 initium3
1249 2922 1310 2995 Ἐμὲ

197 2989 296 3052 dccliv,
316 2989 362 3061 ἐμὲ
379 2994 472 3044 πασᾶν
487 2992 646 3043 κακοσάτων
662 2989 728 3043 no'd’
748 2990 865 3061 ἔχουσαν.
883 2996 942 3060 ‘qui
959 2995 1030 3045 locus
1048 2997 1130 3046 obiter
1148 2995 1312 3061 corrigendus

197 3068 248 3114 est:
271 3062 348 3123 MSti,
367 3078 429 3126 quos
446 3062 514 3125 vidi,
538 3056 616 3112 παῖδ’
636 3062 743 3124 habent,
767 3078 818 3112 non
835 3056 899 3112 nit
909 3080 916 3124 ς
944 3064 1060 3114 sollemni
1077 3080 1159 3115 errore
1178 3080 1207 3115 αι
1223 3081 1270 3130 pro
1287 3078 1309 3120 ε,

198 3131 257 3197 quia
275 3131 360 3182 eodem
386 3147 448 3181 sono
466 3130 644 3181 offerebantur:
669 3129 724 3195 lege
741 3129 829 3194 igitur,
846 3127 905 3197 Εμὲ
922 3127 1029 3189 darida,
1059 3127 1106 3200 ἐμὲ
1123 3134 1217 3183 πασᾶν
1233 3147 1310 3183 κανυ-

197 3196 288 3249 τάσων
314 3195 483 3266 πεδέχυισαν.
519 3197 563 3249 Me
587 3201 718 3260 misnam,
745 3213 786 3248 rna
812 3201 929 3249 omnium
955 3200 1140 3251 calamitatum
1165 3205 1309 3267 σαμοσιυσι.

196 3264 525 3333 πεδέχυισανΑυυΙΘυιίιιυι
542 3265 650 3317 dialecto
667 3283 714 3331 pro
730 3264 906 3333 μετέχουσαν.
929 3267 1009 3317 Addit
1016 3268 1192 3334 Hephaestion
1211 3270 1310 3333 [p.b'l]·,

192 3327 313 3400 Ἅπειρυς
334 3331 385 3401 μὲν
409 3329 447 3383 ὥν
472 3351 511 3390 τις
535 3329 649 3401 φήσειεν
672 3328 708 3384 ἂν
725 3328 790 3384 αὐτὸ
808 3335 849 3392 Εξ
865 3330 969 3403 ὁμοίων
986 3326 1071 3393 εἶναι,
1090 3332 1118 3394 ἐξ
1136 3338 1248 3397 Ιυιναιῆς
1264 3327 1307 3385 a'n’

197 3396 342 3456 ἐλάσσονος
360 3399 486 3467 συζυγίας
502 3398 764 3470 καταμετρυύμενυν,
791 3397 867 3469 ἡμεῖς
884 3400 922 3461 δὲ,
942 3400 999 3454 insi
1016 3405 1111 3454 ΚΑΤΑ
1128 3406 1225 3454 ΔΕΚΑ
1243 3400 1308 3474 ripoi-

196 3483 247 3536 μεν
265 3462 330 3518 aiud
355 3467 481 3535 συζυγίας
497 3468 702 3537 γεγραμμένον,
727 3466 806 3521 Κατὰ
824 3469 917 3538 σχέσιν
939 3467 1006 3521 αὐτὸ
1029 3468 1192 3541 γεγράφθαι
1210 3470 1308 3540 φαμέν.

196 3537 253 3587 Hoc
272 3539 322 3597 ost,
348 3535 490 3601 Imperitae
507 3536 612 3601 quidem
636 3538 734 3605 aliquis
756 3540 806 3588 hac
829 3555 937 3590 carmen
953 3540 1049 3590 Alcaei
1070 3541 1185 3591 satutant
1211 3542 1308 3605 iegitur

198 3620 252 3654 crta
270 3602 427 3653 crediderit.-
444 3619 492 3654 nor
510 3620 580 3670 aare,
599 3621 657 3657 cane
676 3607 760 3657 decem
777 3608 874 3672 ubique
887 3607 1001 3674 pedibas
1018 3608 1159 3659 decurrere
1168 3609 1306 3670 videanna,

198 3673 255 3737 iege
273 3670 303 3720 id
320 3673 490 3721 constrictam
508 3689 562 3722 esee
578 3677 760 3738 pronunciare
776 3690 921 3740 paraemias.
957 3676 1008 3726 Ubi
1028 3677 1055 3725 in
1072 3677 1163 3742 primis
1180 3677 1309 3727 observan-

119 3756 126 3773 ·
198 3742 270 3801 dum,
293 3754 378 3789 omnes
396 3739 449 3789 cius
466 3741 586 3791 carminis
603 3741 728 3792 clausulas
746 3742 823 3792 luisse
846 3742 934 3794 decent
950 3743 1055 3810 pedam.
1089 3744 1153 3794 Inde
1169 3746 1237 3794 enim
1253 3744 1306 3793 lucc

197 3809 253 3873 ipsa
270 3807 363 3857 clarius
381 3807 515 3870 constabit,
533 3808 565 3857 ad
581 3809 668 3860 Alcaei
685 3810 812 3876 exemplar
828 3811 907 3873 hanc,
932 3811 962 3861 de
980 3828 1030 3876 qua
1046 3812 1157 3879 egimus,
1183 3812 1262 3862 Odam
1277 3808 1306 3861 ab

196 3875 305 3927 Horatio
322 3875 486 3940 compositam
503 3892 563 3927 esec.
599 3876 699 3943 Quippe
717 3879 778 3929 haec
795 3879 914 3929 similiter
930 3880 1015 3930 decem
1032 3880 1139 3946 pedibus
1155 3882 1252 3932 Ionicis
1268 3879 1307 3930 de·

199 3944 292 3994 cumit:
318 3944 376 3993 iude
393 3960 480 3993 rursus
497 3942 573 3994 initio
598 3950 672 4011 capto
696 3947 804 3996 stadium
832 3946 899 3996 idem
915 3949 1032 4009 metitur3
1056 3954 1081 3999 et
1105 3954 1226 4013 quattuor
1242 3948 1308 3999 eins-

198 4011 266 4062 modi
284 4011 429 4077 decapodiis
446 4016 501 4061 tota
517 4012 612 4064 finitur.
647 4015 725 4064 Porro
743 4020 768 4064 ct
785 4014 849 4064 illud
873 4031 904 4065 ex
920 4015 1004 4067 vorbis
1020 4017 1218 4082 Hephaestionis
1236 4015 1307 4067 disci·

198 4096 260 4141 mus,
278 4080 377 4130 nullum
396 4079 513 4130 versiculi
530 4079 605 4130 tinem
622 4085 666 4131 aut
683 4082 833 4132 divisionem
851 4098 912 4145 esee,
930 4084 1009 4135 donec
1027 4085 1059 4136 cd
1077 4085 1205 4136 decimam
1222 4085 1307 4150 pedem

199 4147 331 4197 deventum
348 4149 395 4198 sit:
414 4152 440 4198 et
457 4148 563 4213 proinde
580 4150 647 4200 nihii
664 4150 763 4215 reterre,
780 4155 866 4200 utrum
884 4150 973 4214 tribus,
992 4168 1024 4203 an
1042 4152 1147 4217 duabus,
1166 4159 1210 4203 aut
1227 4153 1307 4217 mica,
