<?xml version="1.0" encoding="UTF-8"?>
<!DOCTYPE html PUBLIC "-//W3C//DTD XHTML 1.0 Transitional//EN"
    "http://www.w3.org/TR/xhtml1/DTD/xhtml1-transitional.dtd">
<html xmlns="http://www.w3.org/1999/xhtml" xml:lang="en" lang="en">
 <head>
  <title>
</title>
<meta http-equiv="Content-Type" content="text/html;charset=utf-8" />
  <meta name='ocr-system' content='tesseract 3.04.00' />
  <meta name='ocr-capabilities' content='ocr_page ocr_carea ocr_par ocr_line ocrx_word'/>
</head>
<body>
  <div class='ocr_page' id='page_1' title='image "./qhoratiusflaccu02bentgoog_0159.png"; bbox 0 0 2810 4764; ppageno 0'>
   <div class='ocr_carea' id='block_1_1' title="bbox 223 252 945 325">
    <p class='ocr_par' dir='ltr' id='par_1_1' title="bbox 223 252 945 325">
     <span class='ocr_line' id='line_1_1' title="bbox 223 252 945 325; baseline 0.003 -11"><span class='ocrx_word' id='word_1_1' title='bbox 223 252 284 315; x_wconf 85' lang='grc'>176</span> <span class='ocrx_word' id='word_1_2' title='bbox 605 264 638 325; x_wconf 83' lang='lat' dir='ltr'>o.</span> <span class='ocrx_word' id='word_1_3' title='bbox 659 266 801 314; x_wconf 77' lang='lat' dir='ltr'>nouum</span> <span class='ocrx_word' id='word_1_4' title='bbox 821 266 945 316; x_wconf 77' lang='grc'><strong>111111</strong></span> 
     </span>
    </p>
   </div>
   <div class='ocr_carea' id='block_1_2' title="bbox 192 397 1085 654">
    <p class='ocr_par' dir='ltr' id='par_1_2' title="bbox 192 397 1085 654">
     <span class='ocr_line' id='line_1_2' title="bbox 309 397 1085 487; baseline 0.008 -24"><span class='ocrx_word' id='word_1_5' title='bbox 309 399 400 478; x_wconf 78' lang='lat' dir='ltr'>Quae</span> <span class='ocrx_word' id='word_1_6' title='bbox 423 405 553 463; x_wconf 88' lang='lat' dir='ltr'>manent</span> <span class='ocrx_word' id='word_1_7' title='bbox 573 397 625 463; x_wconf 92' lang='lat' dir='ltr'>cul</span> <span class='ocrx_word' id='word_1_8' title='bbox 670 399 804 465; x_wconf 87' lang='lat' dir='ltr'>setiam</span> <span class='ocrx_word' id='word_1_9' title='bbox 824 401 886 467; x_wconf 91' lang='lat' dir='ltr'>sub</span> <span class='ocrx_word' id='word_1_10' title='bbox 908 400 1001 467; x_wconf 87' lang='lat' dir='ltr'>Orco.</span> <span class='ocrx_word' id='word_1_11' title='bbox 1080 475 1085 487; x_wconf 56' lang='grc'><em>,</em></span> 
     </span>
     <span class='ocr_line' id='line_1_3' title="bbox 192 482 955 570; baseline 0.01 -22"><span class='ocrx_word' id='word_1_12' title='bbox 192 491 194 495; x_wconf 84' lang='grc'><strong>’</strong></span> <span class='ocrx_word' id='word_1_13' title='bbox 263 497 295 548; x_wconf 80' lang='lat' dir='ltr'>ao</span> <span class='ocrx_word' id='word_1_14' title='bbox 308 483 430 570; x_wconf 82' lang='lat' dir='ltr'>Inpios,</span> <span class='ocrx_word' id='word_1_15' title='bbox 454 487 540 561; x_wconf 90' lang='lat' dir='ltr'>(nam</span> <span class='ocrx_word' id='word_1_16' title='bbox 561 482 617 566; x_wconf 88' lang='lat' dir='ltr'>qui</span> <span class='ocrx_word' id='word_1_17' title='bbox 661 490 794 568; x_wconf 89' lang='lat' dir='ltr'>potuere</span> <span class='ocrx_word' id='word_1_18' title='bbox 816 486 955 558; x_wconf 80' lang='lat' dir='ltr'>maiusll</span> 
     </span>
     <span class='ocr_line' id='line_1_4' title="bbox 306 567 832 654; baseline -0.002 -20"><span class='ocrx_word' id='word_1_19' title='bbox 306 567 418 654; x_wconf 87' lang='lat' dir='ltr'>Inpiee</span> <span class='ocrx_word' id='word_1_20' title='bbox 440 587 575 654; x_wconf 84' lang='lat' dir='ltr'>sponsos</span> <span class='ocrx_word' id='word_1_21' title='bbox 597 576 730 653; x_wconf 89' lang='lat' dir='ltr'>potuere</span> <span class='ocrx_word' id='word_1_22' title='bbox 752 570 832 635; x_wconf 91' lang='lat' dir='ltr'>duro</span> 
     </span>
    </p>
   </div>
   <div class='ocr_carea' id='block_1_3' title="bbox 262 652 1026 1412">
    <p class='ocr_par' dir='ltr' id='par_1_3' title="bbox 262 652 1026 1412">
     <span class='ocr_line' id='line_1_5' title="bbox 421 652 675 720; baseline -0.012 0"><span class='ocrx_word' id='word_1_23' title='bbox 421 652 560 720; x_wconf 79' lang='lat' dir='ltr'>Perdere</span> <span class='ocrx_word' id='word_1_24' title='bbox 581 652 675 718; x_wconf 81' lang='lat' dir='ltr'>terro.</span> 
     </span>
     <span class='ocr_line' id='line_1_6' title="bbox 306 737 831 824; baseline 0.004 -21"><span class='ocrx_word' id='word_1_25' title='bbox 306 738 377 804; x_wconf 89' lang='lat' dir='ltr'>Una</span> <span class='ocrx_word' id='word_1_26' title='bbox 399 737 440 803; x_wconf 91' lang='lat' dir='ltr'>de</span> <span class='ocrx_word' id='word_1_27' title='bbox 461 737 581 816; x_wconf 88' lang='lat' dir='ltr'>multis,</span> <span class='ocrx_word' id='word_1_28' title='bbox 603 738 674 803; x_wconf 85' lang='grc'><strong>1111</strong></span> <span class='ocrx_word' id='word_1_29' title='bbox 694 738 831 824; x_wconf 82' lang='lat' dir='ltr'>nuptiali</span> 
     </span>
     <span class='ocr_line' id='line_1_7' title="bbox 304 822 931 911; baseline 0.002 -23"><span class='ocrx_word' id='word_1_30' title='bbox 304 822 422 906; x_wconf 83' lang='lat' dir='ltr'>Digna,</span> <span class='ocrx_word' id='word_1_31' title='bbox 468 823 608 889; x_wconf 85' lang='lat' dir='ltr'>eriurum</span> <span class='ocrx_word' id='word_1_32' title='bbox 631 823 692 888; x_wconf 82' lang='lat' dir='ltr'>fuit</span> <span class='ocrx_word' id='word_1_33' title='bbox 712 824 745 889; x_wconf 91' lang='lat' dir='ltr'>in</span> <span class='ocrx_word' id='word_1_34' title='bbox 767 832 931 911; x_wconf 88' lang='lat' dir='ltr'>parentem</span> 
     </span>
     <span class='ocr_line' id='line_1_8' title="bbox 262 844 992 994; baseline 0.004 -21"><span class='ocrx_word' id='word_1_35' title='bbox 262 922 293 973; x_wconf 78' lang='grc'>31</span> <span class='ocrx_word' id='word_1_36' title='bbox 307 844 483 994; x_wconf 57' lang='lat' dir='ltr'>splendide</span> <span class='ocrx_word' id='word_1_37' title='bbox 504 907 656 987; x_wconf 83' lang='lat' dir='ltr'>mendax,</span> <span class='ocrx_word' id='word_1_38' title='bbox 679 914 711 974; x_wconf 91' lang='lat' dir='ltr'>et</span> <span class='ocrx_word' id='word_1_39' title='bbox 731 908 764 973; x_wconf 91' lang='lat' dir='ltr'>in</span> <span class='ocrx_word' id='word_1_40' title='bbox 786 930 880 976; x_wconf 89' lang='lat' dir='ltr'>omne</span> <span class='ocrx_word' id='word_1_41' title='bbox 901 909 992 992; x_wconf 78' lang='lat' dir='ltr'>virgo</span> 
     </span>
     <span class='ocr_line' id='line_1_9' title="bbox 424 991 700 1059; baseline 0 -2"><span class='ocrx_word' id='word_1_42' title='bbox 424 991 549 1059; x_wconf 83' lang='lat' dir='ltr'>Nobilis</span> <span class='ocrx_word' id='word_1_43' title='bbox 570 1013 700 1059; x_wconf 87' lang='lat' dir='ltr'>aevum:</span> 
     </span>
     <span class='ocr_line' id='line_1_10' title="bbox 304 1076 932 1161; baseline -0.003 -15"><span class='ocrx_word' id='word_1_44' title='bbox 304 1080 448 1161; x_wconf 81' lang='lat' dir='ltr'>Surge,</span> <span class='ocrx_word' id='word_1_45' title='bbox 472 1098 555 1161; x_wconf 86' lang='lat' dir='ltr'>quae</span> <span class='ocrx_word' id='word_1_46' title='bbox 577 1077 658 1143; x_wconf 84' lang='lat' dir='ltr'>dixit</span> <span class='ocrx_word' id='word_1_47' title='bbox 679 1076 785 1145; x_wconf 89' lang='lat' dir='ltr'>iuveni</span> <span class='ocrx_word' id='word_1_48' title='bbox 807 1078 932 1157; x_wconf 88' lang='lat' dir='ltr'>merito,</span> 
     </span>
     <span class='ocr_line' id='line_1_11' title="bbox 303 1162 970 1246; baseline -0.001 -15"><span class='ocrx_word' id='word_1_49' title='bbox 303 1164 418 1246; x_wconf 82' lang='lat' dir='ltr'>Surge,</span> <span class='ocrx_word' id='word_1_50' title='bbox 441 1183 481 1229; x_wconf 91' lang='lat' dir='ltr'>ue</span> <span class='ocrx_word' id='word_1_51' title='bbox 503 1164 618 1244; x_wconf 82' lang='lat' dir='ltr'>longus</span> <span class='ocrx_word' id='word_1_52' title='bbox 641 1162 699 1228; x_wconf 88' lang='lat' dir='ltr'>tibi</span> <span class='ocrx_word' id='word_1_53' title='bbox 722 1184 862 1243; x_wconf 81' lang='lat' dir='ltr'>somnus,</span> <span class='ocrx_word' id='word_1_54' title='bbox 885 1162 970 1230; x_wconf 88' lang='lat' dir='ltr'>unde</span> 
     </span>
     <span class='ocr_line' id='line_1_12' title="bbox 301 1246 1026 1327; baseline 0.003 -13"><span class='ocrx_word' id='word_1_55' title='bbox 301 1246 374 1315; x_wconf 87' lang='lat' dir='ltr'>Non</span> <span class='ocrx_word' id='word_1_56' title='bbox 396 1249 499 1327; x_wconf 85' lang='lat' dir='ltr'>times,</span> <span class='ocrx_word' id='word_1_57' title='bbox 522 1247 630 1314; x_wconf 86' lang='lat' dir='ltr'>detur:</span> <span class='ocrx_word' id='word_1_58' title='bbox 654 1267 798 1316; x_wconf 88' lang='lat' dir='ltr'>socerum</span> <span class='ocrx_word' id='word_1_59' title='bbox 820 1255 853 1315; x_wconf 90' lang='lat' dir='ltr'>et</span> <span class='ocrx_word' id='word_1_60' title='bbox 874 1250 1026 1316; x_wconf 85' lang='lat' dir='ltr'>scelestes</span> 
     </span>
     <span class='ocr_line' id='line_1_13' title="bbox 262 1332 678 1412; baseline 0.005 -15"><span class='ocrx_word' id='word_1_61' title='bbox 262 1345 293 1397; x_wconf 82' lang='grc' dir='ltr'>4ο</span> <span class='ocrx_word' id='word_1_62' title='bbox 425 1332 516 1400; x_wconf 81' lang='lat' dir='ltr'>Felle</span> <span class='ocrx_word' id='word_1_63' title='bbox 538 1353 678 1412; x_wconf 66' lang='lat' dir='ltr'>sororem</span> 
     </span>
    </p>
   </div>
   <div class='ocr_carea' id='block_1_4' title="bbox 161 1486 1399 4269">
    <p class='ocr_par' dir='ltr' id='par_1_4' title="bbox 212 1486 1398 2911">
     <span class='ocr_line' id='line_1_14' title="bbox 217 1486 1345 1550; baseline 0.001 -14"><span class='ocrx_word' id='word_1_64' title='bbox 217 1489 261 1536; x_wconf 77' lang='lat' dir='ltr'>tur</span> <span class='ocrx_word' id='word_1_65' title='bbox 278 1490 345 1535; x_wconf 84' lang='lat' dir='ltr'>teter</span> <span class='ocrx_word' id='word_1_66' title='bbox 360 1487 499 1550; x_wconf 77' lang='lat' dir='ltr'>saniesque</span> <span class='ocrx_word' id='word_1_67' title='bbox 515 1487 631 1536; x_wconf 86' lang='lat' dir='ltr'>menet“:</span> <span class='ocrx_word' id='word_1_68' title='bbox 649 1486 698 1536; x_wconf 90' lang='lat' dir='ltr'>hoc</span> <span class='ocrx_word' id='word_1_69' title='bbox 715 1491 761 1541; x_wconf 82' lang='lat' dir='ltr'>est.</span> <span class='ocrx_word' id='word_1_70' title='bbox 779 1487 890 1550; x_wconf 81' lang='lat' dir='ltr'>spiritus</span> <span class='ocrx_word' id='word_1_71' title='bbox 907 1490 1004 1549; x_wconf 81' lang='lat' dir='ltr'>menet,</span> <span class='ocrx_word' id='word_1_72' title='bbox 1021 1486 1152 1535; x_wconf 75' lang='lat' dir='ltr'>sternier</span> <span class='ocrx_word' id='word_1_73' title='bbox 1168 1492 1270 1538; x_wconf 82' lang='lat' dir='ltr'>munet.</span> <span class='ocrx_word' id='word_1_74' title='bbox 1299 1489 1345 1537; x_wconf 77' lang='lat' dir='ltr'>At</span> 
     </span>
     <span class='ocr_line' id='line_1_15' title="bbox 219 1551 1345 1619; baseline 0.003 -16"><span class='ocrx_word' id='word_1_75' title='bbox 219 1553 265 1618; x_wconf 90' lang='lat' dir='ltr'>qui</span> <span class='ocrx_word' id='word_1_76' title='bbox 288 1555 414 1618; x_wconf 78' lang='lat' dir='ltr'>spiritum</span> <span class='ocrx_word' id='word_1_77' title='bbox 437 1553 490 1603; x_wconf 82' lang='lat' dir='ltr'>sive</span> <span class='ocrx_word' id='word_1_78' title='bbox 513 1554 622 1603; x_wconf 77' lang='lat' dir='ltr'>halitum</span> <span class='ocrx_word' id='word_1_79' title='bbox 644 1569 756 1603; x_wconf 81' lang='lat' dir='ltr'>munere</span> <span class='ocrx_word' id='word_1_80' title='bbox 779 1570 852 1603; x_wconf 90' lang='lat' dir='ltr'>nemo</span> <span class='ocrx_word' id='word_1_81' title='bbox 881 1569 988 1618; x_wconf 79' lang='lat' dir='ltr'>usquam</span> <span class='ocrx_word' id='word_1_82' title='bbox 1010 1551 1084 1602; x_wconf 83' lang='lat' dir='ltr'>dixit.</span> <span class='ocrx_word' id='word_1_83' title='bbox 1119 1553 1214 1603; x_wconf 78' lang='lat' dir='ltr'>Sanies</span> <span class='ocrx_word' id='word_1_84' title='bbox 1235 1556 1345 1619; x_wconf 88' lang='lat' dir='ltr'>quidem</span> 
     </span>
     <span class='ocr_line' id='line_1_16' title="bbox 217 1620 1396 1686; baseline 0.003 -16"><span class='ocrx_word' id='word_1_85' title='bbox 217 1626 319 1683; x_wconf 80' lang='lat' dir='ltr'>meret,</span> <span class='ocrx_word' id='word_1_86' title='bbox 337 1626 413 1686; x_wconf 91' lang='lat' dir='ltr'>etque</span> <span class='ocrx_word' id='word_1_87' title='bbox 430 1636 503 1671; x_wconf 88' lang='lat' dir='ltr'>omne</span> <span class='ocrx_word' id='word_1_88' title='bbox 519 1637 600 1686; x_wconf 75' lang='lat' dir='ltr'>genus</span> <span class='ocrx_word' id='word_1_89' title='bbox 617 1622 749 1672; x_wconf 87' lang='lat' dir='ltr'>humorum</span> <span class='ocrx_word' id='word_1_90' title='bbox 769 1621 937 1686; x_wconf 88' lang='lat' dir='ltr'>etliquornm,</span> <span class='ocrx_word' id='word_1_91' title='bbox 956 1622 1091 1684; x_wconf 76' lang='lat' dir='ltr'>lacrimae,</span> <span class='ocrx_word' id='word_1_92' title='bbox 1108 1625 1228 1685; x_wconf 68' lang='grc' dir='ltr'><strong>111131ιὰ,</strong></span> <span class='ocrx_word' id='word_1_93' title='bbox 1244 1623 1342 1686; x_wconf 76' lang='lat' dir='ltr'>maor,</span> <span class='ocrx_word' id='word_1_94' title='bbox 1395 1620 1396 1625; x_wconf 68' lang='grc'>’</span> 
     </span>
     <span class='ocr_line' id='line_1_17' title="bbox 215 1688 1343 1757; baseline 0.003 -19"><span class='ocrx_word' id='word_1_95' title='bbox 215 1688 276 1752; x_wconf 84' lang='lat' dir='ltr'>mel,</span> <span class='ocrx_word' id='word_1_96' title='bbox 295 1704 373 1754; x_wconf 81' lang='lat' dir='ltr'>aquo,</span> <span class='ocrx_word' id='word_1_97' title='bbox 390 1691 441 1753; x_wconf 82' lang='lat' dir='ltr'>pic</span> <span class='ocrx_word' id='word_1_98' title='bbox 457 1694 483 1739; x_wconf 90' lang='lat' dir='ltr'>et</span> <span class='ocrx_word' id='word_1_99' title='bbox 500 1689 607 1740; x_wconf 79' lang='lat' dir='ltr'>similis:</span> <span class='ocrx_word' id='word_1_100' title='bbox 627 1690 734 1757; x_wconf 87' lang='lat' dir='ltr'>spiritus</span> <span class='ocrx_word' id='word_1_101' title='bbox 751 1705 918 1754; x_wconf 81' lang='lat' dir='ltr'>nequaquem,</span> <span class='ocrx_word' id='word_1_102' title='bbox 937 1689 958 1739; x_wconf 92' lang='lat' dir='ltr'>si</span> <span class='ocrx_word' id='word_1_103' title='bbox 976 1693 1094 1741; x_wconf 84' lang='lat' dir='ltr'>eccurete</span> <span class='ocrx_word' id='word_1_104' title='bbox 1111 1688 1245 1753; x_wconf 88' lang='lat' dir='ltr'>loquimur.</span> <span class='ocrx_word' id='word_1_105' title='bbox 1274 1691 1343 1741; x_wconf 82' lang='lat' dir='ltr'>Nem</span> 
     </span>
     <span class='ocr_line' id='line_1_18' title="bbox 216 1756 1342 1822; baseline 0.001 -14"><span class='ocrx_word' id='word_1_106' title='bbox 216 1772 275 1808; x_wconf 88' lang='lat' dir='ltr'>eum</span> <span class='ocrx_word' id='word_1_107' title='bbox 291 1756 427 1807; x_wconf 88' lang='lat' dir='ltr'>Lucretius</span> <span class='ocrx_word' id='word_1_108' title='bbox 446 1757 568 1820; x_wconf 68' lang='lat' dir='ltr'>[vieni]</span> <span class='ocrx_word' id='word_1_109' title='bbox 586 1761 703 1807; x_wconf 79' lang='grc'><strong>1111111111</strong></span> <span class='ocrx_word' id='word_1_110' title='bbox 720 1762 746 1807; x_wconf 87' lang='grc'>11</span> <span class='ocrx_word' id='word_1_111' title='bbox 763 1759 794 1821; x_wconf 92' lang='lat' dir='ltr'>[I‚</span> <span class='ocrx_word' id='word_1_112' title='bbox 805 1759 865 1820; x_wconf 82' lang='lat'>535]</span> <span class='ocrx_word' id='word_1_113' title='bbox 882 1757 973 1822; x_wconf 52' lang='lat' dir='ltr'>lngus</span> <span class='ocrx_word' id='word_1_114' title='bbox 989 1772 1101 1808; x_wconf 82' lang='lat' dir='ltr'>manere</span> <span class='ocrx_word' id='word_1_115' title='bbox 1118 1757 1196 1819; x_wconf 83' lang='lat' dir='ltr'>dixit,</span> <span class='ocrx_word' id='word_1_116' title='bbox 1215 1757 1283 1808; x_wconf 88' lang='lat' dir='ltr'>illud</span> <span class='ocrx_word' id='word_1_117' title='bbox 1301 1760 1342 1809; x_wconf 90' lang='lat' dir='ltr'>ni·</span> 
     </span>
     <span class='ocr_line' id='line_1_19' title="bbox 216 1824 1341 1891; baseline 0.002 -16"><span class='ocrx_word' id='word_1_118' title='bbox 216 1825 309 1875; x_wconf 89' lang='lat' dir='ltr'>mirum</span> <span class='ocrx_word' id='word_1_119' title='bbox 325 1824 388 1887; x_wconf 80' lang='lat' dir='ltr'>vult,</span> <span class='ocrx_word' id='word_1_120' title='bbox 405 1840 451 1890; x_wconf 89' lang='lat' dir='ltr'>per</span> <span class='ocrx_word' id='word_1_121' title='bbox 466 1840 549 1891; x_wconf 84' lang='lat' dir='ltr'>poros</span> <span class='ocrx_word' id='word_1_122' title='bbox 567 1830 593 1875; x_wconf 88' lang='lat' dir='ltr'>ei</span> <span class='ocrx_word' id='word_1_123' title='bbox 609 1828 690 1891; x_wconf 82' lang='lat' dir='ltr'>priva</span> <span class='ocrx_word' id='word_1_124' title='bbox 706 1824 844 1886; x_wconf 71' lang='lat' dir='ltr'>foramina</span> <span class='ocrx_word' id='word_1_125' title='bbox 862 1840 1005 1891; x_wconf 82' lang='lat' dir='ltr'>corporum</span> <span class='ocrx_word' id='word_1_126' title='bbox 1019 1840 1172 1891; x_wconf 84' lang='lat' dir='ltr'>permeare:</span> <span class='ocrx_word' id='word_1_127' title='bbox 1191 1841 1243 1876; x_wconf 89' lang='lat' dir='ltr'>non</span> <span class='ocrx_word' id='word_1_128' title='bbox 1257 1828 1341 1879; x_wconf 83' lang='lat' dir='ltr'>uthis</span> 
     </span>
     <span class='ocr_line' id='line_1_20' title="bbox 215 1891 1340 1959; baseline 0.005 -17"><span class='ocrx_word' id='word_1_129' title='bbox 215 1893 308 1944; x_wconf 87' lang='lat' dir='ltr'>Noster</span> <span class='ocrx_word' id='word_1_130' title='bbox 326 1893 357 1943; x_wconf 90' lang='lat' dir='ltr'>de</span> <span class='ocrx_word' id='word_1_131' title='bbox 373 1896 480 1958; x_wconf 73' lang='lat' dir='ltr'>spirim,</span> <span class='ocrx_word' id='word_1_132' title='bbox 498 1909 555 1944; x_wconf 91' lang='lat' dir='ltr'>eum</span> <span class='ocrx_word' id='word_1_133' title='bbox 573 1898 661 1958; x_wconf 85' lang='lat' dir='ltr'>operte</span> <span class='ocrx_word' id='word_1_134' title='bbox 677 1894 719 1943; x_wconf 84' lang='lat' dir='ltr'>rie</span> <span class='ocrx_word' id='word_1_135' title='bbox 736 1909 784 1959; x_wconf 89' lang='lat' dir='ltr'>per</span> <span class='ocrx_word' id='word_1_136' title='bbox 799 1892 886 1944; x_wconf 77' lang='lat' dir='ltr'><strong>fauces</strong></span> <span class='ocrx_word' id='word_1_137' title='bbox 903 1893 1018 1958; x_wconf 86' lang='lat' dir='ltr'>prodest.</span> <span class='ocrx_word' id='word_1_138' title='bbox 1041 1891 1109 1948; x_wconf 82' lang='lat' dir='ltr'>Quid</span> <span class='ocrx_word' id='word_1_139' title='bbox 1126 1892 1290 1957; x_wconf 75' lang='lat' dir='ltr'>igiturest?</span> <span class='ocrx_word' id='word_1_140' title='bbox 1308 1913 1340 1948; x_wconf 82' lang='grc'>111</span> 
     </span>
     <span class='ocr_line' id='line_1_21' title="bbox 214 1961 1340 2027; baseline 0.002 -15"><span class='ocrx_word' id='word_1_141' title='bbox 214 1961 352 2014; x_wconf 78' lang='lat' dir='ltr'>Horatium</span> <span class='ocrx_word' id='word_1_142' title='bbox 368 1961 410 2012; x_wconf 90' lang='lat' dir='ltr'>bic</span> <span class='ocrx_word' id='word_1_143' title='bbox 429 1967 531 2027; x_wconf 89' lang='lat' dir='ltr'>ceptum</span> <span class='ocrx_word' id='word_1_144' title='bbox 548 1964 574 2011; x_wconf 92' lang='lat' dir='ltr'>et</span> <span class='ocrx_word' id='word_1_145' title='bbox 592 1961 737 2013; x_wconf 84' lang='lat' dir='ltr'>demnatum</span> <span class='ocrx_word' id='word_1_146' title='bbox 755 1961 801 2012; x_wconf 88' lang='lat' dir='ltr'>sub</span> <span class='ocrx_word' id='word_1_147' title='bbox 820 1961 903 2012; x_wconf 88' lang='lat' dir='ltr'>eultro</span> <span class='ocrx_word' id='word_1_148' title='bbox 919 1961 1109 2026; x_wconf 80' lang='lat' dir='ltr'>relinquemus?</span> <span class='ocrx_word' id='word_1_149' title='bbox 1128 1977 1159 2010; x_wconf 88' lang='lat' dir='ltr'>eu</span> <span class='ocrx_word' id='word_1_150' title='bbox 1177 1963 1275 2026; x_wconf 85' lang='lat' dir='ltr'>potius,</span> <span class='ocrx_word' id='word_1_151' title='bbox 1299 1964 1340 2027; x_wconf 89' lang='lat'>„0</span> 
     </span>
     <span class='ocr_line' id='line_1_22' title="bbox 219 2028 1339 2097; baseline 0.001 -17"><span class='ocrx_word' id='word_1_152' title='bbox 219 2028 284 2093; x_wconf 83' lang='lat' dir='ltr'>Tite,</span> <span class='ocrx_word' id='word_1_153' title='bbox 301 2030 393 2095; x_wconf 76' lang='lat' dir='ltr'>siquid</span> <span class='ocrx_word' id='word_1_154' title='bbox 409 2044 457 2093; x_wconf 74' lang='lat' dir='ltr'>ego</span> <span class='ocrx_word' id='word_1_155' title='bbox 476 2028 573 2080; x_wconf 80' lang='lat' dir='ltr'>edidrc</span> <span class='ocrx_word' id='word_1_156' title='bbox 591 2045 737 2095; x_wconf 83' lang='lat' dir='ltr'>curemque</span> <span class='ocrx_word' id='word_1_157' title='bbox 755 2030 863 2092; x_wconf 76' lang='lat' dir='ltr'>levasso,</span> <span class='ocrx_word' id='word_1_158' title='bbox 880 2029 987 2094; x_wconf 79' lang='lat' dir='ltr'>Ecquid</span> <span class='ocrx_word' id='word_1_159' title='bbox 1003 2033 1055 2080; x_wconf 84' lang='lat' dir='ltr'>erit</span> <span class='ocrx_word' id='word_1_160' title='bbox 1070 2031 1187 2094; x_wconf 61' lang='lat' dir='ltr'>pretiit‘</span> <span class='ocrx_word' id='word_1_161' title='bbox 1214 2029 1279 2081; x_wconf 86' lang='lat' dir='ltr'>Vide</span> <span class='ocrx_word' id='word_1_162' title='bbox 1289 2032 1339 2097; x_wconf 76' lang='lat' dir='ltr'>igi·</span> 
     </span>
     <span class='ocr_line' id='line_1_23' title="bbox 216 2096 1337 2165; baseline 0 -17"><span class='ocrx_word' id='word_1_163' title='bbox 216 2104 265 2159; x_wconf 89' lang='lat' dir='ltr'>tur,</span> <span class='ocrx_word' id='word_1_164' title='bbox 283 2113 369 2149; x_wconf 89' lang='lat' dir='ltr'>ennon</span> <span class='ocrx_word' id='word_1_165' title='bbox 386 2097 413 2146; x_wconf 90' lang='lat' dir='ltr'>in</span> <span class='ocrx_word' id='word_1_166' title='bbox 431 2097 564 2148; x_wconf 81' lang='lat' dir='ltr'>Librarios</span> <span class='ocrx_word' id='word_1_167' title='bbox 581 2097 668 2163; x_wconf 91' lang='lat' dir='ltr'>potius</span> <span class='ocrx_word' id='word_1_168' title='bbox 686 2097 786 2165; x_wconf 84' lang='lat' dir='ltr'>culpem</span> <span class='ocrx_word' id='word_1_169' title='bbox 810 2096 1002 2159; x_wconf 78' lang='lat' dir='ltr'>transieramus,</span> <span class='ocrx_word' id='word_1_170' title='bbox 1029 2103 1054 2148; x_wconf 90' lang='grc'>11</span> <span class='ocrx_word' id='word_1_171' title='bbox 1070 2096 1121 2147; x_wconf 85' lang='lat' dir='ltr'>levi</span> <span class='ocrx_word' id='word_1_172' title='bbox 1143 2098 1288 2149; x_wconf 84' lang='lat' dir='ltr'>mutatione</span> <span class='ocrx_word' id='word_1_173' title='bbox 1307 2099 1337 2150; x_wconf 84' lang='lat' dir='ltr'>eb</span> 
     </span>
     <span class='ocr_line' id='line_1_24' title="bbox 215 2165 1339 2232; baseline 0.002 -16"><span class='ocrx_word' id='word_1_174' title='bbox 215 2173 322 2232; x_wconf 89' lang='lat' dir='ltr'>utroque</span> <span class='ocrx_word' id='word_1_175' title='bbox 340 2166 462 2217; x_wconf 88' lang='lat' dir='ltr'>Nostrum</span> <span class='ocrx_word' id='word_1_176' title='bbox 486 2166 591 2216; x_wconf 86' lang='lat' dir='ltr'>erimine</span> <span class='ocrx_word' id='word_1_177' title='bbox 608 2180 660 2215; x_wconf 86' lang='lat' dir='ltr'>une</span> <span class='ocrx_word' id='word_1_178' title='bbox 677 2181 755 2231; x_wconf 89' lang='lat' dir='ltr'>opere</span> <span class='ocrx_word' id='word_1_179' title='bbox 771 2165 913 2217; x_wconf 78' lang='lat' dir='ltr'>liberemus.</span> <span class='ocrx_word' id='word_1_180' title='bbox 949 2166 992 2217; x_wconf 82' lang='lat' dir='ltr'>Sic</span> <span class='ocrx_word' id='word_1_181' title='bbox 1016 2181 1076 2230; x_wconf 82' lang='lat' dir='ltr'>ergo</span> <span class='ocrx_word' id='word_1_182' title='bbox 1093 2181 1201 2230; x_wconf 88' lang='lat' dir='ltr'>repone,</span> <span class='ocrx_word' id='word_1_183' title='bbox 1226 2165 1339 2231; x_wconf 83' lang='lat' dir='ltr'>„Cerbe-</span> 
     </span>
     <span class='ocr_line' id='line_1_25' title="bbox 215 2232 1338 2301; baseline 0.001 -16"><span class='ocrx_word' id='word_1_184' title='bbox 215 2250 278 2286; x_wconf 79' lang='lat' dir='ltr'>rur:</span> <span class='ocrx_word' id='word_1_185' title='bbox 304 2239 424 2299; x_wconf 79' lang='lat' dir='ltr'>quemuis</span> <span class='ocrx_word' id='word_1_186' title='bbox 441 2232 543 2294; x_wconf 79' lang='lat' dir='ltr'>furiale</span> <span class='ocrx_word' id='word_1_187' title='bbox 565 2238 670 2286; x_wconf 78' lang='lat' dir='ltr'>centem</span> <span class='ocrx_word' id='word_1_188' title='bbox 688 2233 814 2284; x_wconf 75' lang='lat' dir='ltr'>Muciani</span> <span class='ocrx_word' id='word_1_189' title='bbox 836 2249 937 2297; x_wconf 82' lang='lat' dir='ltr'>ungues</span> <span class='ocrx_word' id='word_1_190' title='bbox 960 2239 1056 2298; x_wconf 79' lang='lat' dir='ltr'>caput,</span> <span class='ocrx_word' id='word_1_191' title='bbox 1079 2238 1200 2298; x_wconf 85' lang='lat' dir='ltr'>exeetque</span> <span class='ocrx_word' id='word_1_192' title='bbox 1218 2235 1338 2301; x_wconf 68' lang='lat' dir='ltr'>Spiritu</span> 
     </span>
     <span class='ocr_line' id='line_1_26' title="bbox 216 2301 1398 2368; baseline 0.002 -16"><span class='ocrx_word' id='word_1_193' title='bbox 216 2308 290 2366; x_wconf 84' lang='lat' dir='ltr'>teter,</span> <span class='ocrx_word' id='word_1_194' title='bbox 307 2305 447 2368; x_wconf 73' lang='lat' dir='ltr'>acriterque</span> <span class='ocrx_word' id='word_1_195' title='bbox 464 2306 553 2352; x_wconf 80' lang='lat' dir='ltr'>merset</span> <span class='ocrx_word' id='word_1_196' title='bbox 571 2301 622 2352; x_wconf 82' lang='lat' dir='ltr'>Ore</span> <span class='ocrx_word' id='word_1_197' title='bbox 639 2301 794 2366; x_wconf 76' lang='lat' dir='ltr'>trilingui.“</span> <span class='ocrx_word' id='word_1_198' title='bbox 820 2301 926 2352; x_wconf 83' lang='lat' dir='ltr'>Ovidius</span> <span class='ocrx_word' id='word_1_199' title='bbox 942 2301 1044 2352; x_wconf 88' lang='lat' dir='ltr'>Metem.</span> <span class='ocrx_word' id='word_1_200' title='bbox 1062 2303 1111 2364; x_wconf 85' lang='lat'>111,</span> <span class='ocrx_word' id='word_1_201' title='bbox 1122 2304 1153 2352; x_wconf 77' lang='lat'>75</span> <span class='ocrx_word' id='word_1_202' title='bbox 1172 2302 1203 2352; x_wconf 85' lang='lat' dir='ltr'>de</span> <span class='ocrx_word' id='word_1_203' title='bbox 1221 2303 1337 2354; x_wconf 84' lang='lat' dir='ltr'>Dreeone</span> <span class='ocrx_word' id='word_1_204' title='bbox 1397 2334 1398 2343; x_wconf 61' lang='lat'>.</span> 
     </span>
     <span class='ocr_line' id='line_1_27' title="bbox 213 2368 1337 2436; baseline 0.002 -16"><span class='ocrx_word' id='word_1_205' title='bbox 213 2371 332 2434; x_wconf 89' lang='lat' dir='ltr'>loquens:</span> <span class='ocrx_word' id='word_1_206' title='bbox 356 2371 460 2436; x_wconf 78' lang='lat' dir='ltr'>„picris</span> <span class='ocrx_word' id='word_1_207' title='bbox 478 2374 633 2421; x_wconf 80' lang='lat' dir='ltr'>tumuerunt</span> <span class='ocrx_word' id='word_1_208' title='bbox 653 2374 769 2434; x_wconf 78' lang='lat' dir='ltr'>guttere</span> <span class='ocrx_word' id='word_1_209' title='bbox 786 2373 877 2422; x_wconf 71' lang='lat' dir='ltr'>omis.-</span> <span class='ocrx_word' id='word_1_210' title='bbox 903 2370 1047 2435; x_wconf 74' lang='lat' dir='ltr'>spumaque</span> <span class='ocrx_word' id='word_1_211' title='bbox 1069 2368 1211 2435; x_wconf 70' lang='lat' dir='ltr'>pestiferos</span> <span class='ocrx_word' id='word_1_212' title='bbox 1228 2372 1337 2422; x_wconf 86' lang='lat' dir='ltr'>circum·</span> 
     </span>
     <span class='ocr_line' id='line_1_28' title="bbox 214 2436 1338 2504; baseline 0.002 -16"><span class='ocrx_word' id='word_1_213' title='bbox 214 2438 272 2490; x_wconf 88' lang='lat' dir='ltr'>fluit</span> <span class='ocrx_word' id='word_1_214' title='bbox 289 2438 379 2489; x_wconf 85' lang='lat' dir='ltr'>albida</span> <span class='ocrx_word' id='word_1_215' title='bbox 396 2441 496 2489; x_wconf 71' lang='lat' dir='ltr'>ricinis:</span> <span class='ocrx_word' id='word_1_216' title='bbox 517 2436 652 2503; x_wconf 81' lang='lat' dir='ltr'>Terraque</span> <span class='ocrx_word' id='word_1_217' title='bbox 668 2453 732 2489; x_wconf 82' lang='lat' dir='ltr'>rese</span> <span class='ocrx_word' id='word_1_218' title='bbox 749 2444 828 2488; x_wconf 81' lang='lat' dir='ltr'>senat</span> <span class='ocrx_word' id='word_1_219' title='bbox 844 2441 976 2504; x_wconf 67' lang='lat' dir='ltr'>squamis,-</span> <span class='ocrx_word' id='word_1_220' title='bbox 993 2441 1092 2504; x_wconf 78' lang='lat' dir='ltr'>quique</span> <span class='ocrx_word' id='word_1_221' title='bbox 1108 2437 1204 2488; x_wconf 77' lang='lat' dir='ltr'>halitus</span> <span class='ocrx_word' id='word_1_222' title='bbox 1222 2441 1277 2490; x_wconf 88' lang='lat' dir='ltr'>exit</span> <span class='ocrx_word' id='word_1_223' title='bbox 1289 2440 1338 2490; x_wconf 84' lang='lat' dir='ltr'>Ore</span> 
     </span>
     <span class='ocr_line' id='line_1_29' title="bbox 214 2505 1338 2573; baseline 0.002 -17"><span class='ocrx_word' id='word_1_224' title='bbox 214 2509 294 2571; x_wconf 78' lang='lat' dir='ltr'>niger</span> <span class='ocrx_word' id='word_1_225' title='bbox 310 2505 423 2573; x_wconf 67' lang='lat' dir='ltr'>Stygio,</span> <span class='ocrx_word' id='word_1_226' title='bbox 439 2508 548 2556; x_wconf 80' lang='lat' dir='ltr'>uitiatas</span> <span class='ocrx_word' id='word_1_227' title='bbox 566 2506 654 2567; x_wconf 80' lang='lat' dir='ltr'>inficit</span> <span class='ocrx_word' id='word_1_228' title='bbox 670 2508 779 2557; x_wconf 78' lang='lat' dir='ltr'>aeros.“</span> <span class='ocrx_word' id='word_1_229' title='bbox 806 2505 852 2556; x_wconf 90' lang='lat' dir='ltr'>ubi</span> <span class='ocrx_word' id='word_1_230' title='bbox 868 2505 942 2572; x_wconf 77' lang='lat' dir='ltr'>peria</span> <span class='ocrx_word' id='word_1_231' title='bbox 958 2505 1028 2557; x_wconf 85' lang='lat' dir='ltr'>rides</span> <span class='ocrx_word' id='word_1_232' title='bbox 1046 2505 1144 2556; x_wconf 87' lang='lat' dir='ltr'>omnia:</span> <span class='ocrx_word' id='word_1_233' title='bbox 1170 2522 1267 2572; x_wconf 72' lang='lat' dir='ltr'>spuma</span> <span class='ocrx_word' id='word_1_234' title='bbox 1286 2511 1338 2558; x_wconf 78' lang='lat' dir='ltr'>cir·</span> 
     </span>
     <span class='ocr_line' id='line_1_30' title="bbox 215 2572 1338 2639; baseline 0.001 -13"><span class='ocrx_word' id='word_1_235' title='bbox 215 2576 344 2636; x_wconf 78' lang='lat' dir='ltr'>cumtluit,</span> <span class='ocrx_word' id='word_1_236' title='bbox 361 2572 437 2637; x_wconf 89' lang='lat' dir='ltr'>plene</span> <span class='ocrx_word' id='word_1_237' title='bbox 454 2578 484 2624; x_wconf 89' lang='lat' dir='ltr'>ut</span> <span class='ocrx_word' id='word_1_238' title='bbox 500 2576 588 2623; x_wconf 82' lang='lat' dir='ltr'>senior</span> <span class='ocrx_word' id='word_1_239' title='bbox 604 2579 708 2627; x_wconf 83' lang='lat' dir='ltr'>monet:</span> <span class='ocrx_word' id='word_1_240' title='bbox 727 2574 827 2624; x_wconf 82' lang='lat' dir='ltr'>balitus</span> <span class='ocrx_word' id='word_1_241' title='bbox 844 2579 928 2624; x_wconf 86' lang='lat' dir='ltr'>eutem</span> <span class='ocrx_word' id='word_1_242' title='bbox 945 2577 1024 2639; x_wconf 76' lang='lat' dir='ltr'>niger</span> <span class='ocrx_word' id='word_1_243' title='bbox 1039 2577 1104 2639; x_wconf 78' lang='lat' dir='ltr'>ercii,</span> <span class='ocrx_word' id='word_1_244' title='bbox 1121 2575 1338 2627; x_wconf 74' lang='lat' dir='ltr'>iteuthicecceat</span> 
     </span>
     <span class='ocr_line' id='line_1_31' title="bbox 212 2640 1336 2708; baseline 0.002 -16"><span class='ocrx_word' id='word_1_245' title='bbox 212 2644 326 2707; x_wconf 78' lang='lat' dir='ltr'>spiritur</span> <span class='ocrx_word' id='word_1_246' title='bbox 344 2646 422 2692; x_wconf 83' lang='lat' dir='ltr'>ieter:</span> <span class='ocrx_word' id='word_1_247' title='bbox 447 2650 472 2691; x_wconf 85' lang='lat' dir='ltr'>et</span> <span class='ocrx_word' id='word_1_248' title='bbox 489 2640 624 2706; x_wconf 88' lang='lat' dir='ltr'>utrobique</span> <span class='ocrx_word' id='word_1_249' title='bbox 642 2642 743 2706; x_wconf 85' lang='lat' dir='ltr'>quidem</span> <span class='ocrx_word' id='word_1_250' title='bbox 760 2657 791 2691; x_wconf 85' lang='lat' dir='ltr'>ex</span> <span class='ocrx_word' id='word_1_251' title='bbox 809 2657 855 2692; x_wconf 90' lang='lat' dir='ltr'>ore</span> <span class='ocrx_word' id='word_1_252' title='bbox 872 2642 1011 2706; x_wconf 77' lang='lat' dir='ltr'>trilingui:</span> <span class='ocrx_word' id='word_1_253' title='bbox 1036 2658 1095 2692; x_wconf 86' lang='lat' dir='ltr'>nem</span> <span class='ocrx_word' id='word_1_254' title='bbox 1113 2649 1139 2692; x_wconf 90' lang='lat' dir='ltr'>et</span> <span class='ocrx_word' id='word_1_255' title='bbox 1156 2645 1270 2708; x_wconf 77' lang='lat' dir='ltr'>serpenti</span> <span class='ocrx_word' id='word_1_256' title='bbox 1288 2644 1336 2706; x_wconf 86' lang='lat' dir='ltr'>illi,</span> 
     </span>
     <span class='ocr_line' id='line_1_32' title="bbox 213 2706 1337 2776; baseline 0.002 -16"><span class='ocrx_word' id='word_1_257' title='bbox 213 2725 288 2760; x_wconf 79' lang='lat' dir='ltr'>versu</span> <span class='ocrx_word' id='word_1_258' title='bbox 303 2706 342 2758; x_wconf 90' lang='lat' dir='ltr'>ibi</span> <span class='ocrx_word' id='word_1_259' title='bbox 359 2711 400 2771; x_wconf 79' lang='lat'>34,</span> <span class='ocrx_word' id='word_1_260' title='bbox 418 2708 496 2772; x_wconf 79' lang='lat' dir='ltr'>„Tres</span> <span class='ocrx_word' id='word_1_261' title='bbox 515 2710 623 2759; x_wconf 81' lang='lat' dir='ltr'>vibraret</span> <span class='ocrx_word' id='word_1_262' title='bbox 638 2710 749 2774; x_wconf 78' lang='lat' dir='ltr'>linguae,</span> <span class='ocrx_word' id='word_1_263' title='bbox 767 2710 871 2776; x_wconf 82' lang='lat' dir='ltr'>triplici</span> <span class='ocrx_word' id='word_1_264' title='bbox 886 2715 960 2760; x_wconf 74' lang='lat' dir='ltr'>stam</span> <span class='ocrx_word' id='word_1_265' title='bbox 975 2710 1070 2761; x_wconf 79' lang='lat' dir='ltr'>ordine</span> <span class='ocrx_word' id='word_1_266' title='bbox 1088 2711 1206 2760; x_wconf 80' lang='lat' dir='ltr'>deutes.“</span> <span class='ocrx_word' id='word_1_267' title='bbox 1241 2713 1337 2762; x_wconf 88' lang='lat' dir='ltr'>Iterum</span> 
     </span>
     <span class='ocr_line' id='line_1_33' title="bbox 213 2774 1336 2844; baseline 0.003 -17"><span class='ocrx_word' id='word_1_268' title='bbox 213 2776 320 2828; x_wconf 78' lang='lat' dir='ltr'>Ovidius</span> <span class='ocrx_word' id='word_1_269' title='bbox 337 2774 414 2826; x_wconf 80' lang='lat' dir='ltr'>Trist.</span> <span class='ocrx_word' id='word_1_270' title='bbox 432 2776 463 2834; x_wconf 85' lang='lat' dir='ltr'>V.</span> <span class='ocrx_word' id='word_1_271' title='bbox 476 2778 499 2828; x_wconf 80' lang='lat'>6.</span> <span class='ocrx_word' id='word_1_272' title='bbox 518 2779 552 2838; x_wconf 84' lang='lat' dir='ltr'>[v.</span> <span class='ocrx_word' id='word_1_273' title='bbox 573 2778 613 2839; x_wconf 88' lang='grc'>19]</span> <span class='ocrx_word' id='word_1_274' title='bbox 638 2778 768 2843; x_wconf 85' lang='lat' dir='ltr'>„Spiritus</span> <span class='ocrx_word' id='word_1_275' title='bbox 787 2780 830 2828; x_wconf 83' lang='lat' dir='ltr'>bic</span> <span class='ocrx_word' id='word_1_276' title='bbox 847 2777 974 2844; x_wconf 73' lang='lat' dir='ltr'>Scythice</span> <span class='ocrx_word' id='word_1_277' title='bbox 998 2794 1075 2844; x_wconf 81' lang='lat' dir='ltr'>quem</span> <span class='ocrx_word' id='word_1_278' title='bbox 1100 2794 1155 2829; x_wconf 85' lang='lat' dir='ltr'>nen</span> <span class='ocrx_word' id='word_1_279' title='bbox 1179 2780 1336 2830; x_wconf 76' lang='grc'><strong>1111111111·-</strong></span> 
     </span>
     <span class='ocr_line' id='line_1_34' title="bbox 214 2843 1334 2911; baseline 0.004 -16"><span class='ocrx_word' id='word_1_280' title='bbox 214 2860 272 2895; x_wconf 80' lang='lat' dir='ltr'>mur</span> <span class='ocrx_word' id='word_1_281' title='bbox 290 2859 373 2907; x_wconf 82' lang='lat' dir='ltr'>aura,</span> <span class='ocrx_word' id='word_1_282' title='bbox 398 2843 475 2906; x_wconf 77' lang='lat' dir='ltr'>Quod</span> <span class='ocrx_word' id='word_1_283' title='bbox 491 2846 579 2910; x_wconf 83' lang='lat' dir='ltr'>cupio,</span> <span class='ocrx_word' id='word_1_284' title='bbox 596 2848 719 2896; x_wconf 76' lang='lat' dir='ltr'>membris</span> <span class='ocrx_word' id='word_1_285' title='bbox 735 2851 808 2897; x_wconf 82' lang='lat' dir='ltr'>exest</span> <span class='ocrx_word' id='word_1_286' title='bbox 825 2851 887 2897; x_wconf 85' lang='lat' dir='ltr'>ante</span> <span class='ocrx_word' id='word_1_287' title='bbox 903 2849 994 2897; x_wconf 83' lang='lat' dir='ltr'>meir.“</span> <span class='ocrx_word' id='word_1_288' title='bbox 1017 2852 1043 2896; x_wconf 92' lang='lat' dir='ltr'>et</span> <span class='ocrx_word' id='word_1_289' title='bbox 1059 2846 1122 2897; x_wconf 87' lang='lat' dir='ltr'>ibid.</span> <span class='ocrx_word' id='word_1_290' title='bbox 1141 2845 1184 2908; x_wconf 90' lang='lat' dir='ltr'>IV,</span> <span class='ocrx_word' id='word_1_291' title='bbox 1194 2849 1218 2899; x_wconf 89' lang='lat'>3.</span> <span class='ocrx_word' id='word_1_292' title='bbox 1238 2851 1271 2911; x_wconf 82' lang='lat' dir='ltr'>[v.</span> <span class='ocrx_word' id='word_1_293' title='bbox 1292 2850 1334 2910; x_wconf 81' lang='grc'>11]</span> 
     </span>
    </p>

    <p class='ocr_par' dir='ltr' id='par_1_5' title="bbox 161 2912 1336 3253">
     <span class='ocr_line' id='line_1_35' title="bbox 161 2912 1336 2980; baseline 0.001 -17"><span class='ocrx_word' id='word_1_294' title='bbox 161 2921 164 2925; x_wconf 85' lang='grc'><em>“</em></span> <span class='ocrx_word' id='word_1_295' title='bbox 212 2912 344 2980; x_wconf 82' lang='lat' dir='ltr'>„Spiritus</span> <span class='ocrx_word' id='word_1_296' title='bbox 368 2914 412 2963; x_wconf 84' lang='lat' dir='ltr'>bio</span> <span class='ocrx_word' id='word_1_297' title='bbox 433 2928 484 2978; x_wconf 85' lang='lat' dir='ltr'>per</span> <span class='ocrx_word' id='word_1_298' title='bbox 507 2918 531 2963; x_wconf 86' lang='grc'>11</span> <span class='ocrx_word' id='word_1_299' title='bbox 554 2916 659 2977; x_wconf 64' lang='lat' dir='ltr'>patrm</span> <span class='ocrx_word' id='word_1_300' title='bbox 683 2914 776 2964; x_wconf 85' lang='lat' dir='ltr'>exisset</span> <span class='ocrx_word' id='word_1_301' title='bbox 797 2917 827 2964; x_wconf 85' lang='lat' dir='ltr'>in</span> <span class='ocrx_word' id='word_1_302' title='bbox 850 2915 958 2965; x_wconf 77' lang='lat' dir='ltr'>aeres.“</span> <span class='ocrx_word' id='word_1_303' title='bbox 984 2918 1010 2965; x_wconf 91' lang='lat' dir='ltr'>et</span> <span class='ocrx_word' id='word_1_304' title='bbox 1036 2917 1090 2967; x_wconf 80' lang='lat' dir='ltr'>Art.</span> <span class='ocrx_word' id='word_1_305' title='bbox 1108 2915 1191 2965; x_wconf 83' lang='lat' dir='ltr'>Amet.</span> <span class='ocrx_word' id='word_1_306' title='bbox 1208 2916 1259 2975; x_wconf 81' lang='lat'>111,</span> <span class='ocrx_word' id='word_1_307' title='bbox 1276 2918 1336 2967; x_wconf 72' lang='lat' dir='ltr'>lib.</span> 
     </span>
     <span class='ocr_line' id='line_1_36' title="bbox 214 2980 1335 3049; baseline 0.002 -18"><span class='ocrx_word' id='word_1_308' title='bbox 214 2981 302 3044; x_wconf 70' lang='lat' dir='ltr'>„Exit</span> <span class='ocrx_word' id='word_1_309' title='bbox 328 2985 355 3030; x_wconf 85' lang='lat' dir='ltr'>et</span> <span class='ocrx_word' id='word_1_310' title='bbox 370 2983 479 3031; x_wconf 82' lang='lat' dir='ltr'>incente</span> <span class='ocrx_word' id='word_1_311' title='bbox 494 2980 641 3048; x_wconf 78' lang='lat' dir='ltr'>paullatim</span> <span class='ocrx_word' id='word_1_312' title='bbox 654 2988 763 3048; x_wconf 85' lang='lat' dir='ltr'>pectore</span> <span class='ocrx_word' id='word_1_313' title='bbox 781 2982 872 3049; x_wconf 72' lang='lat' dir='ltr'>lapsus</span> <span class='ocrx_word' id='word_1_314' title='bbox 889 2981 1036 3049; x_wconf 68' lang='lat' dir='ltr'>decipitur</span> <span class='ocrx_word' id='word_1_315' title='bbox 1052 2985 1145 3032; x_wconf 81' lang='lat' dir='ltr'>miseri</span> <span class='ocrx_word' id='word_1_316' title='bbox 1160 2983 1268 3048; x_wconf 87' lang='lat' dir='ltr'>spiritus</span> <span class='ocrx_word' id='word_1_317' title='bbox 1288 3000 1335 3035; x_wconf 88' lang='lat' dir='ltr'>cre</span> 
     </span>
     <span class='ocr_line' id='line_1_37' title="bbox 214 3048 1332 3116; baseline 0.003 -17"><span class='ocrx_word' id='word_1_318' title='bbox 214 3052 292 3102; x_wconf 77' lang='lat' dir='ltr'>oiri.“</span> <span class='ocrx_word' id='word_1_319' title='bbox 326 3048 420 3100; x_wconf 87' lang='lat' dir='ltr'>Verum</span> <span class='ocrx_word' id='word_1_320' title='bbox 442 3049 485 3100; x_wconf 89' lang='lat' dir='ltr'>hic</span> <span class='ocrx_word' id='word_1_321' title='bbox 509 3049 648 3099; x_wconf 83' lang='lat' dir='ltr'>notandum</span> <span class='ocrx_word' id='word_1_322' title='bbox 672 3054 724 3112; x_wconf 87' lang='lat' dir='ltr'>est,</span> <span class='ocrx_word' id='word_1_323' title='bbox 748 3050 815 3115; x_wconf 91' lang='lat' dir='ltr'>quod</span> <span class='ocrx_word' id='word_1_324' title='bbox 839 3051 867 3100; x_wconf 89' lang='lat' dir='ltr'>in</span> <span class='ocrx_word' id='word_1_325' title='bbox 890 3049 931 3099; x_wconf 91' lang='lat' dir='ltr'>bis</span> <span class='ocrx_word' id='word_1_326' title='bbox 953 3050 1018 3101; x_wconf 85' lang='lat' dir='ltr'>locis</span> <span class='ocrx_word' id='word_1_327' title='bbox 1035 3049 1155 3116; x_wconf 76' lang='lat' dir='ltr'>Spiritus</span> <span class='ocrx_word' id='word_1_328' title='bbox 1177 3054 1236 3101; x_wconf 74' lang='lat' dir='ltr'>serit</span> <span class='ocrx_word' id='word_1_329' title='bbox 1251 3051 1281 3101; x_wconf 87' lang='lat' dir='ltr'>de</span> <span class='ocrx_word' id='word_1_330' title='bbox 1299 3052 1332 3102; x_wconf 83' lang='lat' dir='ltr'>iis</span> 
     </span>
     <span class='ocr_line' id='line_1_38' title="bbox 213 3117 1332 3183; baseline 0.001 -14"><span class='ocrx_word' id='word_1_331' title='bbox 213 3119 337 3170; x_wconf 84' lang='lat' dir='ltr'>duntexet</span> <span class='ocrx_word' id='word_1_332' title='bbox 354 3118 468 3183; x_wconf 84' lang='lat' dir='ltr'>dicetur,</span> <span class='ocrx_word' id='word_1_333' title='bbox 493 3118 538 3183; x_wconf 89' lang='lat' dir='ltr'>qui</span> <span class='ocrx_word' id='word_1_334' title='bbox 560 3117 706 3168; x_wconf 89' lang='lat' dir='ltr'>moribundi</span> <span class='ocrx_word' id='word_1_335' title='bbox 730 3120 840 3168; x_wconf 88' lang='lat' dir='ltr'>euimem</span> <span class='ocrx_word' id='word_1_336' title='bbox 866 3117 991 3183; x_wconf 83' lang='lat' dir='ltr'>expirent.</span> <span class='ocrx_word' id='word_1_337' title='bbox 1027 3118 1111 3174; x_wconf 84' lang='lat' dir='ltr'>Quare</span> <span class='ocrx_word' id='word_1_338' title='bbox 1132 3120 1165 3169; x_wconf 86' lang='lat' dir='ltr'>ed</span> <span class='ocrx_word' id='word_1_339' title='bbox 1189 3119 1332 3170; x_wconf 81' lang='lat' dir='ltr'>evitandum</span> 
     </span>
     <span class='ocr_line' id='line_1_39' title="bbox 212 3186 1245 3253; baseline 0.001 -16"><span class='ocrx_word' id='word_1_340' title='bbox 212 3186 373 3253; x_wconf 85' lang='lat' dir='ltr'>Ambiguum,</span> <span class='ocrx_word' id='word_1_341' title='bbox 392 3187 491 3238; x_wconf 80' lang='lat' dir='ltr'>uticem</span> <span class='ocrx_word' id='word_1_342' title='bbox 508 3186 600 3237; x_wconf 88' lang='lat' dir='ltr'>Noster</span> <span class='ocrx_word' id='word_1_343' title='bbox 617 3186 762 3251; x_wconf 79' lang='lat' dir='ltr'>scripsisset</span> <span class='ocrx_word' id='word_1_344' title='bbox 777 3187 872 3251; x_wconf 85' lang='lat' dir='ltr'>potius,</span> <span class='ocrx_word' id='word_1_345' title='bbox 889 3186 1030 3251; x_wconf 69' lang='lat' dir='ltr'>limentque</span> <span class='ocrx_word' id='word_1_346' title='bbox 1047 3186 1152 3237; x_wconf 76' lang='lat' dir='ltr'>Heliim</span> <span class='ocrx_word' id='word_1_347' title='bbox 1170 3192 1245 3238; x_wconf 84' lang='lat' dir='ltr'>ieter.</span> 
     </span>
    </p>

    <p class='ocr_par' dir='ltr' id='par_1_6' title="bbox 210 3253 1399 3524">
     <span class='ocr_line' id='line_1_40' title="bbox 280 3253 1331 3321; baseline -0.004 -14"><span class='ocrx_word' id='word_1_348' title='bbox 280 3258 322 3307; x_wconf 83' lang='grc'>30.</span> <span class='ocrx_word' id='word_1_349' title='bbox 340 3254 455 3321; x_wconf 88' lang='lat' dir='ltr'>Impice,</span> <span class='ocrx_word' id='word_1_350' title='bbox 479 3270 542 3305; x_wconf 81' lang='lat' dir='ltr'>ram</span> <span class='ocrx_word' id='word_1_351' title='bbox 566 3254 633 3319; x_wconf 81' lang='lat' dir='ltr'>quid</span> <span class='ocrx_word' id='word_1_352' title='bbox 646 3260 759 3319; x_wconf 79' lang='lat' dir='ltr'>potuere</span> <span class='ocrx_word' id='word_1_353' title='bbox 775 3257 871 3317; x_wconf 81' lang='lat' dir='ltr'>maius]</span> <span class='ocrx_word' id='word_1_354' title='bbox 895 3253 967 3305; x_wconf 85' lang='lat' dir='ltr'>Nem</span> <span class='ocrx_word' id='word_1_355' title='bbox 985 3254 1064 3320; x_wconf 81' lang='lat' dir='ltr'>quid,</span> <span class='ocrx_word' id='word_1_356' title='bbox 1088 3260 1115 3304; x_wconf 89' lang='lat' dir='ltr'>et</span> <span class='ocrx_word' id='word_1_357' title='bbox 1132 3256 1331 3306; x_wconf 75' lang='lat' dir='ltr'>membranacei</span> 
     </span>
     <span class='ocr_line' id='line_1_41' title="bbox 212 3321 1329 3388; baseline -0.001 -16"><span class='ocrx_word' id='word_1_358' title='bbox 212 3321 343 3373; x_wconf 85' lang='lat' dir='ltr'>editiones</span> <span class='ocrx_word' id='word_1_359' title='bbox 380 3323 454 3374; x_wconf 80' lang='lat' dir='ltr'>Solus</span> <span class='ocrx_word' id='word_1_360' title='bbox 472 3322 550 3373; x_wconf 83' lang='lat' dir='ltr'>codex</span> <span class='ocrx_word' id='word_1_361' title='bbox 567 3321 771 3387; x_wconf 82' lang='lat' dir='ltr'>Megdelenensis</span> <span class='ocrx_word' id='word_1_362' title='bbox 788 3337 804 3372; x_wconf 89' lang='lat' dir='ltr'>a</span> <span class='ocrx_word' id='word_1_363' title='bbox 821 3338 896 3372; x_wconf 82' lang='lat' dir='ltr'>manu</span> <span class='ocrx_word' id='word_1_364' title='bbox 914 3323 1039 3385; x_wconf 86' lang='lat' dir='ltr'>secunda,</span> <span class='ocrx_word' id='word_1_365' title='bbox 1062 3321 1190 3388; x_wconf 69' lang='lat' dir='ltr'>„Impiae</span> <span class='ocrx_word' id='word_1_366' title='bbox 1208 3321 1329 3387; x_wconf 86' lang='lat' dir='ltr'>numquid</span> 
     </span>
     <span class='ocr_line' id='line_1_42' title="bbox 210 3389 1399 3456; baseline 0.002 -17"><span class='ocrx_word' id='word_1_367' title='bbox 210 3395 323 3455; x_wconf 83' lang='lat' dir='ltr'>potuere</span> <span class='ocrx_word' id='word_1_368' title='bbox 339 3393 466 3443; x_wconf 81' lang='lat' dir='ltr'>maius?“</span> <span class='ocrx_word' id='word_1_369' title='bbox 490 3391 549 3441; x_wconf 87' lang='lat' dir='ltr'>Non</span> <span class='ocrx_word' id='word_1_370' title='bbox 565 3389 639 3443; x_wconf 80' lang='lat' dir='ltr'>mele.</span> <span class='ocrx_word' id='word_1_371' title='bbox 672 3390 746 3440; x_wconf 89' lang='lat' dir='ltr'>Nihil</span> <span class='ocrx_word' id='word_1_372' title='bbox 763 3396 847 3441; x_wconf 86' lang='lat' dir='ltr'>temen</span> <span class='ocrx_word' id='word_1_373' title='bbox 864 3391 1027 3453; x_wconf 82' lang='lat' dir='ltr'>mutaverim,</span> <span class='ocrx_word' id='word_1_374' title='bbox 1051 3392 1104 3441; x_wconf 89' lang='lat' dir='ltr'>nisi</span> <span class='ocrx_word' id='word_1_375' title='bbox 1122 3406 1137 3441; x_wconf 88' lang='lat' dir='ltr'>e</span> <span class='ocrx_word' id='word_1_376' title='bbox 1153 3392 1238 3456; x_wconf 85' lang='lat' dir='ltr'>prime</span> <span class='ocrx_word' id='word_1_377' title='bbox 1256 3405 1327 3441; x_wconf 88' lang='lat' dir='ltr'>menn</span> <span class='ocrx_word' id='word_1_378' title='bbox 1398 3394 1399 3441; x_wconf 57' lang='lat' dir='ltr'>i</span> 
     </span>
     <span class='ocr_line' id='line_1_43' title="bbox 213 3456 718 3524; baseline 0 -17"><span class='ocrx_word' id='word_1_379' title='bbox 213 3456 291 3507; x_wconf 83' lang='lat' dir='ltr'>codex</span> <span class='ocrx_word' id='word_1_380' title='bbox 308 3456 402 3521; x_wconf 75' lang='lat' dir='ltr'>aliquis</span> <span class='ocrx_word' id='word_1_381' title='bbox 420 3457 551 3524; x_wconf 83' lang='lat' dir='ltr'>numquid</span> <span class='ocrx_word' id='word_1_382' title='bbox 567 3458 718 3508; x_wconf 86' lang='lat' dir='ltr'>exhibuerit.</span> 
     </span>
    </p>

    <p class='ocr_par' dir='ltr' id='par_1_7' title="bbox 213 3522 1327 3660">
     <span class='ocr_line' id='line_1_44' title="bbox 281 3522 1327 3591; baseline -0.002 -14"><span class='ocrx_word' id='word_1_383' title='bbox 281 3526 320 3577; x_wconf 81' lang='grc'>36.</span> <span class='ocrx_word' id='word_1_384' title='bbox 345 3522 382 3573; x_wconf 81' lang='lat' dir='ltr'>lii</span> <span class='ocrx_word' id='word_1_385' title='bbox 404 3527 433 3575; x_wconf 82' lang='lat' dir='ltr'>ia</span> <span class='ocrx_word' id='word_1_386' title='bbox 457 3541 533 3576; x_wconf 81' lang='lat' dir='ltr'>omne</span> <span class='ocrx_word' id='word_1_387' title='bbox 555 3529 634 3591; x_wconf 82' lang='lat' dir='ltr'>virgo</span> <span class='ocrx_word' id='word_1_388' title='bbox 651 3524 757 3577; x_wconf 79' lang='lat' dir='ltr'>Nobilis</span> <span class='ocrx_word' id='word_1_389' title='bbox 775 3527 877 3589; x_wconf 84' lang='lat' dir='ltr'>occare]</span> <span class='ocrx_word' id='word_1_390' title='bbox 895 3524 1001 3577; x_wconf 80' lang='lat' dir='ltr'>Nobilis</span> <span class='ocrx_word' id='word_1_391' title='bbox 1025 3526 1120 3576; x_wconf 86' lang='lat' dir='ltr'>hebent</span> <span class='ocrx_word' id='word_1_392' title='bbox 1141 3542 1241 3589; x_wconf 89' lang='lat' dir='ltr'>omnes,</span> <span class='ocrx_word' id='word_1_393' title='bbox 1264 3524 1327 3590; x_wconf 88' lang='lat' dir='ltr'>qued</span> 
     </span>
     <span class='ocr_line' id='line_1_45' title="bbox 213 3591 1325 3660; baseline 0.002 -19"><span class='ocrx_word' id='word_1_394' title='bbox 213 3592 305 3653; x_wconf 88' lang='lat' dir='ltr'>sciam,</span> <span class='ocrx_word' id='word_1_395' title='bbox 331 3595 357 3642; x_wconf 92' lang='lat' dir='ltr'>et</span> <span class='ocrx_word' id='word_1_396' title='bbox 373 3591 447 3643; x_wconf 78' lang='lat' dir='ltr'>Editi</span> <span class='ocrx_word' id='word_1_397' title='bbox 465 3597 490 3643; x_wconf 92' lang='grc'>11</span> <span class='ocrx_word' id='word_1_398' title='bbox 507 3593 611 3659; x_wconf 81' lang='lat' dir='ltr'>Scripti.</span> <span class='ocrx_word' id='word_1_399' title='bbox 646 3594 767 3644; x_wconf 85' lang='lat' dir='ltr'>Barthius</span> <span class='ocrx_word' id='word_1_400' title='bbox 785 3597 868 3645; x_wconf 88' lang='lat' dir='ltr'>temen</span> <span class='ocrx_word' id='word_1_401' title='bbox 887 3595 919 3645; x_wconf 90' lang='lat' dir='ltr'>ed</span> <span class='ocrx_word' id='word_1_402' title='bbox 937 3593 1104 3645; x_wconf 76' lang='lat' dir='ltr'>Claudianum</span> <span class='ocrx_word' id='word_1_403' title='bbox 1122 3610 1195 3645; x_wconf 88' lang='lat' dir='ltr'>suum</span> <span class='ocrx_word' id='word_1_404' title='bbox 1213 3611 1239 3660; x_wconf 89' lang='lat' dir='ltr'>p.</span> <span class='ocrx_word' id='word_1_405' title='bbox 1257 3596 1325 3646; x_wconf 79' lang='lat'>1225.</span> 
     </span>
    </p>

    <p class='ocr_par' dir='ltr' id='par_1_8' title="bbox 211 3659 1325 3727">
     <span class='ocr_line' id='line_1_46' title="bbox 211 3659 1325 3727; baseline 0.001 -17"><span class='ocrx_word' id='word_1_406' title='bbox 211 3660 250 3724; x_wconf 84' lang='lat' dir='ltr'>{iu</span> <span class='ocrx_word' id='word_1_407' title='bbox 267 3659 352 3712; x_wconf 89' lang='lat' dir='ltr'>Rufln.</span> <span class='ocrx_word' id='word_1_408' title='bbox 369 3661 404 3722; x_wconf 89' lang='grc' dir='ltr'>ΙΙ,</span> <span class='ocrx_word' id='word_1_409' title='bbox 415 3662 475 3723; x_wconf 81' lang='grc'><strong>226]</strong></span> <span class='ocrx_word' id='word_1_410' title='bbox 493 3660 548 3726; x_wconf 84' lang='lat' dir='ltr'>„Le</span> <span class='ocrx_word' id='word_1_411' title='bbox 568 3661 691 3727; x_wconf 68' lang='lat' dir='ltr'>endumr,</span> <span class='ocrx_word' id='word_1_412' title='bbox 708 3661 802 3727; x_wconf 87' lang='lat' dir='ltr'>inquit,</span> <span class='ocrx_word' id='word_1_413' title='bbox 821 3660 934 3727; x_wconf 88' lang='lat' dir='ltr'>„nubilis</span> <span class='ocrx_word' id='word_1_414' title='bbox 951 3678 986 3713; x_wconf 77' lang='lat' dir='ltr'>es</span> <span class='ocrx_word' id='word_1_415' title='bbox 1002 3665 1185 3714; x_wconf 76' lang='grc' dir='ltr'><strong>11111111εεὶ1ιὺ</strong></span> <span class='ocrx_word' id='word_1_416' title='bbox 1203 3662 1325 3714; x_wconf 78' lang='lat' dir='ltr'>Membre-</span> 
     </span>
    </p>

    <p class='ocr_par' dir='ltr' id='par_1_9' title="bbox 212 3727 1325 3796">
     <span class='ocr_line' id='line_1_47' title="bbox 212 3727 1325 3796; baseline 0 -17"><span class='ocrx_word' id='word_1_417' title='bbox 212 3732 262 3794; x_wconf 83' lang='lat' dir='ltr'>ais,</span> <span class='ocrx_word' id='word_1_418' title='bbox 281 3743 335 3780; x_wconf 83' lang='lat' dir='ltr'>nors</span> <span class='ocrx_word' id='word_1_419' title='bbox 345 3727 447 3779; x_wconf 86' lang='lat' dir='ltr'>Nobilis</span> <span class='ocrx_word' id='word_1_420' title='bbox 464 3734 496 3779; x_wconf 83' lang='lat' dir='ltr'>et</span> <span class='ocrx_word' id='word_1_421' title='bbox 513 3745 547 3780; x_wconf 83' lang='lat' dir='ltr'>cu</span> <span class='ocrx_word' id='word_1_422' title='bbox 577 3745 601 3780; x_wconf 91' lang='lat' dir='ltr'>c.</span> <span class='ocrx_word' id='word_1_423' title='bbox 626 3730 723 3781; x_wconf 81' lang='lat' dir='ltr'>Dicere</span> <span class='ocrx_word' id='word_1_424' title='bbox 741 3733 811 3780; x_wconf 86' lang='lat' dir='ltr'>enim</span> <span class='ocrx_word' id='word_1_425' title='bbox 829 3731 888 3782; x_wconf 82' lang='lat' dir='ltr'>cult</span> <span class='ocrx_word' id='word_1_426' title='bbox 904 3732 1133 3795; x_wconf 77' lang='lat' dir='ltr'>ingeniosissimus</span> <span class='ocrx_word' id='word_1_427' title='bbox 1140 3734 1230 3796; x_wconf 80' lang='lat' dir='ltr'>poete,</span> <span class='ocrx_word' id='word_1_428' title='bbox 1247 3735 1325 3781; x_wconf 84' lang='lat' dir='ltr'>ueter-</span> 
     </span>
    </p>

    <p class='ocr_par' dir='ltr' id='par_1_10' title="bbox 210 3796 1399 4069">
     <span class='ocr_line' id='line_1_48' title="bbox 212 3796 1324 3864; baseline 0.002 -17"><span class='ocrx_word' id='word_1_429' title='bbox 212 3813 264 3848; x_wconf 84' lang='lat' dir='ltr'>nee</span> <span class='ocrx_word' id='word_1_430' title='bbox 286 3796 393 3862; x_wconf 80' lang='lat' dir='ltr'>glories</span> <span class='ocrx_word' id='word_1_431' title='bbox 419 3797 492 3848; x_wconf 84' lang='lat' dir='ltr'>velut</span> <span class='ocrx_word' id='word_1_432' title='bbox 517 3798 610 3863; x_wconf 90' lang='lat' dir='ltr'>nuptui</span> <span class='ocrx_word' id='word_1_433' title='bbox 636 3798 728 3849; x_wconf 80' lang='lat' dir='ltr'>dotem</span> <span class='ocrx_word' id='word_1_434' title='bbox 751 3813 808 3848; x_wconf 84' lang='lat' dir='ltr'>eam</span> <span class='ocrx_word' id='word_1_435' title='bbox 835 3801 982 3864; x_wconf 75' lang='lat' dir='ltr'>uirginem,</span> <span class='ocrx_word' id='word_1_436' title='bbox 1012 3800 1076 3863; x_wconf 82' lang='lat' dir='ltr'>quie</span> <span class='ocrx_word' id='word_1_437' title='bbox 1094 3803 1183 3849; x_wconf 81' lang='lat' dir='ltr'>terum</span> <span class='ocrx_word' id='word_1_438' title='bbox 1198 3798 1324 3863; x_wconf 77' lang='lat' dir='ltr'>genialem</span> 
     </span>
     <span class='ocr_line' id='line_1_49' title="bbox 210 3865 1399 3932; baseline -0.001 -16"><span class='ocrx_word' id='word_1_439' title='bbox 210 3865 299 3916; x_wconf 81' lang='lat' dir='ltr'>noluit</span> <span class='ocrx_word' id='word_1_440' title='bbox 317 3868 382 3916; x_wconf 82' lang='lat' dir='ltr'>noui</span> <span class='ocrx_word' id='word_1_441' title='bbox 396 3867 825 3931; x_wconf 67' lang='grc' dir='ltr'><strong>11111111111131111111111οεὶ11111,</strong></span> <span class='ocrx_word' id='word_1_442' title='bbox 843 3866 916 3932; x_wconf 83' lang='lat' dir='ltr'>quod</span> <span class='ocrx_word' id='word_1_443' title='bbox 927 3872 967 3917; x_wconf 85' lang='lat' dir='ltr'>tet</span> <span class='ocrx_word' id='word_1_444' title='bbox 977 3868 1061 3931; x_wconf 78' lang='lat' dir='ltr'>ipsius</span> <span class='ocrx_word' id='word_1_445' title='bbox 1068 3882 1175 3916; x_wconf 79' lang='lat' dir='ltr'>sorores</span> <span class='ocrx_word' id='word_1_446' title='bbox 1182 3865 1325 3928; x_wconf 71' lang='grc' dir='ltr'>11111111α</span> <span class='ocrx_word' id='word_1_447' title='bbox 1397 3874 1399 3929; x_wconf 71' lang='grc'>1</span> 
     </span>
     <span class='ocr_line' id='line_1_50' title="bbox 211 3933 1399 3999; baseline -0.003 -14"><span class='ocrx_word' id='word_1_448' title='bbox 211 3934 276 3985; x_wconf 88' lang='lat' dir='ltr'>Vide</span> <span class='ocrx_word' id='word_1_449' title='bbox 294 3933 384 3999; x_wconf 86' lang='lat' dir='ltr'>quenti</span> <span class='ocrx_word' id='word_1_450' title='bbox 401 3933 436 3983; x_wconf 91' lang='lat' dir='ltr'>sit</span> <span class='ocrx_word' id='word_1_451' title='bbox 452 3948 548 3998; x_wconf 89' lang='lat' dir='ltr'>sepere.</span> <span class='ocrx_word' id='word_1_452' title='bbox 583 3933 640 3984; x_wconf 82' lang='lat' dir='ltr'>sibi</span> <span class='ocrx_word' id='word_1_453' title='bbox 663 3939 731 3985; x_wconf 90' lang='lat' dir='ltr'>certe</span> <span class='ocrx_word' id='word_1_454' title='bbox 753 3933 835 3985; x_wconf 85' lang='lat' dir='ltr'>bellus</span> <span class='ocrx_word' id='word_1_455' title='bbox 858 3935 934 3984; x_wconf 89' lang='lat' dir='ltr'>homo</span> <span class='ocrx_word' id='word_1_456' title='bbox 958 3934 1028 3985; x_wconf 87' lang='lat' dir='ltr'>visus</span> <span class='ocrx_word' id='word_1_457' title='bbox 1052 3939 1103 3996; x_wconf 88' lang='lat' dir='ltr'>est,</span> <span class='ocrx_word' id='word_1_458' title='bbox 1127 3950 1185 3985; x_wconf 91' lang='lat' dir='ltr'>cnm</span> <span class='ocrx_word' id='word_1_459' title='bbox 1207 3934 1324 3985; x_wconf 85' lang='lat' dir='ltr'>insulsum</span> <span class='ocrx_word' id='word_1_460' title='bbox 1398 3938 1399 3989; x_wconf 69' lang='grc'>1</span> 
     </span>
     <span class='ocr_line' id='line_1_51' title="bbox 210 4000 1324 4069; baseline -0.001 -17"><span class='ocrx_word' id='word_1_461' title='bbox 210 4002 257 4053; x_wconf 91' lang='lat' dir='ltr'>hoc</span> <span class='ocrx_word' id='word_1_462' title='bbox 275 4006 301 4052; x_wconf 93' lang='lat' dir='ltr'>et</span> <span class='ocrx_word' id='word_1_463' title='bbox 318 4001 470 4053; x_wconf 78' lang='lat' dir='ltr'>refutatione</span> <span class='ocrx_word' id='word_1_464' title='bbox 488 4000 623 4065; x_wconf 73' lang='lat' dir='ltr'>iudignum</span> <span class='ocrx_word' id='word_1_465' title='bbox 639 4002 756 4066; x_wconf 87' lang='lat' dir='ltr'>protulit.</span> <span class='ocrx_word' id='word_1_466' title='bbox 790 4001 884 4052; x_wconf 87' lang='lat' dir='ltr'>Verum</span> <span class='ocrx_word' id='word_1_467' title='bbox 901 4003 1022 4054; x_wconf 89' lang='lat' dir='ltr'>nimirum</span> <span class='ocrx_word' id='word_1_468' title='bbox 1040 4006 1102 4064; x_wconf 88' lang='lat' dir='ltr'>eret,</span> <span class='ocrx_word' id='word_1_469' title='bbox 1121 4002 1189 4068; x_wconf 89' lang='lat' dir='ltr'>qnod</span> <span class='ocrx_word' id='word_1_470' title='bbox 1206 4019 1236 4053; x_wconf 87' lang='lat' dir='ltr'>ex</span> <span class='ocrx_word' id='word_1_471' title='bbox 1252 4006 1324 4069; x_wconf 89' lang='lat' dir='ltr'>puteo</span> 
     </span>
    </p>

    <p class='ocr_par' dir='ltr' id='par_1_11' title="bbox 208 4060 1399 4269">
     <span class='ocr_line' id='line_1_52' title="bbox 209 4060 1399 4139; baseline 0.001 -20"><span class='ocrx_word' id='word_1_472' title='bbox 209 4086 256 4120; x_wconf 92' lang='lat' dir='ltr'>suo</span> <span class='ocrx_word' id='word_1_473' title='bbox 273 4070 432 4121; x_wconf 86' lang='lat' dir='ltr'>Democritus</span> <span class='ocrx_word' id='word_1_474' title='bbox 449 4070 548 4131; x_wconf 79' lang='lat' dir='ltr'>hausit,</span> <span class='ocrx_word' id='word_1_475' title='bbox 575 4066 625 4131; x_wconf 75' lang='grc' dir='ltr'>τὴν</span> <span class='ocrx_word' id='word_1_476' title='bbox 640 4067 817 4139; x_wconf 71' lang='grc' dir='ltr'><strong><em>πολυμαθίαν</em></strong></span> <span class='ocrx_word' id='word_1_477' title='bbox 840 4071 908 4120; x_wconf 75' lang='grc' dir='ltr'>νοῦν</span> <span class='ocrx_word' id='word_1_478' title='bbox 931 4064 962 4120; x_wconf 79' lang='lat' dir='ltr'>eri</span> <span class='ocrx_word' id='word_1_479' title='bbox 981 4065 1134 4128; x_wconf 74' lang='grc' dir='ltr'>διδάσκειν,</span> <span class='ocrx_word' id='word_1_480' title='bbox 1165 4071 1324 4122; x_wconf 78' lang='lat' dir='ltr'>multiferiem</span> <span class='ocrx_word' id='word_1_481' title='bbox 1397 4060 1399 4133; x_wconf 72' lang='grc'>1</span> 
     </span>
     <span class='ocr_line' id='line_1_53' title="bbox 210 4137 1324 4207; baseline 0.002 -20"><span class='ocrx_word' id='word_1_482' title='bbox 210 4137 344 4189; x_wconf 87' lang='lat' dir='ltr'>lectionem</span> <span class='ocrx_word' id='word_1_483' title='bbox 360 4138 456 4189; x_wconf 86' lang='lat' dir='ltr'>nemini</span> <span class='ocrx_word' id='word_1_484' title='bbox 474 4137 587 4188; x_wconf 80' lang='lat' dir='ltr'>conferre</span> <span class='ocrx_word' id='word_1_485' title='bbox 604 4144 713 4207; x_wconf 84' lang='lat' dir='ltr'>mentem</span> <span class='ocrx_word' id='word_1_486' title='bbox 730 4144 757 4188; x_wconf 92' lang='lat' dir='ltr'>et</span> <span class='ocrx_word' id='word_1_487' title='bbox 773 4138 911 4201; x_wconf 68' lang='lat' dir='ltr'>indicium</span> <span class='ocrx_word' id='word_1_488' title='bbox 929 4138 1025 4205; x_wconf 86' lang='lat' dir='ltr'>quippe</span> <span class='ocrx_word' id='word_1_489' title='bbox 1042 4152 1105 4203; x_wconf 78' lang='lat' dir='ltr'>quse</span> <span class='ocrx_word' id='word_1_490' title='bbox 1116 4138 1165 4189; x_wconf 91' lang='lat' dir='ltr'>Dei</span> <span class='ocrx_word' id='word_1_491' title='bbox 1183 4144 1209 4190; x_wconf 92' lang='lat' dir='ltr'>et</span> <span class='ocrx_word' id='word_1_492' title='bbox 1218 4139 1324 4190; x_wconf 75' lang='lat' dir='ltr'>Nelurus</span> 
     </span>
     <span class='ocr_line' id='line_1_54' title="bbox 208 4203 822 4269; baseline 0.007 -16"><span class='ocrx_word' id='word_1_493' title='bbox 208 4203 276 4255; x_wconf 82' lang='lat' dir='ltr'>dens</span> <span class='ocrx_word' id='word_1_494' title='bbox 293 4211 361 4266; x_wconf 89' lang='lat' dir='ltr'>suut,</span> <span class='ocrx_word' id='word_1_495' title='bbox 379 4222 429 4256; x_wconf 87' lang='lat' dir='ltr'>non</span> <span class='ocrx_word' id='word_1_496' title='bbox 447 4211 549 4257; x_wconf 84' lang='lat' dir='ltr'>nostrae</span> <span class='ocrx_word' id='word_1_497' title='bbox 567 4221 659 4269; x_wconf 82' lang='lat' dir='ltr'>operes</span> <span class='ocrx_word' id='word_1_498' title='bbox 677 4212 703 4257; x_wconf 87' lang='lat' dir='ltr'>et</span> <span class='ocrx_word' id='word_1_499' title='bbox 720 4205 822 4257; x_wconf 77' lang='lat' dir='ltr'>laboris.</span> 
     </span>
    </p>
   </div>
   <div class='ocr_carea' id='block_1_5' title="bbox 0 0 1410 4764">
    <p class='ocr_par' dir='ltr' id='par_1_12' title="bbox 0 0 1410 4764">
     <span class='ocr_line' id='line_1_55' title="bbox 0 0 1410 4764; baseline 0 4"><span class='ocrx_word' id='word_1_500' title='bbox 0 0 1410 4764; x_wconf 95' lang='lat' dir='ltr'> </span> 
     </span>
    </p>
   </div>
  </div>
 </body>
</html>
