2840 4752
210 250 272 312 512
594 259 626 320 q.
648 259 790 309 nonnum
810 261 935 311 snacm
1353 10 1410 391 W

271 398 396 478 Urguet
417 396 500 461 enim
523 392 670 460 dominus
690 404 828 460 mentem
850 415 914 461 non
935 398 1027 474 ienis,
1049 405 1081 465 et
1101 404 1184 470 aeris

272 480 436 550 Subiectat
456 482 542 546 lassu
565 479 720 557 stimulos,
743 487 912 564 versatque
934 493 1112 564 negantem.
1162 550 1168 554 .

227 580 258 632 95
272 569 332 633 Vel
353 586 425 632 cum
447 564 605 631 Pausiaca
626 571 742 650 torpes,
764 566 886 645 insane,
910 568 1043 649 tabella;

271 652 334 731 Qui
355 670 470 737 peccas
491 650 597 716 miuus
619 657 716 734 atque
739 670 810 733 ego,
832 670 904 735 cum
925 653 1021 720 Fulvi
1042 655 1256 743 Rutubaeque

269 741 335 803 Aut
355 735 550 803 Placideiuni
573 742 718 801 contento
741 735 860 822 poplite
882 737 979 803 miror

268 822 404 899 Praelia‚
426 819 552 887 rubrica
573 821 659 906 picta
680 828 737 886 aut
757 822 904 903 carbone,
927 823 1015 890 velut
1037 826 1064 891 si

268 910 314 974 Re
336 928 412 973 vera
433 914 586 993 pugnent,
610 907 736 981 ferient,
758 907 921 990 vitentque
942 918 1105 978 moventes

207 1007 250 1055 roo
272 996 370 1061 Arma
391 992 472 1058 riri?
494 1011 632 1074 nequam
654 999 686 1057 et
707 999 849 1058 cessator
869 995 995 1060 Davus:
1019 1002 1052 1060 at
1072 996 1142 1082 ipse

270 1078 403 1144 Subtilis
423 1084 567 1145 veterum
588 1075 694 1152 iudex,
716 1082 748 1141 et
770 1077 905 1144 eutlidus
925 1078 1029 1145 audis.

267 1165 321 1230 Nil
343 1182 415 1246 ego,
438 1162 465 1228 si
488 1161 586 1227 ducor
607 1161 671 1226 libo
693 1161 850 1228 fumante:
873 1162 930 1228 tibi
951 1165 1065 1248 ingens
1166 1190 1169 1195 ’

267 1249 376 1315 Virtus
397 1254 494 1330 atque
515 1246 641 1312 animus
663 1247 750 1312 cenis
772 1255 939 1333 responsat
960 1249 1097 1335 opimis?

267 1333 465 1416 Obsequium
487 1331 606 1399 ventris
628 1331 705 1397 mihi
727 1332 934 1417 perniciosius
957 1341 1006 1400 est
1027 1338 1105 1403 cur?

204 1430 248 1482 105
269 1423 375 1501 Terga
398 1419 519 1505 plector
541 1416 641 1481 enim:
665 1422 720 1500 qui
742 1424 777 1483 tu
797 1417 970 1503 inpunitior
991 1419 1056 1498 illa,

267 1505 357 1583 Quae
379 1523 478 1589 parvo
501 1503 584 1568 sumi
605 1510 776 1584 nequeunt,
800 1503 933 1569 obsonia
954 1505 1086 1590 captas?

264 1593 389 1675 Nempe
410 1589 644 1653 inamarescunt
665 1589 780 1672 epulae
802 1589 871 1653 sine
892 1589 955 1655 fine
977 1591 1110 1674 petitae;

264 1675 429 1757 Inlusique
450 1673 550 1758 pedes
571 1671 720 1739 vitiosum
742 1673 826 1739 ferre
846 1681 995 1740 recusant

266 1762 399 1847 Corpus.
444 1779 486 1823 an
507 1757 558 1823 bic
579 1764 700 1843 peccat,
722 1759 783 1825 sub
804 1765 929 1825 noctem
952 1756 1007 1842 qui
1028 1778 1109 1846 puer
1131 1782 1228 1829 uvam

555 1875 578 1908 r.
598 1862 656 1912 106.
675 1858 747 1924 ang.
767 1859 832 1911 Cum
849 1860 963 1910 obsonia.

200 1965 301 2032 nequid
317 1966 424 2015 esteroi
444 1978 493 2026 per
510 1962 566 2012 leue
581 1964 686 2012 morari
707 1961 826 2012 veteut“:
839 1962 959 2021 ,aiterum
976 1964 1023 2013 boc
1039 1963 1182 2014 Stoicorum
1208 1966 1322 2017 effatum.

200 2035 327 2087 Ausonius
345 2032 419 2099 Idyll.
437 2029 506 2081 XVI.
532 2028 567 2094 [v.
586 2031 611 2091 5]
647 2027 716 2090 „Vir
733 2030 816 2080 bouus
833 2036 859 2080 et
875 2033 994 2095 sepiens,
1013 2032 1117 2096 qualem
1135 2036 1183 2085 uia
1200 2038 1325 2100 repperit

200 2118 283 2153 unum
300 2100 419 2151 oraturus
437 2115 451 2148 e
467 2097 558 2148 multis
576 2098 712 2147 bominum
730 2098 865 2148 consultas
876 2098 981 2163 Apollo,
999 2099 1084 2150 Iudex
1101 2103 1157 2166 ipse
1174 2104 1220 2150 sui
1236 2107 1323 2153 totum
1409 2148 1410 2155 ,

198 2189 226 2221 se
245 2171 369 2235 emptoret
387 2167 571 2230 adempturum
598 2164 669 2228 Quid
684 2180 807 2230 proceres
824 2169 939 2231 uanique
954 2166 1027 2227 feret
1043 2168 1110 2232 quid
1126 2171 1217 2234 opinio
1236 2171 1322 2233 outgr',

198 2240 331 2299 Securum
349 2236 443 2286 mandi
453 2238 540 2284 taeter
553 2233 660 2295 tuberes,
678 2241 743 2283 teres
760 2238 836 2298 atque
846 2235 978 2299 rotundus,
996 2235 1123 2285 Externae
1140 2236 1238 2302 nequid
1254 2238 1323 2288 labis

198 2323 245 2373 per
261 2306 328 2357 levia
346 2305 439 2355 sidat.“
473 2301 524 2357 Qui
542 2302 613 2351 locus
631 2317 694 2365 pene
712 2300 863 2352 adverbum
881 2318 911 2352 ex
928 2302 1037 2353 Horatio
1055 2319 1195 2368 expressus,
1223 2306 1262 2355 rel
1279 2323 1320 2359 so-

198 2376 238 2426 lus
256 2374 389 2424 admonere
406 2371 492 2438 potuit
504 2370 665 2435 interpretes,
683 2371 744 2420 haec
762 2370 916 2434 aptioribus
934 2370 1103 2436 disiungenda
1121 2388 1184 2424 esse.
1211 2374 1322 2439 Sapiens
1408 2406 1409 2419 τ

199 2448 270 2494 totus
287 2445 316 2492 ire
333 2458 361 2492 ae
378 2444 435 2506 ipso
454 2444 504 2488 est:
527 2438 594 2488 idem
612 2438 806 2499 estrotundus,
825 2444 944 2502 etvteres,
961 2438 1009 2489 boo
1027 2443 1072 2501 est,
1090 2440 1153 2490 levis
1171 2446 1197 2491 et
1215 2444 1329 2492 minime·
1408 2442 1409 2505 j

198 2512 293 2572 scaber,
311 2509 374 2559 adeo
392 2514 421 2558 ut
438 2507 504 2557 nihil
522 2506 581 2557 vitii
598 2511 644 2555 aut
660 2506 726 2556 labis
744 2506 879 2557 adhaerere
890 2507 914 2556 ei
924 2508 1007 2573 possit
1018 2508 1182 2560 extrinsecus.
1208 2510 1320 2560 Erudite
1408 2508 1409 2579 ᾗ

198 2584 282 2629 autem
299 2578 440 2640 Ausonius,
457 2573 552 2625 mnndi
568 2578 655 2625 instar
672 2575 782 2634 babeam
807 2575 901 2639 quippe
925 2590 956 2624 ex
980 2576 1111 2640 sphaerica
1128 2576 1221 2628 Mundi
1238 2579 1321 2644 figura
1408 2592 1409 2597 ¹

197 2649 259 2697 haec
276 2646 424 2710 metaphora
441 2643 557 2693 nannete
575 2647 619 2694 est.
656 2641 728 2697 Quod
745 2641 911 2707 Empedocles
929 2643 959 2693 de
976 2643 1072 2693 Mundo
1090 2643 1203 2707 dixerat,
1226 2644 1255 2696 id
1273 2649 1319 2696 Sa·
1407 2680 1408 2693 t

197 2715 280 2780 pienti
297 2714 452 2779 adaptarunt
469 2711 565 2773 Stoici,
582 2712 713 2776 Σφαῖρον
728 2709 888 2777 κυκλοτερῆ,
911 2709 1059 2776 Spbaerom
1077 2728 1135 2762 earn
1154 2729 1208 2763 erse
1225 2720 1318 2764 rotun-
1407 2742 1408 2775 3

198 2783 267 2834 dom.
302 2780 365 2831 Inde
381 2781 482 2830 Marcus
500 2779 622 2829 Antonin.
641 2778 718 2841 VIII,
736 2781 778 2830 41.
806 2781 889 2842 [extu]
923 2778 1037 2829 Mentem
1055 2781 1126 2833 nebit
1141 2781 1255 2845 impedit
1271 2788 1320 2833 eut
1407 2814 1408 2819 =

196 2853 323 2915 attingit,
348 2844 415 2899 ὅταν
437 2846 550 2914 γένηται
565 2849 695 2914 Σφαῖρος
717 2843 890 2913 κυκλοτερὴς,
915 2848 963 2897 ubi
984 2847 1060 2908 facte
1077 2848 1169 2910 suerit,
1186 2850 1318 2914 sphaerae

196 2923 292 2982 r'restar,
311 2924 377 2967 teres
395 2922 421 2966 et
436 2916 579 2966 rotunde.“
602 2914 705 2976 EtXII,
722 2916 747 2967 3.
775 2912 847 2965 Trou
866 2915 930 2965 seille
937 2930 1116 2981 generosaque
1131 2918 1213 2967 uitam
1231 2923 1318 2968 truns-

202 2990 267 3049 ‘ee,
294 2981 343 3037 ἐὰν
364 2980 479 3051 ποιήσῃς
503 2977 627 3040 σεαυτὸν,
654 2970 710 3037 οἷος
734 2931 960 3049 ὃΕμπελόκλετος
985 2984 1129 3051 ,βφαῖρος
1148 2983 1317 3052 κυκλοτερὴς,
1406 3008 1407 3041 r

195 3002 256 3123 ἕλκῃ
277 3052 403 3121 περιηγέι·
417 3049 536 3118 paterer:
560 3053 586 3100 st
601 3050 697 3111 leceris
715 3056 740 3100 te
758 3051 845 3113 telem,
863 3050 951 3117 qreolr's
968 3052 1083 3103 raaudus
1100 3052 1144 3101 bie
1159 3051 1321 3121 Empedocli

196 3124 305 3184 diuitem,
324 3122 420 3185 „Orbis
437 3121 647 3180 accensebatur,
665 3122 725 3183 iugi
742 3122 871 3184 oertr'grtm
885 3118 1032 3184 gaudens.“
1055 3118 1100 3169 ubi
1119 3117 1179 3186 disp
1198 3137 1316 3186 reposue-

194 3197 257 3243 runt
273 3190 322 3241 riri
341 3190 428 3253 magni
446 3203 476 3237 ex
493 3188 647 3237 coniectura.
682 3188 807 3237 Antonini
831 3187 958 3253 exemplar
974 3188 1053 3257 κορῇς
1081 3187 1127 3237 alii
1145 3189 1228 3238 citant
1244 3190 1315 3257 μονῇ

196 3259 235 3309 rel
257 3259 354 3325 μουνῇ.
389 3256 499 3306 Omnino
524 3251 584 3321 disp
608 3254 733 3321 περιηγέϊ
754 3271 804 3306 non
822 3255 918 3320 placet:
946 3272 1026 3320 neque
1044 3255 1111 3306 enim
1129 3255 1225 3307 dixeris
1243 3263 1315 3308 motu

195 3327 324 3377 rotrmrlo:
343 3323 410 3388 quod
428 3321 573 3373 rotundum
591 3327 636 3381 est,
655 3327 700 3372 aut
716 3324 797 3387 figura
812 3324 861 3373 erit
873 3328 919 3373 aut
931 3339 1030 3389 corpus.
1057 3323 1134 3384 Quid,
1148 3325 1217 3388 quod
1229 3324 1315 3386 nabet,
1405 3358 1406 3363 =

195 3393 283 3453 credo,
310 3392 410 3443 Marcus
434 3390 574 3454 sapientem
592 3406 664 3440 snum
681 3390 822 3441 infortunio
839 3396 963 3454 mactare,
992 3397 1020 3441 nt
1042 3396 1164 3458 perpetue
1189 3393 1317 3457 vertigine

193 3463 291 3515 Ixionis
309 3462 391 3511 instar
406 3462 539 3511 rotaretur.
575 3457 658 3513 Quare
675 3459 748 3522 ride,
772 3474 857 3509 annon
876 3456 944 3527 ζώνῃ
964 3457 1088 3526 περιηγέϊ
1102 3475 1171 3510 zoae
1188 3461 1315 3521 robanda,

193 3531 233 3582 vel
250 3526 337 3594 xoirp,
364 3528 470 3588 trocho,
496 3527 614 3591 rhombo,
641 3528 753 3591 turbine,
779 3526 819 3577 vel
835 3529 933 3596 μορφῇ
959 3528 1063 3592 signore,
1087 3527 1127 3577 vel
1145 3527 1229 3580 simile
1255 3529 1316 3593 quid
1380 3570 1405 3581 ,,

193 3601 289 3652 rectius
307 3595 429 3648 substitui
445 3594 536 3660 possit.
1404 3594 1405 3657 J

264 3669 320 3720 106.
357 3664 421 3717 eam
440 3665 549 3715 obsonio
567 3665 668 3728 eaptus]
703 3662 776 3712 Eiiee
795 3662 1000 3713 coniunctionem
1023 3662 1093 3715 illam
1118 3677 1183 3726 cuns,
1206 3669 1233 3714 et
1249 3664 1312 3729 lege.
1404 3662 1405 3683 i

193 3734 263 3801 „qud
277 3741 306 3785 tre
324 3734 483 3800 impunitior
506 3730 570 3793 erra,
598 3729 672 3792 Quoue
694 3746 779 3796 parvo
796 3733 866 3780 sumi
882 3735 1028 3799 nequeunt,
1056 3732 1165 3782 obsonia
1185 3736 1315 3797 eaptust‘
1404 3772 1405 3777 ,

193 3805 233 3853 Ita
252 3808 277 3853 et
294 3807 389 3853 veteres
407 3800 532 3851 editiones
549 3797 683 3860 exhibent,
708 3804 734 3848 et
756 3798 855 3849 codices
878 3799 959 3849 nostri
982 3798 1014 3848 ad
1031 3815 1110 3848 uuum
1127 3815 1228 3858 omnes3
1255 3815 1313 3861 non,
1404 3802 1405 3817 ¹

193 3877 223 3921 ut
240 3871 304 3922 editi
321 3870 433 3934 aliquot,
459 3867 531 3930 Quiri
549 3873 592 3929 tu,
615 3882 697 3932 neque
716 3864 780 3917 Cum
798 3868 915 3917 obsonio.
950 3866 1017 3917 Ordo
1035 3873 1119 3917 autem
1137 3870 1191 3930 est,
1218 3866 1274 3929 Qut
1286 3874 1314 3917 trs
1403 3872 1404 3893 ³

194 3942 353 4004 impunitior
376 3941 468 4001 captes
491 3935 540 3985 eru
564 3936 687 3998 obsonia,
714 3950 782 3999 quae
804 3940 939 4001 nequeunt
960 3950 1044 3995 parvo
1061 3937 1150 3986 sumi?
1175 3934 1315 4000 Utramque
1403 3968 1404 3975 τ

192 4007 328 4058 lectionem
353 4004 437 4055 firmat
460 4018 525 4055 unus
548 4002 630 4053 Persii
652 4002 723 4053 loeus
748 4003 778 4053 de
795 4004 889 4057 Nostro
913 4018 1060 4067 expressus,
1088 4003 1139 4053 Sat
1158 4002 1189 4052 V.
1214 4019 1236 4051 v.
1259 4006 1312 4055 130.

192 4075 257 4135 „sed
272 4074 297 4123 si
314 4076 386 4125 intras
410 4078 436 4121 et
457 4074 486 4121 ia
509 4074 596 4121 iecore
618 4085 701 4134 aegro
719 4069 875 4121 Nascantur
899 4071 1016 4131 domiair
1041 4072 1086 4136 qui
1110 4076 1139 4120 tu
1162 4070 1314 4137 impunitior

192 4143 254 4202 exis,
271 4142 359 4205 Atque
376 4141 428 4201 bie,
446 4153 523 4204 quem
541 4138 578 4188 ed
593 4139 712 4202 strigiles
727 4140 830 4189 seertr'eo
849 4144 875 4187 et
890 4145 975 4189 metue
992 4141 1047 4203 egit
1064 4138 1190 4189 Ιιουκλίολι

263 4210 319 4258 109.
355 4206 408 4256 Sub
426 4209 529 4255 noctem
547 4208 594 4269 qui
607 4220 678 4270 puer
695 4221 748 4255 υυο
765 4205 903 4255 Fertivom
922 4212 1009 4257 mretet
1024 4206 1166 4271 strigilem]
1200 4208 1315 4260 Pessime
