2818 4758
181 241 222 302 72
570 253 602 312 o.
623 251 765 298 aonam
785 252 910 298 macor

239 386 384 452 tLesbio
404 384 542 471 primurn
563 385 727 450 modulate
748 384 825 460 oivi3

269 471 332 549 Qui
353 471 444 535 ferox
464 470 559 547 bello,
581 477 689 534 tarum
708 469 792 534 iuter
811 489 913 547 arma,

269 556 344 622 Sive
364 556 514 620 iactatam
536 554 691 637 religarat
711 554 775 619 udo

419 639 527 705 Litore
547 660 673 714 navem,

186 794 287 842 nostris
303 790 435 857 praebere
452 796 528 840 oaeet
550 793 601 841 tibi
622 790 745 840 rantibus
768 791 889 840 aurmf‘
922 791 979 839 ie.
1003 806 1050 839 nos
1067 789 1157 840 Musae
1180 791 1317 854 poscimur

186 875 282 910 sanem.
317 858 389 908 Idem
404 859 510 910 Metam.
525 858 570 919 IV,
587 861 647 910 274.
680 858 817 920 „Poscitur
833 856 971 919 Atoattsoess
994 862 1136 923 postquam
1154 859 1253 909 siluere
1269 873 1315 908 so·

186 928 294 978 rores“.·
312 926 411 976 seilicet
427 931 458 975 ut
481 931 569 975 narret
593 925 715 977 tabulam.
741 925 844 974 Metam.
862 925 897 985 11,
917 927 973 976 144.
1007 941 1082 988 „non
1109 930 1150 974 est
1173 940 1252 975 mora
1280 926 1313 975 li·

187 997 251 1045 bera
268 996 361 1045 nobis.-
378 994 525 1043 Posoimnr:
552 993 664 1058 effulget
689 994 803 1042 tenebris
829 993 939 1042 Aurora
962 992 1095 1056 sugatisf‘
1112 994 1175 1042 haee
1192 993 1316 1043 Phoebus

187 1064 219 1113 ud
226 1063 308 1112 tilium
315 1062 507 1111 Phaethontem
516 1060 650 1110 Hannibal
658 1060 726 1124 apud
735 1060 829 1110 Silium
838 1059 958 1110 ltalieum
965 1060 1012 1112 lib.
1018 1062 1054 1111 11.
1061 1063 1139 1123 [nid]
1150 1062 1312 1124 „Posoimur,

188 1147 204 1180 o
220 1133 306 1180 sosii.-
322 1128 475 1194 Fabiusque
499 1146 513 1178 e
535 1145 626 1194 ptsppe
649 1134 757 1177 catenas
776 1127 903 1188 Ostentat,
931 1128 1086 1193 dominique
1102 1134 1183 1178 ooeat
1199 1144 1249 1178 uos
1268 1131 1312 1178 ira

187 1199 320 1248 senattu.“
329 1198 479 1261 Propertius
487 1197 531 1257 IV,
541 1199 643 1259 liniti]
654 1212 684 1245 ex
693 1196 869 1245 emendatione
878 1195 910 1243 N.
918 1196 1036 1244 Heinsii:
1045 1196 1173 1257 „Aversis
1184 1195 1313 1246 Charisia

187 1271 297 1316 eantur.-
315 1280 424 1314 aoerrus
441 1265 538 1329 Apollo
555 1264 674 1314 Poscitur
697 1265 784 1312 innita
809 1266 889 1312 uerba
906 1264 1025 1327 pigenda
1042 1263 1130 1329 tyra.“
1164 1264 1225 1328 Ego
1242 1280 1311 1324 vero,

186 1334 299 1383 uthans
317 1332 417 1396 quidem
436 1331 571 1382 lectionem
596 1348 647 1381 uon
664 1347 801 1409 aspernor3
826 1332 865 1380 ita
881 1330 985 1380 alterans
1001 1334 1145 1397 possimus,
1170 1347 1235 1396 quae
1252 1331 1313 1396 plu·
1402 1352 1403 1355 ¹

186 1402 254 1451 rium
269 1400 471 1449 membranarum
488 1400 635 1449 testimonio
651 1406 752 1459 mtrtnr,
771 1399 896 1448 anteferre
913 1399 938 1448 ei
955 1415 1007 1447 nou
1025 1398 1123 1449 dubito.
1159 1399 1313 1461 „Posuimus

187 1472 221 1531 (si
237 1467 304 1533 quid
320 1470 400 1517 saeui
414 1469 463 1516 sub
481 1473 560 1517 antro
578 1466 702 1516 Lunrnus
720 1473 815 1525 terum)
834 1466 908 1530 quod
924 1471 950 1515 et
966 1467 1038 1516 buno
1061 1469 1090 1515 in
1108 1481 1210 1516 annum
1229 1465 1314 1517 Vivat

187 1541 213 1585 et
226 1536 325 1601 pluris,
345 1550 396 1599 age
413 1534 458 1584 die
470 1534 606 1594 Latinum,
624 1534 743 1593 Barbits,
762 1533 900 1584 Carmen‘·
934 1535 1072 1598 Rogamus,
1089 1534 1189 1598 inquit3
1207 1546 1314 1583 oramus

187 1611 220 1664 te,
239 1601 351 1663 Barbite,
370 1604 392 1651 si
410 1602 472 1666 quid
488 1618 608 1667 umquam
624 1601 655 1651 de
673 1608 698 1650 te
714 1602 779 1651 bene
801 1602 888 1651 meriti
905 1618 999 1663 sumus,
1022 1602 1094 1653 dieas
1118 1616 1219 1650 oarmen
1236 1602 1314 1650 Lati·

188 1687 258 1731 num,
288 1669 356 1734 qnod
379 1675 405 1719 et
429 1671 458 1719 iu
481 1671 549 1720 huno
573 1675 599 1719 et
624 1670 652 1718 iu
675 1668 761 1735 plures
783 1686 863 1720 annos
880 1670 956 1718 viret
991 1670 1027 1718 Et
1044 1674 1107 1719 nota
1123 1669 1246 1730 ordinem,
1265 1669 1314 1733 qui

185 1754 272 1788 omnes
288 1738 445 1801 Interpretes
461 1737 558 1787 fefellit.
593 1737 650 1796 Die,
668 1738 714 1797 ait,
724 1752 832 1795 earmeu,
844 1737 1052 1802 quoddiuvirat.
1075 1736 1196 1786 utCarm.
1207 1738 1255 1797 111,
1270 1740 1314 1798 11,

188 1809 214 1859 7.
240 1806 273 1855 ad
289 1805 452 1868 Mercurium,
479 1805 547 1868 „Dis
563 1805 659 1865 modos,
682 1804 759 1869 Lyde
775 1804 869 1868 quibus
886 1807 1034 1855 obstinatas
1056 1805 1184 1870 Applicat
1205 1806 1315 1854 aures.“

186 1875 241 1924 Iam
258 1879 343 1922 autem
360 1873 494 1923 Poseiurns
511 1888 656 1937 germanam
675 1888 728 1922 esse
744 1872 882 1922 lectionem
908 1872 996 1922 velex
1012 1873 1136 1922 vocabulo
1152 1877 1179 1922 st
1195 1872 1313 1937 colligas,

187 1957 252 2007 qnae
274 1942 302 1990 iu
326 1939 539 1990 obtestationibus
562 1941 692 1990 sollemnis
718 1945 771 1991 est:
794 1939 919 2004 Virgilius
936 1943 998 1990 Aen.
1017 1941 1063 1999 IV,
1079 1943 1138 1993 317.
1173 1941 1222 2004 „Si
1247 1943 1317 1990 bene

187 2009 250 2076 quid
267 2009 300 2058 de
317 2014 343 2058 te
359 2012 453 2071 inerun’,
476 2008 532 2068 sitit
553 2013 603 2058 aut
626 2009 675 2058 tibi
692 2010 835 2072 quiequam
852 2009 938 2058 Datos
955 2024 1050 2071 meunt,
1073 2011 1200 2058 miserere
1217 2008 1316 2058 domus

189 2079 309 2138 iabeuts‘s,
327 2082 354 2126 st
370 2080 456 2139 istam,
474 2077 533 2137 Oro,
551 2076 632 2141 siquis
650 2076 738 2125 aditus
753 2077 878 2141 precibus
895 2077 977 2133 tortu,
995 2092 1064 2125 eserie
1080 2079 1220 2127 mentem.“
1240 2075 1314 2125 Idem

188 2150 251 2195 Aen.
264 2143 309 2205 Vl,
325 2146 383 2196 529.
418 2145 477 2205 „dii
502 2145 570 2194 tatia
587 2143 677 2194 Graiis
695 2144 855 2204 instaurate,
881 2147 927 2208 pio
946 2144 968 2194 si
984 2159 1086 2208 poenas
1103 2160 1150 2193 ore
1174 2146 1316 2208 reposeo.“

188 2214 325 2262 Suetonius
342 2213 371 2261 in
379 2212 437 2262 Tib.
447 2228 501 2276 eap.
513 2211 583 2261 XXI.
599 2214 682 2274 [erte]
703 2210 790 2271 „Deos
800 2210 913 2274 obsecro,
929 2216 962 2261 ut
976 2216 1001 2261 te
1015 2213 1092 2261 nobis
1101 2217 1264 2274 conseruent,
1286 2216 1313 2261 et

188 2280 277 2331 vetere
293 2296 366 2330 nune
384 2286 410 2330 et
425 2296 529 2345 semper
543 2284 694 2345 patiamur,
713 2279 736 2328 si
753 2294 808 2328 non
817 2280 948 2344 populum
957 2277 1106 2330 Romanurn
1118 2282 1211 2345 perosi
1221 2281 1315 2329 saw

187 2348 281 2399 Noster
289 2347 370 2398 Carni.
378 2348 449 2400 Saso.
458 2350 498 2399 37.
516 2348 674 2413 „Supfiiees
691 2346 759 2397 audi
773 2362 879 2411 pueros,
897 2347 1003 2412 Apollo,
1017 2345 1100 2397 Roma
1110 2349 1131 2396 si
1144 2352 1263 2396 uestrum
1273 2352 1315 2399 est

189 2419 280 2481 opus.“
315 2415 453 2476 Carmlll,
467 2417 506 2477 18,
519 2419 542 2466 5.
561 2416 659 2478 „Lenis
677 2414 785 2464 incedas
803 2416 934 2479 abeasque
950 2420 1044 2479 paruis
1051 2416 1161 2479 Aequus
1177 2416 1315 2465 utramuis.-

188 2484 217 2533 Si
236 2488 310 2533 tener
325 2483 405 2547 pleno
423 2482 497 2533 eadit
514 2483 614 2532 taedas
632 2486 729 2532 anisof‘
764 2484 842 2531 Serm
860 2484 895 2542 ΙΙ,
914 2485 939 2544 6,
956 2485 982 2534 6.
1009 2484 1096 2546 ,mittit
1119 2483 1236 2548 nmquius
1254 2498 1315 2543 oro,

189 2550 263 2600 Maia
280 2555 351 2610 route,
368 2553 424 2602 nisi
439 2555 471 2598 ut
485 2553 601 2614 propria
619 2552 685 2600 liaeo
702 2551 769 2599 inibi
785 2565 897 2599 insinere
914 2550 1007 2610 laxus
1034 2550 1062 2599 Si
1080 2566 1165 2615 neque
1181 2553 1315 2601 rnoiorsm

188 2618 243 2678 sesi
258 2619 365 2666 ratione
381 2617 456 2666 mata
479 2621 560 2666 rem.“
594 2619 672 2666 Recte
698 2622 783 2667 autem
804 2618 946 2677 Posuimus,
974 2634 1032 2667 eum
1053 2618 1177 2667 Barbitou
1202 2618 1314 2682 alloqui·

189 2692 244 2742 tur;
262 2688 291 2732 ut
300 2683 428 2733 Martialis
438 2682 553 2732 lambam
563 2688 644 2747 rogat,
662 2685 740 2748 Epig.
749 2686 770 2746 Ι,
781 2687 822 2736 96.
840 2685 887 2746 „Si
895 2700 950 2734 non
959 2685 1098 2735 molestum
1107 2691 1153 2749 est,
1171 2691 1313 2750 tequsnon

187 2754 271 2817 piget,
289 2749 402 2812 Senzon,
420 2748 529 2810 Nostro,
547 2767 672 2814 rogamus,
697 2768 786 2815 pastea
809 2754 889 2802 verba
907 2752 1030 2802 Materno
1048 2754 1132 2802 Dione
1156 2756 1184 2802 in
1210 2768 1315 2817 ararem,

188 2821 227 2868 sie
241 2822 273 2867 ut
284 2817 486 2868 artdiatsalas.“
504 2823 530 2867 et
540 2819 665 2868 Pindarus
674 2820 772 2869 Musam
790 2820 944 2881 obsecratur,
955 2821 1025 2870 Nem.
1037 2822 1086 2870 111.
1098 2824 1159 2884 [nt]
1195 2823 1238 2884 „n
1247 2815 1313 2871 πότ-

189 2902 236 2935 νια
252 2886 348 2951 uotae,
368 2886 456 2951 μᾶτερ
472 2880 608 2952 Mustiae,
632 2889 818 2945 ΔΙΣΣΟΜΑΙ,
841 2881 908 2937 ’Ἰκεο
925 2886 1038 2955 Δωρίδα
1055 2889 1142 2938 νᾶσον
1160 2884 1314 2954 Αἰγίναν.“

262 2958 281 3004 t.
301 2951 397 3016 Siquid
420 2957 500 3003 vaeui
524 2955 572 3003 sub
596 2956 691 3004 umbra
714 2954 839 3005 Lusimus
863 2958 958 3017 unsar]
997 2950 1094 3007 {imbra
1111 2955 1208 3006 habent
1225 2973 1314 3006 omnes

188 3021 241 3070 iere
258 3019 372 3080 eodiees3
396 3025 422 3069 et
444 3021 481 3069 sie
504 3020 580 3070 hodie
602 3021 697 3085 legitur
720 3023 788 3086 apud
811 3023 958 3074 Diomedem
981 3039 1007 3087 p.
1026 3025 1084 3075 521.
1102 3029 1129 3073 et
1146 3025 1263 3075 Servium
1280 3025 1313 3074 ad

188 3088 260 3152 Virg.
277 3088 334 3140 ua.
351 3087 369 3140 Ι.
384 3090 417 3149 [v.
427 3090 467 3150 to]
486 3087 568 3143 Quam
580 3090 696 3152 equidem
707 3090 844 3140 lectionem
856 3091 961 3140 minime
973 3091 1077 3143 damno:
1093 3092 1130 3141 sie
1141 3092 1211 3142 euim
1220 3093 1315 3142 Noster

188 3156 274 3220 Epist.
291 3157 327 3217 II,
337 3158 362 3215 2,
372 3158 412 3207 ie.
448 3155 634 3220 „Scriptorum
652 3159 842 3208 obarusornuis
852 3164 926 3208 aurat
942 3159 1317 3223 neruus,etfugiturbssllits

189 3224 272 3274 eliens
283 3223 391 3285 Bneebi,
409 3238 501 3273 somna
517 3223 662 3287 gaudentis
679 3230 705 3274 et
719 3225 832 3277 umbra.“
867 3224 984 3276 Tibullus
993 3227 1042 3287 111,
1053 3229 1118 3289 [Ην.
1131 3230 1169 3279 15.
1189 3229 1313 3291 „Parvos

189 3296 311 3341 auctores
329 3291 409 3340 basius
426 3291 493 3340 anibi
515 3295 643 3340 carminis
666 3307 723 3355 oro,
749 3292 944 3358 Castaliamque
967 3293 1081 3344 umbram
1098 3294 1257 3360 Pieriosque
1275 3295 1315 3345 la·

191 3361 261 3407 estest*
296 3358 394 3407 Statius
405 3358 474 3425 silv.
486 3357 518 3416 V,
528 3359 551 3410 3.
563 3361 594 3420 [v.
604 3362 630 3421 5]
654 3357 710 3422 „Te
724 3363 781 3410 siue
792 3359 906 3426 Corycia
922 3362 1051 3426 quioquid
1065 3362 1144 3413 inodo
1154 3363 1276 3414 Phoebus
1285 3366 1316 3412 in

189 3422 286 3475 umbra.
306 3423 440 3488 Quicquid
456 3427 489 3475 ab
507 3426 627 3476 Isurare'is
643 3430 808 3477 monstrabat
826 3429 937 3479 coitibus
951 3429 1040 3490 Euan,
1058 3429 1211 3480 vedintur
1245 3431 1315 3480 Mar·

189 3490 260 3541 tialis
277 3489 323 3552 IX,
341 3492 381 3542 et.
394 3493 425 3553 [v.
436 3494 461 3553 3]
485 3493 575 3555 „Haeo
584 3509 633 3557 ego
646 3494 737 3557 Pteria
748 3496 868 3544 ludebam
880 3502 952 3546 tutia
962 3500 990 3546 iu
999 3498 1114 3547 umbra.“
1131 3497 1247 3549 Iuvenal.
1261 3499 1313 3549 Sat.
1404 3544 1405 3555 ,

189 3559 248 3619 VII,
267 3559 311 3620 [8].
330 3556 417 3619 ,‚Naru
433 3560 555 3610 siPieria
566 3562 704 3625 quadrans
722 3565 771 3612 tibi
788 3563 878 3612 arettas
896 3567 925 3613 in
942 3563 1031 3614 umbra
1050 3565 1238 3616 ostendatur.“
1266 3566 1316 3615 Ve-

189 3632 331 3676 rumtamen
357 3640 414 3674 oum
432 3627 505 3676 Galei
522 3629 608 3688 oodex,
635 3630 746 3693 optimae
765 3631 866 3694 quidem
883 3640 966 3692 notae,
986 3635 1080 3697 quique
1098 3633 1175 3694 solus,
1201 3633 1249 3683 ubi
1274 3650 1312 3684 ee·

190 3695 238 3746 teri
251 3708 337 3743 omnes
356 3692 471 3744 mendosi
489 3701 556 3755 sunt,
574 3712 618 3745 sex
636 3703 733 3760 septem
744 3697 848 3747 Horatii
866 3699 922 3748 loca
939 3700 1067 3763 praeclare
1086 3702 1210 3761 restitnit,
1229 3702 1315 3753 diver·

190 3778 243 3813 sam
260 3761 302 3811 hie
321 3760 439 3810 exhibeat
455 3760 597 3824 lectionem,
616 3764 777 3827 „Passienus
794 3766 885 3829 siquid
902 3770 982 3816 vaeus‘
996 3770 1045 3819 sub
1060 3772 1165 3820 untro“:
1185 3785 1237 3819 non
1257 3787 1313 3835 pos-

190 3846 276 3881 sumus
292 3844 345 3878 non
362 3828 483 3878 ambabus
499 3830 568 3880 ulnis
585 3847 640 3881 eam
658 3832 784 3896 amplecti,
803 3840 832 3882 ut
849 3850 933 3884 veram
950 3840 976 3884 et
992 3852 1138 3900 germanam
1145 3837 1252 3887 Horatii
1261 3854 1313 3889 ma-

190 3914 258 3948 num.
294 3896 384 3959 Longe
401 3897 470 3946 enim
487 3898 540 3947 veri
557 3904 596 3947 ost
614 3898 731 3962 similius,
750 3906 780 3949 ut
796 3901 861 3950 hane
879 3902 966 3964 potius
984 3903 1012 3953 in
1030 3903 1110 3964 illam,
1136 3905 1312 3969 figurationem

190 3965 311 4016 nimirum
329 3968 355 4012 et
371 3963 586 4031 ποιητικωτέραν
604 3966 632 4015 in
649 3966 799 4029 faciliorem,
835 3983 910 4032 quern
927 3970 983 4019 vioe
1001 3987 1080 4031 rems,
1099 3971 1171 4022 illam
1188 3974 1216 4022 in
1234 3974 1311 4037 hano,

189 4029 474 4083 mutaverintLibrerii.
510 4032 552 4082 Ito
562 4033 653 4083 Noster
664 4033 745 4085 Germ.
757 4036 791 4095 11,
804 4038 826 4092 1,
840 4037 881 4088 39.
901 4036 1021 4097 „Mecum
1031 4039 1152 4090 Dionaeo
1170 4039 1218 4090 sub
1237 4048 1313 4092 antro

185 4100 294 4171 flauere
311 4098 403 4148 modos
420 4098 519 4148 leuiore
534 4100 661 4164 plectro.“
681 4108 706 4152 et
722 4104 816 4153 iterum
824 4105 873 4165 111,
884 4106 924 4165 25,
935 4107 959 4156 4.
995 4105 1072 4169 „Quo
1085 4124 1133 4169 sne,
1143 4107 1257 4172 Bneebe,
1268 4126 1314 4160 ra·

189 4170 233 4234 pis
251 4169 293 4217 tut
309 4165 440 4216 Plenum?
463 4182 530 4231 quae
553 4183 672 4233 uetuere,
696 4176 745 4220 aut
770 4186 835 4235 quos
859 4187 928 4235 agor
945 4173 1093 4240 inspeetis,
1120 4172 1207 4227 Velox
1224 4181 1315 4227 ruente
