2840 4752
403 278 587 327 subnotem
608 277 675 323 LIB.
691 277 726 324 11.
749 273 773 320 5.

89 411 232 480 Perduci
252 411 371 499 poterit
391 418 457 479 tam
478 411 565 494 frugi
588 417 716 494 umque
738 410 864 495 pudica,

91 500 201 578 Quam
222 498 374 581 nequiere
396 497 484 583 proci
506 502 592 562 recto
614 495 776 595 depellere
797 499 915 563 eursu?

90 583 190 649 Venit
211 583 293 649 enim
317 582 508 666 (indignum)
531 581 672 648 donandi
692 599 791 666 parca
811 581 971 657 iuventus,

66 670 163 734 oNec
185 675 308 734 tantum
330 669 466 745 veneris,
488 672 642 750 quantum
663 666 809 733 studiosa
830 663 964 731 culinae.

91 754 148 821 Sio
171 753 228 819 tibi
250 755 412 839 Penelopa
432 752 519 835 frugi
541 758 604 819 est:
629 771 722 835 quae,
746 751 774 815 si
797 751 896 818 semel
919 770 981 816 uno

89 841 142 904 De
166 858 243 905 sene
265 840 405 922 gustarit
425 845 530 904 tecum
552 835 853 923 partiunculam,

335 956 358 990 r.
377 942 418 993 79.
442 939 517 1005 Vulg.
536 938 613 989 Venit
631 939 698 989 enim
715 952 851 1002 magnum.

65 1023 125 1075 aad
142 1024 228 1090 Epod.
246 1023 329 1074 XVII.
347 1041 370 1075 v.
384 1027 423 1077 li.
450 1025 493 1076 Sic
510 1024 593 1090 Epist.
610 1023 632 1085 1,
651 1025 676 1075 2.
693 1040 716 1073 r.
735 1025 775 1075 23.
792 1026 820 1072 et
836 1023 877 1074 28.
903 1021 1047 1086 ,‚Sr'renuna
1063 1037 1148 1086 noem,

69 1091 161 1141 Circae
179 1092 277 1158 pocula
294 1095 391 1143 nosti.“
425 1092 542 1159 „Sponsr'
558 1091 713 1155 Penelopae,
736 1090 892 1153 nebulones,
909 1089 1095 1155 Alcinoique.“
1120 1094 1150 1141 ut

82 1159 181 1210 hebent
199 1159 298 1212 ecdicos
315 1161 440 1212 meliores.
476 1160 581 1211 Plautus
599 1159 688 1210 Sticho
705 1160 732 1218 Ι,
755 1161 773 1209 Ι.
800 1160 834 1221 [v.
853 1159 877 1220 l]
913 1156 1016 1219 „Credo
1034 1173 1082 1223 ego
1099 1162 1150 1209 rai·

65 1243 115 1281 'um
132 1228 217 1288 ruisse
233 1227 412 1293 Penelopam.“
441 1227 559 1279 Lucilius
576 1227 604 1278 in
622 1226 681 1276 vn.
705 1226 788 1289 [xvss
811 1226 841 1276 ir.
859 1228 876 1277 4
893 1226 988 1288 Donsa]
1006 1226 1074 1290 apud
1092 1227 1149 1277 Pri-

65 1311 142 1345 annm
161 1310 186 1360 p.
205 1298 263 1349 ent.
301 1296 356 1359 „ad
376 1297 528 1362 Penelopam
547 1296 829 1356 maceraverimus
847 1292 1002 1360 Nuptiarum
1020 1299 1149 1359 tennpta

65 1379 120 1427 rua,
138 1366 204 1428 quia
221 1367 309 1414 uicere
328 1362 425 1417 Ulimen
442 1363 569 1431 Speruc.“
596 1362 724 1414 Ausonius
741 1362 825 1428 Epist
836 1361 881 1414 IX.
900 1365 936 1425 [ι.
954 1364 994 1425 14]
1021 1361 1150 1425 „Qualem

65 1431 171 1496 nelopae
193 1431 354 1483 nebulonum
377 1447 467 1483 rumne
488 1433 659 1498 procommf‘
693 1431 772 1483 Porro
795 1436 823 1480 et
844 1446 918 1481 versu
934 1446 992 1483 mox
1010 1431 1060 1492 8¹,
1086 1429 1150 1493 „Sic

66 1503 77 1548 ι·
94 1498 222 1565 Penelope
239 1499 318 1564 frugi
334 1502 398 1563 ert,“
416 1506 442 1551 et
454 1498 575 1550 Lambini
587 1497 745 1564 Cruquiique
756 1497 889 1559 editiones,
907 1503 933 1549 et
950 1498 1031 1549 nostri
1048 1498 1149 1549 codices

65 1567 138 1629 tent,
164 1567 300 1618 inflexione
319 1568 423 1618 (ineos.
458 1571 493 1618 At
516 1567 603 1619 eodem
627 1567 741 1632 exemplo
757 1565 890 1632 Penelopa
907 1566 945 1617 ibi
962 1566 1050 1631 posuit
1065 1567 1148 1617 Hora·

67 1652 93 1698 s,
113 1651 165 1700 quo
182 1642 257 1686 antea
273 1636 441 1702 Penelopcnn
476 1635 579 1716 Syllaba
595 1641 680 1686 antem
697 1638 870 1698 sustentetur,
888 1650 945 1686 curn
962 1650 1080 1684 caesurae
1097 1634 1149 1685 nir·

65 1720 97 1765 e,
125 1709 180 1753 turn
197 1703 229 1753 ob
247 1704 326 1765 duas,
353 1719 417 1769 quae
440 1710 527 1754 statim
545 1719 599 1754 eam
618 1704 765 1768 excipiunt,
791 1708 965 1753 consonantes.
1002 1702 1075 1759 Quod
1092 1717 1151 1753 cum

65 1771 141 1821 brarii
161 1773 302 1832 nescirent3
320 1773 410 1823 mirum
428 1771 501 1832 foret,
519 1771 548 1822 ni
565 1772 667 1822 verbum
685 1769 916 1834 interpolavissent.
952 1770 1047 1821 Seneca
1064 1771 1149 1837 Epist.

65 1839 198 1891 {xxvnn
216 1840 270 1906 [ὅθ
288 1838 383 1907 Haase]
407 1839 620 1905 ‚,Que'dquaeris‚
637 1855 676 1890 un
682 1838 842 1903 Penelopa*l
859 1838 996 1904 impudica
1013 1837 1106 1903 fuerit,
1125 1843 1151 1893 et

65 1909 108 1956 oa
126 1923 176 1957 erto
193 1908 299 1961 saecuto
317 1908 455 1960 dedentib‘
515 1924 517 1933 ’
843 1944 847 1953 .

97 1976 138 2026 79.
175 1974 255 2026 Venit
273 1980 343 2026 enim
360 1992 488 2042 magnum
508 1976 629 2026 donandi
642 1990 729 2040 parca
748 1976 879 2036 inventur]
914 1973 957 2023 Sio
975 1989 1035 2024 sane
1053 1973 1149 2027 hebent

65 2058 130 2105 nes,
154 2059 217 2107 quos
235 2043 362 2105 noverim,
388 2044 479 2109 scripti
502 2044 623 2108 editique.
658 2043 694 2097 Et
710 2042 817 2093 nimium
836 2040 937 2105 quidam
955 2042 1083 2106 patienter
1099 2043 1148 2093 hoo

65 2112 170 2161 mittunt
183 2112 347 2177 Interpretes‚
364 2128 432 2163 more
450 2127 504 2175 suo,
522 2111 567 2162 ubi
584 2110 651 2161 nihil
668 2111 695 2160 in
713 2109 844 2161 eodioibus
865 2110 950 2158 variae
966 2108 1085 2161 lectionis
1102 2116 1148 2162 est

65 2195 119 2242 que
135 2180 257 2244 posthac,
276 2182 380 2245 opinor,
398 2181 518 2241 deerunt,
536 2177 580 2231 alii
597 2179 642 2243 qui
659 2177 828 2237 excusabunt,
846 2176 891 2227 alii
909 2177 952 2242 qni
971 2177 1107 2244 defendent
1123 2183 1150 2230 et

64 2246 230 2297 mirabuntur.
255 2248 382 2313 Equidem
399 2263 527 2315 magum
546 2247 674 2310 donandi,
692 2246 714 2296 si
732 2245 784 2296 alio
801 2246 923 2299 comitatu
941 2246 1045 2308 veniret,
1064 2247 1147 2298 libens

64 2316 202 2365 mitterem:
220 2320 250 2365 nt
267 2317 381 2382 Propert.
392 2317 419 2366 ΙΙ
437 2317 479 2379 [1],
498 2317 521 2368 b
541 2318 572 2378 [a.
592 2318 635 2377 371
660 2313 805 2379 „Quamuis
821 2329 914 2379 magna
931 2312 1010 2375 daret,
1027 2317 1149 2380 quamvis

64 2385 126 2433 liora
142 2383 273 2434 daturnn“
309 2391 335 2434 et
351 2386 419 2437 Pers.
444 2385 497 2435 Sat.
518 2383 547 2434 V.
572 2400 595 2435 v.
615 2385 656 2436 66.
691 2381 775 2447 „qnid
797 2385 876 2447 quusi
891 2397 1024 2447 magnum,
1048 2381 1150 2449 Nempe

64 2467 98 2501 sm
117 2450 232 2503 ιιοιιιιι.ιιι
258 2454 292 2503 At
316 2452 380 2502 illud
405 2457 485 2505 totum
510 2467 596 2517 porca
615 2451 737 2501 donandi
753 2460 881 2513 mngrrnrn
899 2449 941 2499 vix
957 2465 1060 2515 possum
1077 2466 1092 2502 a
1109 2466 1149 2501 ma

64 2523 180 2584 patrare,
208 2525 237 2569 ut
255 2535 269 2569 a
286 2520 417 2571 Venusino
435 2526 523 2571 nostro
539 2520 680 2586 proiectum
698 2534 751 2568 esse
769 2516 877 2569 credam.
913 2517 1015 2583 Quippe
1031 2535 1070 2568 res
1089 2534 1149 2570 oon·

64 2588 121 2639 ‚rias
138 2588 166 2636 in
183 2603 260 2638 unam
278 2589 428 2639 sententiam
448 2588 632 2654 conglomerat,
660 2592 686 2638 et
701 2581 801 2637 κλῶθει
824 2586 892 2649 quod
917 2585 991 2636 aiunt
1014 2583 1048 2636 τὰ
1067 2580 1149 2653 dady-

64 2671 151 2713 nutu,
170 2656 352 2721 parsimoniam
369 2665 396 2707 et
412 2655 608 2722 prodigentiam.
643 2655 744 2705 Parent
762 2654 883 2704 donandi
898 2667 1026 2717 magnum
1043 2654 1148 2719 perinde

64 2742 66 2771 t
85 2739 114 2772 ac
131 2724 155 2773 si
172 2724 274 2783 dixeris,
289 2740 391 2790 parem
407 2725 552 2790 largitatis,
568 2723 744 2788 garrulitatis
753 2722 880 2784 modicus,
898 2720 999 2787 aliaque
1016 2723 1150 2785 eiusmodi,

64 2806 94 2840 ae
117 2792 174 2856 ipsa
197 2807 281 2842 secum
303 2797 434 2857 pugnant,
462 2798 488 2844 et
511 2798 599 2842 mutuo
622 2807 649 2842 se
666 2790 768 2841 tollunt.
783 2842 785 2849 ,
803 2789 870 2841 Mihi
887 2789 989 2854 quidem
1006 2806 1057 2841 non
1075 2806 1148 2853 rana,

64 2860 118 2919 uio,
143 2860 255 2924 suspicio
272 2867 311 2910 est
337 2857 367 2910 τὸ
387 2876 514 2925 mugitum
540 2862 568 2910 in
586 2859 676 2911 mendo
693 2856 799 2920 cubare,
823 2863 849 2908 et
864 2872 950 2924 parea
969 2858 1089 2910 donandi
1105 2859 1149 2910 ab·

64 2933 112 2976 ute
129 2926 172 2976 hic
189 2929 265 2991 poni3
282 2932 313 2978 ιιι
327 2929 396 2994 apud
413 2928 590 2995 Lampridium
608 2929 635 2978 in
652 2926 795 2979 Alexandro
812 2941 869 2991 cap.
886 2923 1017 2977 XXXVII.
1037 2927 1149 2991 [priuc.],

64 2995 205 3060 {praelocuto
223 2995 405 3061 frequentauit
422 3012 480 3047 erem
497 2994 602 3046 summai
618 3011 746 3046 nonnum
763 2998 957 3044 ammonu.“
992 2995 1049 3046 Hoo
1073 2995 1149 3045 semel

64 3064 114 3112 sito
132 3063 309 3126 fundamento,
334 3064 463 3115 rideamus
488 3064 573 3129 siquid
595 3064 645 3113 huc
669 3063 759 3112 auxilii
777 3078 808 3112 ex
824 3062 971 3113 coniectura
988 3063 1042 3127 peti
1059 3062 1148 3128 possit

64 3146 142 3195 egens
160 3147 219 3182 sane
237 3138 262 3181 et
280 3132 420 3193 concinna,
447 3148 475 3184 ao
494 3130 645 3196 Tanaquillo
662 3130 747 3181 Fabro
763 3130 849 3181 indiae
867 3129 1035 3181 admirabilis
1052 3135 1091 3181 est
1107 3130 1148 3182 si·

64 3199 127 3249 tonis
143 3200 214 3250 Bosii
232 3201 382 3263 emendatio,
401 3217 477 3265 quam
488 3216 545 3250 cum
556 3199 683 3249 Lambino
700 3200 722 3248 is
740 3198 945 3262 communicarit,
963 3197 1062 3263 „Venit
1079 3202 1148 3250 enim

64 3283 142 3317 rouo:
159 3268 279 3319 donandi
293 3284 379 3333 porca
396 3271 534 3325 tacentur:
551 3266 608 3319 Neo
626 3273 730 3317 tuntum
746 3267 865 3328 Veneria,
882 3272 1011 3333 quantum
1029 3268 1149 3319 studiosa

67 3336 161 3387 lincc.‘⁴
197 3335 277 3386 Venit
294 3351 392 3400 magno
411 3343 455 3387 tna
473 3336 614 3401 Penelope,
639 3336 757 3397 honest,
784 3350 876 3400 magno
898 3351 925 3386 se
949 3336 998 3386 emi
1021 3336 1148 3401 postulate

64 3405 72 3452 i
90 3418 147 3454 vero
165 3405 237 3467 parci
255 3409 280 3453 et
298 3405 402 3465 sordidi,
421 3420 449 3454 ao
467 3406 550 3456 uentri
567 3404 649 3468 magis
667 3420 742 3469 quam
751 3404 844 3454 Veneri
863 3404 1006 3457 studentes:
1023 3408 1094 3455 casta
1111 3410 1150 3455 est

64 3488 125 3535 tque,
144 3472 204 3535 qnia
221 3487 294 3523 nemo
312 3488 366 3523 eam
384 3473 467 3539 pretio
485 3490 530 3523 suo
548 3471 725 3539 praestinarit.
757 3471 831 3525 Certe
848 3471 887 3522 vel
905 3487 921 3522 a
938 3471 1148 3523 dissentientibus

64 3540 131 3590 idem
148 3545 256 3591 meretur
273 3541 335 3592 haec
353 3541 450 3605 egregii
468 3541 517 3591 viri
535 3541 695 3591 coniectura:
721 3540 785 3589 mihi
804 3546 901 3601 tamen,
928 3544 958 3589 ut
982 3540 1047 3604 qnod
1066 3540 1149 3591 sentio

64 3624 128 3669 enm,
150 3607 307 3673 ingeniosior
324 3608 425 3660 ridetur
443 3624 518 3673 quam
537 3609 643 3675 verton
661 3608 794 3672 Principio
812 3607 893 3666 eninr,
921 3608 1027 3656 nimium
1046 3623 1105 3657 sene
1123 3612 1148 3657 et

65 3677 183 3726 rnimium
201 3676 249 3727 sali
273 3678 347 3742 nigro
372 3676 481 3727 indulsit
497 3678 602 3738 Noster,
629 3676 649 3725 si
673 3691 719 3740 pro
738 3675 866 3738 Penelopa
883 3674 1004 3724 Thaidem
1022 3674 1148 3738 quandem

64 3750 78 3793 t
87 3743 238 3795 Bacchidem
255 3745 329 3795 nobis
347 3744 473 3810 depinxit.
498 3744 556 3795 Non
574 3744 660 3795 omnia
676 3742 716 3793 vel
726 3743 776 3807 ipsi
789 3744 887 3793 satirae
903 3741 989 3793 licent
1016 3742 1148 3793 Hactenus

64 3812 133 3862 idem
150 3812 188 3861 fas
206 3818 267 3875 erat,
286 3811 386 3863 Oastam
405 3828 459 3863 eam
477 3829 545 3863 nunc
563 3828 628 3874 esse,
647 3811 709 3862 adeo
727 3819 810 3860 tamen
828 3814 857 3860 ut
873 3809 1021 3874 ingentibus
1039 3811 1149 3860 muneri·

64 3897 79 3930 s
96 3880 237 3946 expugnari
254 3881 354 3932 tandem
373 3881 456 3946 possit
472 3881 528 3931 eius
545 3880 684 3946 pudicitia:
711 3879 759 3928 hoo
783 3877 883 3928 scilieet
905 3877 1018 3928 mulieris
1043 3883 1094 3928 est:
1122 3882 1150 3928 at

64 3949 98 3999 ud
115 3951 203 3999 venire
221 3954 254 4010 et,
272 3949 333 4000 licet
351 3949 546 4015 quamplurimo,
564 3949 675 3999 venalem
695 3963 721 3999 se
734 3946 833 4009 bahem,
851 3945 991 3996 meretricis
1009 3952 1047 3995 est
1064 3946 1148 4011 plane,

77 4015 175 4080 quidem
192 4017 316 4082 procacis.
350 4017 408 4068 Hoc
427 4018 508 4083 igitur
525 4017 580 4068 vult
597 4017 716 4078 Tiresias,
733 4014 847 4080 perduci
862 4014 962 4065 demum
979 4030 1052 4079 posse
1068 4016 1149 4065 Pene-

64 4100 125 4150 pam,
143 4086 164 4134 si
182 4083 256 4134 donis
273 4100 354 4151 usque
372 4091 398 4136 et
414 4101 496 4150 nsque
512 4085 669 4138 cumuletnrr
687 4088 714 4134 at
730 4082 798 4133 ultro
815 4097 843 4133 se
859 4082 978 4133 venalem
987 4082 1147 4147 prostituere,

64 4169 108 4216 que
125 4153 184 4202 adeo
203 4159 336 4217 quaestum
354 4153 526 4205 meretricium
549 4159 639 4220 sponte
662 4152 791 4217 occipere,
818 4151 876 4217 quis
899 4166 930 4203 ea
952 4150 1149 4201 calumniantem

83 4237 104 4287 t)
120 4235 146 4289 [o.
160 4235 247 4289 matoes]
