2840 4752
221 227 286 290 438
601 239 632 299 o.
654 241 795 291 nonem
815 240 938 288 ennom

243 387 273 438 tt
288 374 322 440 Si
345 380 377 439 te
399 375 460 439 aiio
482 395 602 461 prorue
624 373 805 440 detorseris.
849 372 1035 449 Avidienus‚

285 458 346 524 Oui
368 458 465 524 Oanis
488 479 529 524 ex
549 478 624 525 vero
647 459 777 524 ductum
799 478 973 540 cognomen
996 459 1158 537 adhaeret,

284 543 504 627 Quinquennis
526 545 614 610 oleas
636 550 695 619 eet,
718 551 751 610 et
773 544 932 611 silvestria
953 563 1064 622 eome3

282 630 339 707 Ac,
360 630 422 697 nisi
445 636 611 707 mutatum,
633 630 737 714 percit
757 629 933 697 defundere
953 629 1078 706 vinnm3
1101 633 1134 694 et

284 713 385 780 (iuius
406 716 535 780 odorem
557 714 619 779 olei
640 734 782 796 nequens
804 715 946 800 perterre
968 712 1086 793 (licebit

240 809 271 861 60
284 798 342 865 Ille
364 799 497 886 repotia,
520 800 646 878 natalie,
669 800 790 865 aliosve
812 798 934 865 dierum

615 933 639 971 v.
657 919 699 971 55.
722 916 799 984 Vulg.
816 916 939 968 stonum.

219 1051 264 1102 dre
288 1052 356 1117 opud
379 1054 506 1103 Nasonem
529 1052 634 1105 Heroid.
652 1052 696 1103 IV.
721 1069 744 1104 v.
766 1052 807 1104 74.
842 1055 994 1117 ,staremque
1018 1056 1115 1103 vocent
1138 1050 1209 1101 oliae
1232 1049 1336 1100 enimn

218 1120 389 1186 rigidumque
406 1127 566 1185 tmecernqne.
601 1121 654 1171 Pro
671 1120 771 1189 rigido,
789 1121 903 1170 Phaedro
920 1120 1019 1181 iudice,
1037 1119 1117 1181 soriis
1135 1119 1218 1169 erct.“
1252 1120 1335 1169 Porro

218 1188 285 1238 nlius
303 1193 378 1253 po‘e'te
396 1188 432 1239 sic
450 1191 535 1253 potius
553 1189 703 1253 scripsisset,
722 1187 871 1249 „Sordidus
889 1206 905 1238 α
924 1191 999 1238 tenni
1014 1189 1096 1238 vietus
1115 1188 1248 1237 scitarier
1287 1184 1335 1235 Sed

218 1257 255 1306 sic
283 1256 345 1306 aiibi
371 1262 457 1306 noster
474 1256 555 1320 Epod.
575 1258 602 1316 1,
624 1258 662 1307 15.
698 1254 815 1320 ‚‚Iioges‚
841 1261 913 1305 tnum
935 1255 1021 1307 labore
1047 1255 1114 1321 quid
1137 1258 1225 1304 iurem
1240 1254 1335 1304 meod‘

218 1331 244 1374 et
261 1326 315 1372 Art.
333 1326 403 1374 Post.
421 1341 445 1374 v.
463 1327 521 1376 237.
556 1324 678 1388 „Scimus
695 1326 848 1374 inurbanum
867 1324 953 1388 lepido
971 1339 1097 1390 seponere
1115 1323 1211 1373 dieto.“

286 1394 327 1443 55.
362 1391 394 1443 Si
417 1398 442 1441 te
465 1392 520 1442 olio
544 1407 658 1457 pravum
682 1392 832 1455 detorseris]
867 1393 1066 1456 Elegantissime
1089 1391 1280 1455 certissimeque
1298 1391 1336 1439 est

218 1459 369 1509 Bersmenni
386 1459 481 1509 codicis
498 1461 588 1510 lectio:
615 1461 697 1515 nostri
720 1461 787 1510 enim
805 1476 891 1511 omnes
909 1476 924 1510 s
940 1461 1044 1525 vulgata
1061 1464 1143 1511 stant:
1171 1457 1222 1522 „Si
1238 1464 1263 1508 te
1280 1457 1335 1508 alio

220 1543 313 1594 prorue
338 1527 506 1578 detorseris.“
540 1528 623 1592 qualis
646 1527 827 1578 adiectivornm
852 1529 1007 1578 constructio
1029 1527 1157 1578 sollemnis
1177 1531 1215 1576 est
1233 1526 1335 1586 Nostro,

219 1599 250 1645 ut
266 1595 395 1646 studiosus
412 1595 491 1645 lector
508 1596 603 1661 passim
627 1596 735 1648 notabit.
770 1597 811 1644 Ite
829 1596 906 1646 Serm.
925 1597 965 1657 Ii,
984 1598 1007 1647 7,
1025 1613 1048 1645 v.
1068 1598 1109 1646 71.
1143 1610 1231 1660 „qnos
1248 1594 1336 1644 bellna

221 1666 317 1727 ruptis,
337 1661 400 1714 Cum
417 1663 497 1713 semel
513 1663 616 1729 effugit,
634 1664 724 1713 reddit
739 1679 767 1712 se
783 1678 860 1728 preve
878 1666 1013 1714 catenis?“
1031 1668 1057 1713 et
1073 1664 1152 1713 Serm.
1170 1664 1192 1726 Ι,
1210 1665 1234 1713 4.
1254 1679 1276 1715 o.
1296 1662 1336 1712 79.

218 1730 353 1794 „Loedere
368 1731 485 1795 gendes,
509 1732 613 1796 leontii,
638 1737 663 1781 et
680 1733 730 1781 too
746 1731 834 1782 studio
853 1747 944 1796 pravus
962 1731 1057 1792 sncis.“
1085 1730 1138 1792 nbi,
1157 1732 1180 1780 si
1199 1730 1237 1780 its
1255 1730 1336 1779 risum

217 1800 290 1860 foret,
308 1800 395 1848 studio
411 1814 497 1864 proco
516 1799 598 1849 dicere
616 1800 754 1863 potuisset3
785 1804 812 1848 nt
829 1801 918 1849 Livius
935 1799 1019 1861 XLII,
1038 1802 1079 1852 63.
1098 1800 1124 1864 [ξ
1143 1796 1168 1866 2}
1204 1796 1286 1862 „Non
1304 1796 1335 1846 ob

219 1868 301 1917 aliem
320 1882 453 1931 caussam,
473 1882 551 1932 qnam
575 1883 652 1932 pravo
676 1868 762 1917 studio
768 1887 778 1930 ,·
803 1883 854 1932 quo
872 1871 951 1918 etiam
968 1869 998 1918 in
1016 1867 1206 1917 certaminibus
1225 1867 1336 1916 ludicris

218 1935 315 1999 colgus
332 1939 427 1997 untur,
454 1935 583 1986 deteriori
599 1941 678 2000 otqrie
695 1936 841 1996 infirmiori
856 1935 998 1995 serendo.“
1033 1934 1149 1986 Ceterum
1166 1935 1216 1984 hoe
1234 1935 1265 1984 in
1281 1934 1335 1983 loeo

218 2018 271 2054 non
288 2004 445 2053 constructio
463 2002 543 2052 solum
560 2003 699 2067 figuratim,
718 2003 761 2052 sed
776 2008 802 2053 et
815 2003 1238 2068 ipsesententiemeiioreiiieiter:
1257 2016 1337 2066 „nom

217 2071 324 2132 smestra
341 2074 434 2120 citium
453 2074 578 2120 vitaveris
595 2071 679 2134 silom·
697 2070 729 2121 Si
746 2076 771 2121 te
788 2072 842 2121 olio
860 2087 952 2137 prnsus
965 2071 1137 2121 detorserir“:
1156 2070 1217 2120 ideo
1236 2070 1335 2121 seilicet

218 2154 318 2204 pravus,
337 2138 409 2204 qood
426 2143 450 2188 te
468 2138 518 2187 elio
536 2140 691 2204 detorquens.
719 2139 797 2204 Atqui
815 2139 838 2188 si
853 2155 968 2205 pravum
984 2140 1090 2204 legerim
1108 2143 1163 2188 iam
1181 2145 1239 2189 tum
1257 2138 1335 2188 tuisse

218 2222 323 2272 prorum
339 2207 530 2269 criminaberis,
556 2210 713 2272 priusquam
736 2206 768 2256 ad
785 2207 856 2257 eliud
872 2208 964 2257 vitium
982 2223 1007 2257 se
1025 2208 1172 2257 detorserit:
1202 2206 1272 2270 qnod
1288 2205 1334 2256 inl·

218 2291 274 2324 sum
291 2278 336 2325 est,

286 2344 327 2395 56.
364 2341 414 2393 Cui
430 2345 504 2392 coreis
522 2358 557 2391 em
575 2357 636 2391 nero
655 2342 763 2392 ductum
781 2357 927 2406 cognomen
944 2342 1081 2405 edisceret]
1113 2342 1251 2392 Editiones
1269 2344 1336 2391 vete·

218 2410 412 2471 resisterunt,
437 2410 482 2460 lim
498 2425 560 2460 cero
580 2409 694 2466 dietnmr
721 2414 746 2460 et
768 2410 805 2460 sie
824 2410 923 2459 codices
940 2410 1020 2460 multo
1038 2411 1136 2476 piures,
1162 2410 1244 2460 nostri
1269 2414 1339 2476 certe

218 2479 250 2529 ed
270 2494 347 2528 unum
364 2494 462 2527 omnes:
490 2479 527 2528 sio
545 2479 647 2528 Graeci:
675 2475 951 2544 Ετυμολογούμεμον,
979 2478 1047 2543 qnod
1064 2479 1097 2527 ed
1115 2478 1220 2528 verbnm
1238 2477 1335 2538 reddas,

219 2563 253 2597 en
270 2562 332 2596 vero
351 2546 459 2598 dietum.
486 2547 577 2596 Livius
588 2547 609 2607 1,
630 2549 650 2596 l.
668 2548 749 2608 [extr]
777 2545 883 2610 „Stirps
900 2547 994 2609 virilis,
1013 2550 1059 2596 cni
1074 2546 1222 2596 Ascanium
1237 2562 1336 2611 paren·

219 2622 256 2663 ies
274 2615 358 2663 dixere
375 2614 493 2663 nomen.“
526 2614 620 2663 Noster
636 2614 720 2677 Epist.
738 2615 764 2675 Ι,
784 2616 807 2664 7.
826 2630 848 2664 r.
867 2615 908 2665 92.
932 2614 981 2679 pol
997 2629 1038 2664 me
1055 2619 1196 2677 miserum,
1211 2619 1335 2679 patrone,

218 2698 334 2743 vocares,
353 2680 384 2731 Si
400 2681 492 2744 velles,
510 2684 610 2745 inquit,
629 2696 720 2731 oerum
736 2682 803 2731 milei
820 2682 903 2730 dicere
920 2685 1041 2731 nomen“:
1066 2688 1095 2731 ut
1112 2682 1150 2732 ibi
1167 2681 1265 2732 hebent
1283 2686 1335 2731 tum

218 2749 282 2799 editi
299 2749 408 2813 antiqui,
426 2753 480 2797 tum
497 2749 624 2798 veterrimi
642 2749 740 2814 aliquot
757 2748 864 2811 codices,
882 2750 1052 2811 Graecinum,
1069 2750 1218 2810 Leidensis‚
1238 2755 1264 2799 et
1282 2748 1334 2800 eiii.

219 2816 354 2868 Sallustius
372 2817 489 2880 Iugurth.
508 2832 529 2866 e.
542 2818 583 2868 78.
602 2817 628 2882 [6
650 2820 672 2879 l]
699 2815 838 2881 „Geinum
855 2820 935 2867 situm
952 2822 1022 2868 inter
1040 2818 1106 2868 diros
1124 2818 1222 2883 Syriis,
1241 2819 1334 2883 quitus

217 2900 313 2935 nomen
331 2900 404 2935 exre
422 2883 549 2934 inditum“
566 2911 600 2921 —
617 2884 643 2950 [ξ
654 2887 680 2947 3]
698 2885 808 2951 „Syrtes
825 2901 841 2935 a
860 2890 950 2934 tractre
966 2888 1145 2936 nominatae‘·
1172 2886 1246 2938 Ovid.
1264 2886 1333 2936 Fest.

218 2955 253 3016 ΙΙ,
272 2954 329 3004 859.
364 2953 422 3015 „Ex
445 2969 503 3002 vero
528 2953 640 3017 positum
657 2956 805 3018 pennescit
821 2952 937 3018 Equirin
954 2956 1077 3007 nornen.“
1111 2954 1177 3004 Sene
1196 2970 1231 3003 eo·
1248 2970 1278 3003 re
1295 2956 1334 3002 in-

218 3022 318 3081 ditum,
343 3037 378 3071 ee
395 3036 456 3071 vero
473 3023 589 3086 positum
612 3021 719 3086 propius
746 3020 869 3070 secedunt
887 3020 918 3070 sd
936 3021 1048 3083 dictem,
1074 3021 1199 3086 quemad
1218 3021 1334 3072 ductum.

218 3088 370 3140 Tolerabilis
386 3090 473 3153 itaque
491 3105 520 3138 ee
537 3088 615 3138 lectio
632 3094 683 3149 est;
702 3094 730 3138 nt
747 3089 837 3139 mirum
856 3089 917 3138 adeo
934 3104 986 3139 non
1004 3090 1046 3151 sit,
1065 3090 1086 3138 si
1102 3090 1185 3139 edhuc
1203 3086 1333 3141 nonnullis

218 3158 324 3222 placent.
360 3158 474 3206 Doctum
494 3161 577 3205 temen
594 3156 637 3208 hio
655 3158 710 3206 inre
727 3162 894 3222 reposuerunt
917 3173 947 3206 ox
965 3154 1135 3208 vetustissimo
1153 3158 1240 3208 codiee
1258 3158 1333 3207 Blen-

218 3225 299 3275 dinio.
333 3225 375 3274 Sic
393 3224 461 3273 Naso
479 3225 548 3275 Fosi.
565 3225 586 3283 1,
605 3227 662 3277 467.
689 3225 767 3290 „Ipso
785 3240 869 3288 mone,
888 3240 956 3289 quoe
972 3241 1066 3275 nornen
1084 3226 1163 3275 nobes
1181 3242 1198 3275 a
1217 3228 1333 3276 camnine

218 3293 348 3343 dnetnm.“
366 3296 391 3341 et
401 3292 470 3340 Fert:
481 3292 530 3353 ΙΙΙ,
548 3292 605 3342 387.
635 3292 708 3356 „Iam
723 3291 938 3342 dederotSntiir:
957 3308 973 3341 n
989 3294 1062 3344 saltn
1078 3295 1187 3344 nomina
1206 3293 1331 3344 ducunt“:

217 3360 263 3411 nbi
285 3359 343 3409 ride
359 3360 502 3410 Heinsinm.
537 3359 607 3408 Idem
630 3359 725 3409 ibidem
747 3377 769 3410 v.
789 3363 846 3412 733.
882 3359 1014 3422 „Nomine
1038 3360 1069 3411 ct
1095 3365 1214 3411 siccioris
1239 3362 1332 3412 duonnt

217 3427 360 3479 bitumino
377 3429 498 3477 nomen.“
523 3426 617 3476 Noster
634 3429 712 3478 Serm.
726 3429 760 3490 11,
782 3430 803 3479 1.
822 3444 846 3479 r.
865 3430 904 3481 65.
924 3427 1130 3490 „semitertius
1147 3432 1240 3493 etqui
1256 3429 1333 3479 Duxit

218 3498 251 3547 et
270 3510 394 3559 oppresso
413 3498 535 3544 meritum
555 3493 717 3560 Carthagine
733 3497 854 3546 nomen.“
889 3495 976 3547 Cicero
1000 3497 1038 3547 De
1055 3497 1115 3547 Nat.
1133 3497 1208 3547 Deor.
1228 3498 1271 3559 11,
1292 3498 1331 3548 27.

218 3565 246 3631 [ξ
264 3565 307 3626 68]
342 3561 416 3627 „Nee
436 3563 514 3625 longe
532 3564 628 3612 circini
644 3565 676 3613 ab
695 3564 745 3614 tac
762 3567 790 3613 vi
807 3564 847 3613 dii
864 3564 986 3626 Penates,
1012 3568 1067 3614 sire
1091 3581 1108 3614 α
1130 3581 1204 3630 penu
1228 3567 1331 3616 nomine

217 3634 312 3683 ducto“
330 3638 377 3683 etc.
401 3631 437 3681 Et
454 3629 549 3681 ibidem
558 3632 606 3693 111,
616 3632 656 3682 24.
669 3632 695 3696 [ὅ
705 3633 747 3693 62]
765 3630 894 3695 „Notium
913 3637 951 3682 esi
968 3648 1070 3694 nomen,
1089 3633 1161 3697 qnod
1177 3649 1233 3683 non
1249 3635 1330 3699 porris

217 3717 273 3752 una
292 3701 370 3750 litera
387 3698 531 3765 replicare,
550 3700 621 3749 node
638 3699 742 3749 duetnm
758 3701 820 3752 sit.“
847 3698 963 3749 Ceterum
975 3700 1055 3750 codex
1064 3705 1179 3753 vetustus
1188 3699 1330 3761 Pnimenni,

217 3768 288 3835 „Cui
304 3771 379 3819 oanis
396 3783 431 3818 en
447 3783 509 3817 sero
527 3767 627 3817 dictum
645 3782 790 3831 cognomen
806 3767 952 3817 edheerit‘:
974 3769 1016 3818 Sic
1035 3769 1142 3818 Serenus
1159 3769 1330 3819 Sammonicus

218 3836 327 3889 sexi.
346 3840 378 3901 [e.
386 3834 472 3887 LXIV
489 3852 512 3884 v.
523 3837 608 3898 stou,
625 3834 670 3885 ubi
687 3836 755 3885 hune
773 3836 856 3886 iocum
873 3834 987 3887 imitatus
1005 3841 1050 3899 est,
1068 3836 1223 3901 „Interdum
1244 3838 1331 3888 enirm

218 3908 294 3972 turpi
310 3920 423 3955 verruca
440 3903 560 3969 papium·
586 3903 654 3953 Hinc
678 3903 813 3967 qnondam
829 3903 913 3953 Fabio
931 3920 1017 3954 verum
1035 3920 1174 3969 cognomen
1192 3905 1328 3957 sdheeeit“

218 3974 268 4023 Sed
291 3974 319 4023 in
337 3974 429 4023 Fleeeo
453 3976 520 4022 reete
537 3971 614 4020 habet
630 3971 773 4023 Adhaeret.
806 3972 858 4021 Hic
882 3971 950 4023 enim
973 3972 1003 4022 de
1021 3972 1145 4023 Asidieno
1169 3974 1247 4035 rivo,
1263 3975 1328 4024 Sem·

217 4041 332 4091 monicus
350 4041 381 4091 de
398 4040 546 4090 Verrucoso'
556 4043 656 4089 mortuo
672 4039 773 4089 loeutus
791 4045 836 4089 est.
868 4070 870 4075 ·

286 4111 327 4162 59.
364 4107 444 4160 Ouios
461 4107 568 4156 odorem
586 4106 646 4168 cler]
681 4106 746 4156 Vide
763 4108 836 4157 modo
853 4107 950 4158 locum:
975 4108 1075 4173 „duim
1093 4107 1201 4159 odorem
1219 4109 1274 4159 olei
1289 4124 1328 4159 ne·

217 4190 299 4239 queas
313 4175 437 4239 perferre
455 4173 554 4233 (iicebit
565 4174 613 4222 lile
627 4175 739 4237 repotia,
757 4175 869 4236 natales,
888 4176 987 4226 aliosve
1005 4176 1209 4226 dierumFeetor
1228 4177 1327 4227 alteim
