2840 4752
339 206 345 215 ’
394 235 579 286 suanorum
599 236 666 283 nra.
687 234 723 282 11.
745 228 769 281 e.

92 374 189 449 Tene,
213 377 248 435 nt
270 389 330 452 ego
352 369 490 456 accipiar
510 370 608 447 laute,
631 368 807 452 torquerier
828 373 913 436 omui

93 455 312 523 Sollicitudine
334 455 527 532 districtum
550 475 589 520 ne
611 456 704 540 panis
726 454 870 534 adustus,

93 543 143 608 Ne
164 542 247 606 male
269 539 430 606 conditum
453 540 504 605 ius
526 541 722 626 adponatur;
744 547 779 604 ut
801 558 911 608 omues

64 625 271 694 oPraecincti
291 632 377 692 recte
398 625 489 710 pueri
511 625 669 707 comtique
691 624 889 692 ministrent?

93 712 187 778 Adde
207 712 266 776 hos
288 717 453 795 praeterea
475 730 585 788 casus;
608 711 723 775 aulaea
745 718 840 776 ruant
861 712 898 788 si,

94 797 138 868 Ut
158 795 269 875 modo;
292 795 320 861 si
341 796 485 882 patinam
506 795 588 882 pede
611 796 722 861 labsus
743 795 872 879 frangat
892 818 1002 881 agaso.

94 881 159 950 Sed
180 880 400 959 convivatoris,
423 889 469 945 utr
492 881 592 955 ducis,
613 899 777 962 ingenium
800 900 851 948 res

93 967 258 1034 Advorsae
279 965 401 1031 nudare
423 966 536 1043 solent,
558 965 662 1031 celare
684 966 853 1032 secundae.

65 1050 291 1119 oNasidienus
313 1051 354 1116 ad
377 1049 473 1116 haec:
495 1049 569 1115 Tibi
590 1053 643 1129 Di,
665 1071 884 1134 quaecumque
906 1054 1054 1138 preceris,

96 1136 271 1204 Commoda
292 1136 382 1213 deut,
403 1135 449 1201 ita
470 1135 519 1200 vir
540 1136 642 1201 bonus
663 1156 709 1213 eu,
731 1138 927 1221 convivaque
949 1139 1064 1209 comis:

95 1223 137 1288 Et
158 1223 263 1287 soleas
283 1221 395 1307 poscit.
441 1226 507 1285 tum
529 1220 561 1285 in
584 1220 665 1286 lecto
688 1242 815 1304 quoque
835 1223 961 1290 videres

96 1307 236 1374 Stridere
259 1312 382 1372 secreta
403 1305 523 1373 divisos
544 1325 621 1372 aure
644 1326 802 1373 susurros.

94 1392 210 1460 Nullos
231 1391 282 1457 his
304 1389 431 1456 mallem
453 1389 547 1456 ludos
570 1398 750 1477 spectasse:
773 1391 831 1458 sed
852 1392 909 1457 illa

64 1476 216 1553 oRedde,
239 1496 311 1558 age,
334 1496 417 1558 quae
440 1476 591 1562 deinceps
613 1476 721 1542 risisti.
754 1477 902 1544 Vibidius
924 1477 999 1543 dum

97 1561 227 1641 Quaerit
249 1562 290 1627 de
312 1560 431 1647 pueris,
454 1581 530 1626 num
553 1563 595 1627 sit
617 1583 744 1646 quoque
766 1563 869 1628 fracta
891 1563 1017 1644 lagena,

96 1646 189 1726 Quod
212 1647 271 1713 sibi
294 1646 438 1731 poscenti
459 1666 522 1711 non
545 1647 659 1713 dentur
680 1648 810 1733 pocula;
834 1648 973 1731 dumque

95 1732 229 1800 Ridetur
248 1732 331 1797 lictis
352 1751 468 1810 rerum,
490 1732 660 1798 Balatrone
683 1735 837 1799 secundo:

95 1816 278 1896 Nasidiene,
301 1817 387 1883 redis
408 1823 551 1883 mutatae
572 1818 695 1897 frontis,
718 1826 753 1882 ut
774 1824 842 1883 arte

64 1903 333 1970 ailmendaturus
356 1903 524 1967 fortunam.
569 1902 684 1969 deinde
707 1905 805 1968 secuti

95 1990 281 2055 Manonomo
303 1987 394 2074 pueri
416 2007 534 2067 magno
557 1988 717 2074 discerpta
739 1988 878 2054 ferentes

96 2073 239 2140 Membra
260 2074 360 2154 gruis,
384 2073 488 2158 sparsi
511 2075 579 2139 sale
601 2076 700 2139 multo
722 2094 784 2137 nou
808 2073 876 2139 aine
899 2072 992 2143 farre,

98 2157 277 2240 Pinguibus
300 2168 333 2223 et
353 2157 421 2224 ficis
442 2166 570 2244 pastum
594 2159 681 2224 iecur
702 2160 825 2225 auseris
846 2156 921 2235 albi,

96 2244 137 2309 Et
158 2246 301 2329 leporum
324 2243 462 2321 avolsos,
485 2251 520 2308 ut
541 2246 641 2309 multo
664 2245 804 2322 suavius,
827 2262 943 2320 armos,

64 2328 202 2407 nouam
226 2328 346 2395 sicum
369 2328 487 2395 lumbis
509 2330 580 2412 quis
604 2330 678 2395 edit
724 2335 790 2393 tum
813 2335 941 2415 pectore
963 2325 1078 2393 adusto

98 2414 242 2479 Vidimus
265 2420 297 2479 et
319 2415 458 2481 merulas
480 2416 565 2500 poni,
588 2421 621 2480 et
642 2417 711 2480 sine
733 2414 826 2480 clune
847 2411 1026 2517 palumbis;

99 2500 213 2566 Suavis
235 2519 297 2575 res,
321 2499 354 2566 si
371 2519 434 2565 non
456 2519 572 2567 causas
593 2505 739 2565 narraret
759 2519 879 2577 earum,
902 2504 934 2564 et

97 2584 237 2649 Naturae
259 2583 424 2654 dominus:
451 2604 546 2668 quem
567 2606 626 2652 nos
649 2586 695 2651 sic
717 2585 859 2667 fugimus
881 2582 950 2663 ulti,

65 2819 189 2870 :Plotina
206 2818 236 2870 de
255 2819 349 2871 tuenda
365 2820 511 2872 valetudine
529 2820 563 2885 [X
580 2837 602 2872 c.
620 2824 676 2885 351:
702 2822 820 2886 „Passeri
842 2823 926 2887 pr'sci,
949 2820 1022 2872 alico
1036 2825 1155 2887 petrose-

65 2902 129 2948 wni,
147 2902 204 2938 asso
219 2888 399 2938 maluerunt&
414 2904 521 2939 artemam
539 2889 639 2939 indcr.“

103 2957 142 3006 75.
182 2952 242 3005 Tios·
258 2955 288 3006 di
304 2971 483 3022 quoecumque
499 2960 626 3022 preceris]
649 2956 786 3007 Editiones
802 2957 902 3022 priseae
918 2972 1059 3019 resonans,
1078 2962 1155 3021 atque

65 3039 73 3073 r
91 3024 181 3088 scripti
198 3039 229 3074 ex
244 3024 339 3074 uostris
357 3025 477 3090 quinque,
496 3026 540 3075 sed
557 3025 716 3076 recentiorem
751 3024 879 3075 Martialis
895 3024 942 3086 Vl,
960 3026 1001 3077 87.
1035 3026 1091 3090 „Dr
1108 3027 1156 3074 troi·

65 3097 106 3155 inl,
124 3097 150 3140 et
166 3096 204 3155 tu,
223 3090 328 3156 Caesar,
347 3108 526 3158 quaecumque
543 3094 659 3146 mereris:
682 3094 720 3142 lli
736 3093 803 3142 milri
820 3093 889 3156 dent,
908 3099 933 3143 at
951 3097 989 3156 tu,
1007 3109 1074 3157 quae
1090 3094 1155 3157 volo,

82 3161 194 3210 merui.“
228 3164 254 3210 et
277 3159 316 3224 X,
341 3163 381 3213 34.
407 3163 483 3224 [r.1]
518 3161 575 3226 „Di
596 3162 646 3211 libi
669 3160 732 3210 dent
754 3161 889 3226 quicquid,
915 3159 1013 3212 Cursor
1031 3159 1154 3227 Trnione,

65 3228 164 3278 eretis.“
187 3228 266 3279 Recte
283 3233 366 3278 tamen
384 3243 516 3278 rancnims
534 3232 702 3295 reposuerunt
718 3228 768 3278 viri
786 3228 855 3278 docti
872 3244 903 3279 ex
919 3227 1067 3280 melioribus
1079 3246 1155 3280 mem·
1177 3287 1179 3292 .

65 3297 132 3346 anis.
166 3296 235 3347 Bene
253 3296 355 3361 quidem
372 3296 513 3359 Martialis,
531 3300 652 3361 matoria
675 3313 728 3347 non
745 3301 886 3357 mercoris3
905 3298 972 3362 quod
990 3298 1156 3348 contumeliae

66 3380 91 3414 20
109 3364 186 3415 forat:
211 3365 262 3414 iam
281 3369 334 3413 tum
352 3365 420 3415 enim
437 3362 505 3417 bona
521 3362 663 3415 merebatur
681 3365 780 3417 Caesar.
815 3368 850 3415 nt
866 3365 997 3416 Balatroni
1015 3370 1087 3432 optat
1105 3367 1156 3415 Na·

66 3432 165 3494 lienus,
192 3448 244 3482 non
262 3447 326 3498 quaa
342 3449 411 3484 nunc
429 3434 488 3483 deos
504 3438 632 3498 precatur
649 3433 726 3493 (nihil
743 3434 820 3495 enim)
845 3433 888 3484 sed
906 3448 1076 3500 quaecumque
1094 3434 1157 3485 alias

66 3506 166 3551 >ecetram
200 3500 284 3551 Pleut.
306 3501 380 3555 Asin,
400 3501 428 3565 Ι,
456 3505 475 3552 l.
502 3504 535 3564 [r.
553 3499 596 3567 32]
630 3501 686 3563 „Di
709 3502 758 3551 tibi
781 3502 844 3552 dent
866 3517 1045 3567 quaecumque
1071 3507 1157 3569 optes:

67 3567 117 3618 dria
135 3583 244 3633 operam
261 3570 353 3618 milii.“
387 3568 512 3620 Pseudolo
529 3566 574 3631 lv,
595 3571 617 3621 l.
637 3569 673 3633 [v.
691 3572 733 3631 25]
765 3570 899 3632 „Tantum
917 3572 966 3620 tibi
983 3572 1047 3619 boni
1064 3570 1093 3619 di
1108 3573 1156 3620 im-

66 3636 162 3687 ortolce
180 3635 272 3699 duint,
298 3633 435 3701 Quantum
459 3642 489 3687 tu
512 3637 561 3687 libi
577 3640 675 3701 optes.“
708 3636 764 3687 Mil.
783 3637 853 3689 Glor.
868 3636 913 3703 IV,
931 3639 955 3689 2.
974 3640 1007 3700 [v.
1024 3639 1070 3700 48}
1103 3638 1158 3701 „Di

66 3705 86 3754 li
104 3704 174 3768 deul,
191 3720 260 3770 quoe
276 3708 380 3771 optesr:
397 3709 424 3755 et
439 3720 515 3771 saepo
531 3703 602 3755 alibi.

105 3774 146 3824 88.
182 3772 260 3823 Iecur
289 3775 391 3822 anseris
420 3773 486 3838 alba]
525 3772 584 3823 Non
612 3772 795 3823 contemnende
823 3771 900 3822 lectio
929 3775 967 3823 est
989 3772 1157 3822 vetustissimi

66 3839 184 3901 audinfi,
210 3844 237 3891 et
258 3840 364 3892 alterius
387 3840 484 3892 codicis
506 3840 576 3906 apud
593 3840 745 3906 Oruquium,
769 3845 795 3891 et
816 3840 893 3891 unius
916 3855 947 3891 ex
963 3841 1156 3890 Pulmannianis

66 3909 136 3971 timi,
159 3908 329 3973 ,flnguibm
352 3914 378 3958 at
400 3909 460 3971 ficis
476 3916 583 3975 paetum
602 3912 676 3960 iecur
693 3912 797 3959 anseris
813 3910 928 3961 ALBAB.“
962 3907 1071 3958 Videtur
1088 3910 1156 3958 enim

66 3992 83 4029 c
101 3976 215 4043 ineptam
224 3976 359 4028 Nasidieni
376 3973 534 4047 περιεργίαν
550 3974 616 4028 bella
633 3977 780 4044 exprimere,
799 3975 865 4042 qnod
882 3992 956 4027 anser
963 3975 1064 4037 seruitia
1082 3982 1156 4038 esset,

66 4044 105 4098 iod
120 4045 205 4097 colore
223 4045 297 4108 albo,
323 4060 430 4111 quarum
453 4062 536 4096 rerum
559 4060 660 4097 caussas
677 4044 780 4096 subtilis
796 4044 879 4111 palati
895 4043 1012 4095 domiuus
1029 4043 1156 4106 narrabat,

66 4129 165 4180 mquam
186 4114 274 4180 magni
296 4113 449 4165 interessent
471 4113 504 4165 ad
527 4129 628 4165 suarem
652 4129 774 4179 saporem.
809 4112 874 4165 Vide
898 4110 949 4164 nos
968 4111 1001 4163 ad
1025 4112 1103 4165 Serm.
1120 4114 1155 4174 II,

77 4198 101 4234 v.
118 4184 161 4236 44.
