2840 4752
427 253 610 303 SERMONUM
630 256 695 302 LIB·
719 257 755 305 11.
778 251 801 300 b.

117 384 162 461 (Si
183 386 323 455 memini)
346 387 478 465 Varius3
504 408 575 453 rum
599 389 731 455 Seruilio
754 390 924 457 Balatrone

116 470 273 546 Vibidius,
296 491 377 553 quos
400 474 568 538 Maecenas
590 473 769 541 adduxerat
791 476 937 543 umbras:

114 556 334 621 Nomentanus
356 563 425 622 erat
446 577 544 642 super
565 558 685 643 ipsum;
708 560 840 627 Porcius
862 561 955 640 inira,

113 640 277 706 Ridiculus
300 649 383 707 totas
406 642 501 707 simul
522 644 692 708 absorbere
737 644 894 712 lacertas:

70 738 102 788 25
116 727 336 791 Nomentanus
357 726 400 791 ad
421 726 490 804 hoc,
515 728 580 810 qui,
603 728 630 793 si
653 667 735 811 quidJ
753 729 834 796 torte
855 732 978 811 lateret,

114 811 221 876 Indice
243 818 434 877 monstraret
456 813 566 894 digito.
610 834 683 878 nam
707 822 813 880 cetera
834 819 937 894 turba,

112 899 180 962 Nos
201 897 341 978 inquam,
365 917 514 963 cenamus
536 899 615 974 avis,
639 901 813 982 conchylia,
837 902 945 986 piscis,

113 983 225 1063 Longe
247 982 433 1048 dissimilem
456 992 531 1047 noto
553 984 689 1049 celantia
712 1005 856 1050 succum:

113 1069 156 1134 Ut
177 1066 228 1133 vel
251 1067 399 1133 conbuuo
421 1069 534 1153 patuit,
558 1088 628 1134 oum
652 1070 793 1154 passeris
815 1071 891 1149 assi,
914 1078 946 1137 et

69 1166 99 1215 30
114 1154 283 1233 Iugustata
304 1152 381 1217 mibi
404 1160 590 1238 porrexerat
611 1155 667 1220 ilia
688 1155 821 1221 rhombi.

113 1239 191 1303 Post
212 1237 272 1301 boc
293 1256 344 1302 me
367 1238 474 1303 docuit
495 1239 654 1305 melimela
676 1242 799 1317 rubere,
822 1240 975 1305 minorem

111 1324 164 1388 Ad
185 1324 294 1387 lunam
316 1323 449 1389 delecta.
494 1324 571 1406 quid
593 1325 653 1389 boo
674 1326 808 1403 intersit,
831 1325 966 1410 abipso

112 1407 263 1473 Audieris
285 1408 409 1473 melius.
453 1415 521 1473 tum
543 1410 690 1476 Vibidius
712 1410 874 1475 Balatroni
881 1432 890 1489 3

111 1494 198 1574 NOS,
220 1491 283 1559 nisi
305 1493 458 1561 damnose
479 1493 628 1574 bibimus,
650 1496 821 1561 moriemur
841 1495 949 1574 inulti;

260 1660 282 1693 v.
302 1647 342 1697 29.
364 1645 438 1711 Vulg.
457 1647 578 1712 Passeris,
598 1647 692 1712 Atque.
728 1651 768 1700 30.
787 1648 952 1698 Perrexerit.

116 1816 156 1866 24.
192 1812 332 1864 Ridiculus
350 1819 419 1865 totas
436 1815 517 1868 simut
534 1816 673 1865 absorbere
689 1815 836 1880 piarentur]
861 1817 901 1864 Ita
919 1832 978 1865 sane
996 1816 1057 1866 libri
1076 1820 1171 1881 excusi,

62 1888 73 1933 t
90 1882 171 1932 maior
188 1898 246 1947 pars
263 1881 471 1934 membranarum.
507 1884 572 1933 Sunt
590 1888 673 1932 tamen
692 1883 790 1933 codices
809 1884 852 1948 qui
871 1899 959 1932 sarran
977 1883 1099 1950 babeant,
1118 1903 1171 1938 non

63 1951 135 2013 irunt,
162 1956 192 2000 ut
209 1966 239 2000 ex
255 1952 350 2000 nostris
366 1951 573 2001 Zulicbemianus
591 1957 616 2000 et
634 1951 775 2003 Leidensis.
811 1955 845 1999 st
862 1953 1053 2002 Franckeranus
1072 1970 1170 2018 sauna,

65 2020 132 2069 risca
149 2019 277 2070 scribendi
294 2020 407 2085 ratione,
431 2035 495 2083 quae
518 2021 613 2085 passim
636 2020 765 2082 comparet
782 2019 810 2068 in
829 2021 961 2070 veterrimo
979 2020 1065 2070 Plauti
1083 2024 1169 2074 codice

62 2087 238 2137 lamerariano:
266 2089 331 2137 unde
355 2103 417 2138 ansa
434 2087 547 2137 librariis
564 2087 659 2137 tradita
670 2103 737 2136 nunc
750 2088 836 2150 seruiet,
854 2104 922 2138 nuuc
933 2089 1014 2138 sinaut
1025 2090 1170 2155 attingendi.

62 2156 82 2204 lt
101 2156 225 2205 utrumvis
243 2156 345 2219 quidem
363 2156 405 2205 hic
423 2156 531 2221 probum
549 2160 594 2219 est,
613 2160 664 2204 tam
681 2156 762 2205 sinaut
779 2172 853 2219 quam
871 2156 963 2219 saniei,
981 2156 1028 2206 hoc
1047 2164 1098 2219 est,
1116 2175 1169 2210 uno

66 2229 146 2273 nsrrtu
164 2223 317 2284 absorber03
336 2224 387 2272 nisi
399 2224 466 2287 quod
484 2225 569 2273 nascio
587 2225 632 2288 qui
649 2225 774 2288 posterius
792 2225 873 2288 magis
891 2225 993 2285 arridet,
1012 2224 1169 2288 „llr'dr'cutus

61 2297 119 2341 otas
138 2307 226 2341 saman
244 2292 383 2343 absorbere
400 2292 565 2357 placentasf‘,
590 2293 685 2341 Seneca
696 2292 754 2340 Nat.
766 2292 920 2353 Quaestll',
934 2295 958 2343 2.
976 2294 1001 2358 [ξ
1014 2296 1056 2355 25]
1075 2293 1172 2357 „Quod

61 2362 71 2409 r·
88 2377 101 2409 e
118 2362 190 2409 mart
205 2359 468 2420 ferreturAtlantieo
487 2358 574 2423 Nilus,
602 2360 677 2409 semel
687 2360 806 2424 oppleret
814 2360 982 2425 Aegyptam:
1001 2368 1111 2413 ntnrnrc
1118 2380 1170 2428 par·

61 2427 150 2478 ¹radus
168 2430 288 2479 arescit.“
314 2429 349 2478 Et
366 2427 459 2477 ibidem
469 2429 527 2489 VII,
538 2431 578 2480 31.
598 2429 623 2493 [ξ
634 2430 649 2479 2
659 2429 776 2488 Fickert3
795 2431 827 2480 30
838 2429 853 2492 ξ
865 2431 880 2479 b
892 2429 986 2491 Haase]
1005 2428 1084 2492 „Non
1094 2431 1169 2481 semel

65 2494 177 2546 uaedam
188 2511 266 2546 sacra
277 2496 438 2547 tradantur:
446 2495 556 2546 Eleusin
566 2501 662 2558 seruat,
673 2496 745 2560 qaod
751 2496 872 2545 ostendat
881 2499 1069 2547 renuentibus:
1079 2515 1169 2549 rerum

61 2569 149 2613 antara
167 2579 246 2613 saara
264 2579 313 2614 sun
331 2580 385 2613 non
403 2563 509 2625 simul*t
530 2563 639 2623 tradit.“
666 2564 735 2613 Idem
745 2564 827 2628 Epist.
837 2563 930 2614 LXXI.
950 2564 976 2629 [ξ
990 2567 1032 2627 31]
1056 2565 1169 2629 „Ortum-

61 2630 190 2681 ‘amodum
209 2631 272 2681 tana
291 2632 419 2697 quosdam
437 2633 538 2682 colores
555 2633 631 2681 semel
649 2632 736 2693 ducit,
755 2632 895 2696 qarosdam,
920 2634 974 2681 nist
989 2638 1096 2699 saepius
1114 2651 1169 2685 ma-

62 2704 137 2749 erata
156 2705 181 2748 et
198 2704 317 2760 recocta,
344 2716 398 2750 non
415 2703 556 2766 perbibit.“
589 2701 660 2750 Idem
678 2700 778 2752 Consul.
797 2700 828 2748 ad
845 2700 971 2750 Helviam.
996 2716 1017 2750 c.
1039 2705 1077 2753 13.
1097 2703 1123 2768 [ξ
1142 2705 1168 2767 3]

61 2767 125 2817 rVon
143 2768 252 2832 singula
270 2771 337 2817 vitta
356 2771 460 2831 [ratio],
485 2768 531 2818 scd
552 2771 657 2834 pariter·
675 2771 763 2818 otnnr'a
781 2771 941 2832 prosternit:
968 2771 996 2817 r'n
1015 2773 1168 2821 universum

61 2837 122 2885 emel
140 2838 284 2886 rrinruarr‘
311 2835 420 2892 Quintil.
438 2837 549 2888 Declam.
558 2836 619 2887 XII.
638 2840 668 2899 [c.
681 2839 720 2898 15]
748 2837 815 2900 „llic
833 2839 893 2900 r'psn
908 2837 1002 2886 rutulio
1020 2836 1167 2901 feriantur,

61 2905 94 2952 ybr'
108 2904 226 2969 poputus
244 2906 314 2964 ruit,
332 2906 379 2953 nbi
396 2907 529 2954 continuis
547 2904 687 2965 funeribus
705 2907 789 2952 ostonis
806 2920 886 2953 scaras
905 2909 984 2968 atquae
1002 2911 1074 2955 aetas
1093 2908 1168 2956 semel

61 2974 203 3022 ternitur.“
237 2972 305 3021 Idem
324 2971 502 3022 CCCXLVIII.
522 2976 556 3037 [p.
576 2975 633 3035 734,
653 2974 684 3023 12
702 2973 798 3033 Burm.]
833 2973 893 3034 „An
913 2973 991 3021 tiberi
1008 2977 1090 3022 nostri
1106 2991 1168 3025 con-

61 3055 173 3106 ugasque
191 3039 319 3089 traditam
337 3057 353 3091 a
370 3043 517 3090 maioribus
525 3057 576 3106 per
584 3055 679 3091 manus
694 3041 782 3089 intzoc
801 3055 882 3104 resque
901 3045 1002 3104 ternpus
1021 3042 1167 3093 libertatem

61 3108 122 3157 smel
143 3108 313 3173 perderent.“
347 3108 473 3173 Vopiscus
496 3109 647 3169 Aureliano,
671 3110 712 3159 29.
740 3109 791 3169 [39]
827 3105 965 3170 „Tabulas
985 3109 1108 3173 publicas
1133 3111 1169 3161 art

61 3179 215 3226 *rivulorum
232 3179 400 3228 securitatem
425 3180 505 3226 cauri
528 3180 556 3226 tn
579 3177 640 3236 foro
662 3174 780 3225 Traiano
800 3175 876 3224 semel
893 3178 995 3226 iussit.“
1031 3176 1119 3228 Cicero
1137 3180 1167 3230 dc

61 3244 143 3294 illiciis
162 3245 210 3307 III,
231 3247 269 3297 15.
289 3245 315 3309 [ξ
334 3248 376 3307 62]
411 3245 565 3308 „Scaeuola
589 3259 648 3293 curn
665 3244 831 3307 postulasset,
849 3249 880 3293 ut
896 3245 949 3293 rior·
964 3245 1073 3309 frandus,
1092 3251 1169 3299 cuitus

61 3317 214 3376 minuerat,
233 3314 308 3364 semel
325 3314 517 3371 indicaretur.“
543 3311 706 3376 DigestVIl,
725 3314 748 3365 3.
764 3314 786 3363 t.
807 3315 864 3375 [pn]
892 3311 1076 3378 „Quamquam
1094 3332 1168 3367 asas-

61 3382 152 3431 'ructns
170 3397 204 3431 aa·
221 3381 336 3441 fruendo
355 3384 496 3443 consistat,
522 3382 571 3430 lroc
588 3386 640 3443 est,
664 3380 737 3441 facto
761 3380 851 3445 aliquio
877 3383 933 3430 etas
956 3385 1003 3446 qcrc‘
1020 3382 1124 3443 fruitur
1143 3392 1169 3435 et

61 3452 141 3509 titur,
160 3454 247 3499 tamen
265 3448 341 3498 semel
359 3449 428 3498 cedit
446 3446 671 3509 dies.“—„Unctc
689 3451 784 3513 qrcaeri
799 3454 893 3513 potest,
910 3452 935 3498 sr'
943 3448 1112 3510 usumfructus
1124 3456 1168 3502 cui

65 3534 94 3567 cr
112 3517 167 3566 dies
183 3517 304 3580 singulos
323 3517 433 3581 legetur,
451 3518 493 3566 crat
510 3521 538 3566 in
548 3533 632 3566 annor
640 3518 769 3580 singulos,
789 3533 824 3566 an
843 3517 917 3566 sanuel
937 3518 1032 3568 cedat?
1049 3519 1086 3569 Et
1100 3526 1167 3585 arato

61 3600 100 3635 :on
119 3584 211 3634 cedere
228 3584 311 3648 simul,
330 3585 376 3634 sect
391 3600 440 3649 per
459 3590 578 3650 tempora
596 3585 709 3647 adiecta,
726 3590 757 3633 at
774 3584 854 3649 plana
873 3585 961 3647 tegata
978 3588 1058 3635 sr'nt.“

112 3654 152 3704 29.
163 3659 189 3701 et
201 3655 241 3704 30.
262 3651 326 3703 Cum
343 3655 459 3718 passeris
477 3660 556 3717 atque
572 3654 714 3717 ingustata
731 3654 799 3701 rada
814 3655 968 3716 peruenerit
986 3654 1034 3702 itta
1052 3655 1166 3717 rhombi]

61 3721 133 3772 *lures
152 3720 253 3784 quidem
269 3720 370 3771 codices
385 3737 441 3771 cum
451 3722 557 3771 vetustis
567 3720 722 3771 editionibus
739 3736 926 3769 normannnis:
945 3736 988 3769 sex
999 3726 1082 3770 tamen
1092 3723 1167 3771 Lam-

61 3790 114 3852 ini,
138 3788 297 3853 Cruquianus
320 3804 401 3849 unus,
429 3794 455 3839 ot
472 3795 557 3839 noster
580 3788 784 3853 Magdaleueusis
802 3804 993 3848 consumam
1019 3789 1086 3853 quod
1103 3791 1166 3854 iure,

61 3859 150 3922 pinet,
177 3857 317 3909 Lambinus
341 3857 437 3924 aliique
461 3859 559 3923 aliquot
581 3858 609 3907 iu
635 3862 730 3907 textum
754 3862 910 3920 receperunt.
945 3856 1003 3905 Nou
1027 3858 1094 3906 enim
1113 3863 1167 3909 turn

61 3942 126 3991 opor·
140 3928 245 3992 patuit,
263 3942 320 3976 cum
338 3926 382 3976 ille
399 3930 566 3991 porneaarn't3
593 3925 636 3976 sed
654 3929 787 3991 postquam
810 3930 984 3989 peruenerat,
1009 3930 1085 3989 atque
1102 3926 1167 3977 alter

61 4000 176 4059 caeptum
193 3998 345 4058 gustaverat.
382 3994 498 4046 Ceterum
516 4011 561 4059 pro
578 3996 694 4060 passeris
718 3997 810 4056 atquc,
836 3993 903 4056 quod
928 3996 953 4041 et
976 3994 1057 4043 nostri
1081 4009 1167 4045 omnes

61 4066 199 4128 gnoscunt,
223 4061 365 4114 Lambinus
382 4062 410 4113 iu
427 4065 481 4114 suis
499 4063 649 4128 quibusdam
672 4062 779 4125 reperit,
805 4076 883 4125 „cam
899 4064 1016 4125 passeris
1039 4078 1105 4124 assu,
1132 4080 1167 4113 ar

61 4136 186 4197 agustata
203 4132 270 4181 milri
286 4147 469 4184 roauaxanss
486 4133 535 4183 rua
553 4131 683 4182 rlrornbi.“
708 4129 768 4178 Noli
787 4129 911 4189 dubitare,
930 4130 993 4193 quin
1011 4129 1042 4179 ab
1060 4130 1165 4181 Horatii

94 4214 117 4264 *l
132 4214 161 4267 [v.
175 4212 270 4267 meires]

908 4285 940 4336 33
949 4284 963 4316 *
