2840 4762
211 205 254 266 20
329 188 332 193 ⁴
609 215 641 276 o.
661 215 804 264 nonarn
825 214 949 264 rancor

300 351 470 429 Conamur,
494 355 606 415 tenues
627 348 780 430 grandia:
803 348 879 414 dum
902 348 1015 434 pudor,

258 449 287 498 10
305 435 498 519 inbellisque
520 434 610 519 lyrae
632 435 725 500 Musa
747 440 860 520 potens
883 440 970 500 vetat

299 520 429 586 Laudes
452 519 575 601 egregii
599 519 748 585 Caesaris
770 525 802 584 et
823 525 896 585 tuas
978 568 981 573 -

342 605 447 691 Culpa
469 605 614 670 deterere
635 604 755 686 ingeni.

212 771 294 820 nequo
312 756 339 805 in
357 768 387 805 co
405 755 468 805 alios
487 771 559 805 casus
584 770 672 819 passus
690 758 728 805 est
744 754 844 816 Ulixes,
863 770 938 819 quam
956 754 1039 818 quiris
1056 753 1122 803 alius
1140 754 1249 807 Ducum.
1282 755 1346 805 Me·

211 823 301 873 liorem
318 823 383 872 torte
401 824 465 872 viam
484 824 617 885 insistunt,
631 821 679 886 'qui
698 838 791 872 carras
809 822 944 888 duplices,
966 821 1034 871 huuc
1051 838 1097 886 per
1113 838 1181 872 mare
1199 823 1344 883 internum,

213 891 285 940 illum
303 907 349 956 per
366 896 497 941 externum
514 891 567 941 sive
583 890 742 941 Atlanticum
760 890 973 954 interpretantur3
1001 905 1064 953 quos
1087 890 1156 939 inter
1178 894 1217 940 est
1234 891 1345 940 isaacus

213 959 318 1009 Vossius
335 958 392 1008 loco
406 959 494 1020 citato,
519 960 564 1022 qui
581 959 630 1009 huc
649 958 730 1011 trahit
747 957 792 1009 illa
809 957 912 1009 Manilii
929 959 964 1019 11,
976 958 1000 1009 4.
1018 957 1049 1007 dc
1067 957 1154 1017 Ulixe3
1179 957 1345 1020 ‚dre-orem·

207 1043 263 1092 -qac
281 1026 357 1077 dacis
375 1026 492 1090 totidem,
510 1031 575 1092 quot
593 1030 701 1088 uicerat,
719 1029 798 1075 mania
815 1025 962 1076 [armatam
979 1024 1055 1088 bello,
1071 1028 1211 1089 geminata
1227 1042 1278 1091 per·
1296 1041 1345 1075 ae-

212 1110 299 1159 quora
314 1096 426 1160 pontir“
443 1095 479 1143 Et
494 1097 633 1159 geminata
650 1109 767 1158 aequora
785 1108 815 1144 ec
832 1094 930 1144 ratione
948 1092 1066 1157 exponit,
1091 1109 1141 1157 qua
1158 1093 1200 1143 hic
1218 1093 1346 1158 duplices

212 1179 313 1212 eriasus.
349 1162 400 1212 Sed
429 1177 491 1227 pace
516 1162 583 1211 tanti
607 1160 657 1211 riri
674 1161 796 1223 dixerim,
821 1161 889 1211 nihil
911 1165 1011 1210 extem
1029 1160 1148 1213 mendoso
1171 1161 1230 1211 loco
1248 1161 1345 1226 colligi

213 1232 315 1295 poterit.
343 1230 411 1285 Quid
429 1230 497 1279 enim
514 1234 561 1291 cst,
579 1244 697 1280 marem
714 1232 856 1279 instantem
874 1229 962 1279 lello?
981 1230 1016 1278 Et
1033 1243 1156 1292 quaenam
1174 1244 1251 1293 porro
1270 1230 1346 1279 tella

211 1298 291 1363 gessit
308 1297 396 1348 Ulixes
414 1313 459 1362 per
476 1297 583 1350 alterum
600 1296 751 1348 decennium
774 1312 789 1345 a
807 1297 883 1347 Troia
906 1296 999 1361 captat
1033 1296 1118 1347 Ponto
1141 1297 1219 1347 etiarn
1243 1296 1347 1349 habent

211 1366 380 1430 manuscripti
396 1381 490 1427 omnes,
509 1366 586 1415 etiam
603 1371 629 1414 ct
646 1365 800 1424 Vossianus3
826 1369 852 1414 ct
869 1379 919 1428 qua
936 1364 984 1414 lide
1001 1367 1080 1429 ponti
1097 1379 1127 1413 ex
1144 1380 1174 1414 co
1193 1366 1265 1425 citet,
1283 1365 1345 1431 ipse

211 1433 312 1484 viderit.
343 1434 371 1483 Si
390 1433 452 1497 quid
469 1433 497 1482 in
514 1449 541 1483 rc
560 1449 640 1498 paene
658 1433 789 1497 deplorata
806 1431 955 1482 tentandum
973 1436 1046 1493 esset,
1064 1431 1181 1496 equidem
1197 1433 1236 1483 sio
1254 1433 1345 1483 libens

211 1517 371 1566 reponerem:
399 1500 596 1565 „decoramque
622 1500 698 1550 dacia
723 1500 846 1562 totidem,
873 1505 937 1564 quot
959 1500 1063 1561 lecerat
1085 1504 1164 1551 annia
1190 1500 1345 1552 lactantem

213 1569 289 1632 tello,
308 1574 334 1618 et
348 1571 487 1635 geminato
501 1568 625 1634 parienda
640 1570 751 1632 ροηΐοέί
785 1566 858 1619 Certe
875 1567 1064 1618 Gemblaccnsis
1087 1583 1144 1617 cum
1162 1567 1262 1618 duobus
1280 1568 1345 1618 aliis

211 1653 260 1702 per
277 1639 396 1700 agrariae,
414 1635 553 1686 Vossianus
570 1652 627 1686 cnm
645 1637 727 1686 tribus
745 1635 803 1686 aliis
819 1652 869 1700 per·
886 1650 1021 1700 negatura,-
1038 1640 1067 1685 ut
1075 1642 1210 1699 utrumque
1219 1635 1345 1686 librario·

212 1721 268 1754 rum
285 1708 453 1754 commentum
471 1720 523 1754 esse
541 1704 597 1754 iure
614 1704 760 1768 suspiceris.
794 1703 907 1754 Fecerat
924 1707 1007 1753 autem
1029 1708 1137 1767 quatuor
1153 1702 1249 1753 habent
1269 1705 1346 1755 codi-

211 1789 253 1823 ces
270 1788 328 1821 cum
345 1770 501 1822 editionibus
518 1772 622 1836 primis:
646 1771 774 1832 Errcrem,
793 1772 837 1833 ait,
856 1771 961 1821 totidem
977 1771 1068 1831 cunis,
1086 1775 1148 1835 quot
1164 1771 1270 1832 scamni
1287 1772 1346 1823 sire

212 1840 348 1905 scripserat
364 1840 490 1889 Homerus
517 1855 574 1889 eum
590 1839 657 1889 bello
675 1838 819 1890 instantem.
845 1837 961 1889 Tibullus
970 1839 1004 1903 II,
1017 1840 1041 1899 3,
1057 1840 1098 1891 42.
1125 1838 1248 1901 „Praeda
1269 1855 1346 1905 uago

212 1910 290 1958 iussit
306 1907 434 1972 geminare
452 1907 566 1972 pericula
584 1912 677 1971 ponto,
704 1906 807 1958 Bellica
825 1923 884 1958 earn
903 1907 990 1957 datiis
1007 1912 1096 1957 rostra
1116 1907 1190 1957 dedit
1206 1909 1345 1958 r·atitas.“

211 1975 260 2026 Sed
279 1991 336 2025 ecco
354 1976 381 2025 iu
399 1975 714 2025 sliamiamconiecturam
732 1974 821 2038 incidi,
840 1991 915 2039 quam
933 1979 1061 2039 praestare
1079 1973 1128 2024 tibi
1143 1975 1223 2024 ausim
1241 1979 1347 2026 certam

209 2043 393 2109 liquidamque.
429 2042 492 2092 Cum
510 2043 579 2093 enim
596 2043 726 2093 veterrimi
743 2043 843 2094 codices
870 2042 1066 2103 Gcmblaocnsis,
1084 2042 1235 2106 Lipsiensis,
1254 2042 1345 2094 Vene-

211 2116 253 2162 tus
271 2127 322 2162 uno
356 2127 480 2161 consensu
506 2110 664 2176 praeferant,
699 2114 854 2176 ,geroianis
888 2126 936 2172 per
959 2113 1069 2174 agmina
1085 2112 1202 2175 pontc;“
1228 2110 1256 2159 in
1287 2112 1345 2162 illis

213 2180 300 2244 utique
328 2179 444 2243 vestigiis
469 2179 611 2229 emendatio
634 2178 792 2229 instituenda
816 2182 862 2229 est.
897 2180 1002 2242 Repono
1029 2178 1122 2242 igitur,
1147 2180 1348 2245 geminataque

211 2250 333 2313 Pcrgama
350 2252 441 2313 ponto.
475 2248 622 2312 Eleganter,
649 2252 675 2296 et
691 2246 793 2311 argutia
811 2262 867 2297 rere
884 2246 1035 2296 Maniliana.
1071 2246 1113 2295 Sic
1132 2244 1292 2296 Claudianus
1312 2248 1346 2299 de

211 2316 283 2366 Bello
302 2317 358 2367 Get.
376 2332 398 2364 r.
409 2317 467 2368 387.
502 2315 557 2378 „dt
573 2314 690 2366 Trebiam
708 2318 780 2365 rocio
797 2315 969 2380 geminassent
986 2314 1082 2375 facere
1100 2313 1226 2363 Cannac.“
1251 2314 1345 2370 Quae·

211 2400 318 2448 cumque
336 2399 394 2434 vera
411 2384 489 2433 fucrit
506 2384 592 2446 lectio,
609 2384 657 2433 hoc
675 2382 779 2433 interim
797 2383 964 2432 certissimum
981 2381 1069 2441 habco,
1086 2381 1154 2431 nihil
1170 2381 1239 2430 aliud
1250 2382 1346 2434 Mani·
1415 2430 1416 2433 ,

210 2453 275 2502 lium
292 2451 409 2511 voluisse,
429 2467 503 2515 quam
521 2451 613 2501 Ulixen
632 2456 670 2502 tot
688 2467 767 2501 annos
785 2450 814 2500 in
832 2466 928 2511 errore,
952 2453 1014 2513 quot
1031 2449 1059 2499 in
1077 2447 1143 2499 bello
1161 2450 1346 2502 consumsisse.

212 2520 368 2569 Claudianus
386 2519 414 2569 in
432 2519 520 2569 Laude
538 2519 653 2569 Serenae.
673 2537 696 2568 r.
710 2520 751 2571 26.
780 2518 810 2568 de
828 2518 916 2568 Ulixe:
953 2517 1033 2580 ‚delli
1054 2516 1198 2583 pelagique
1225 2516 1346 2584 labores,

211 2586 248 2637 aa
267 2586 374 2637 totidem
400 2590 474 2636 raeci
498 2586 585 2647 bellis,
612 2592 677 2651 pact
693 2586 826 2647 fluctibus,
854 2587 921 2636 anai
940 2583 1066 2649 Coniugii
1091 2584 1204 2638 docuere
1229 2584 1347 2648 fidern.“

212 2654 277 2704 Cvid
296 2654 460 2716 nrt.111‚15.
492 2653 562 2716 „list
577 2655 624 2718 pia
643 2654 786 2719 Penelope,
814 2655 907 2704 lustris
923 2657 1022 2702 errante
1041 2652 1150 2714 dandas,
1175 2652 1211 2703 Et
1228 2654 1347 2705 totidem

213 2722 304 2772 lacteis
323 2719 388 2770 bella
404 2726 514 2784 gerente
532 2723 616 2781 virc,“
643 2723 679 2770 Et
694 2722 778 2772 Amor.
795 2723 829 2784 II,
852 2723 924 2784 1,31.
960 2721 1082 2785 „Qar'qac
1091 2726 1130 2770 tot
1140 2720 1251 2780 errando,
1274 2729 1349 2787 quet

212 2789 279 2839 bello
301 2788 422 2854 perdidit
444 2789 555 2838 annoa“
590 2790 644 2838 Iam
670 2793 754 2841 autern
781 2805 863 2853 neque
891 2790 952 2839 haec
978 2804 1060 2853 neque
1086 2788 1150 2838 illud
1176 2788 1282 2843 Manilii
1312 2791 1348 2842 ad
1415 2794 1416 2805 ¹

213 2872 307 2907 aursus
325 2856 444 2921 duplices
462 2857 565 2907 omnino
583 2856 695 2917 faciunt3
714 2862 790 2921 atque
808 2857 870 2906 adeo
888 2871 982 2922 paucos
999 2855 1053 2905 fore
1068 2855 1226 2920 crediderim,
1243 2856 1347 2919 quibus
1415 2892 1416 2895 =

194 2924 297 2987 ¹llossii
315 2924 441 2973 sententia
458 2940 510 2975 rem
528 2924 645 2990 attigisse
664 2925 785 2976 rideatur.
813 2925 915 2990 Quippe
934 2941 964 2974 eo
981 2940 1055 2974 sensu
1073 2924 1159 2989 potius
1177 2939 1273 2974 carras
1292 2942 1349 2991 per

213 2991 315 3058 duplam
333 3007 420 3053 snare,
446 3008 521 3057 quam
539 2992 659 3058 displices
674 3008 724 3058 per
742 3009 816 3043 arare
834 3008 927 3045 carras
950 2991 1048 3042 dictum
1064 2992 1189 3056 oportuit.
1224 2991 1349 3058 Utraque

213 3061 294 3125 igitur
310 3061 519 3125 interpretatione
538 3066 589 3110 tam
608 3059 723 3126 displicis
734 3059 828 3123 Utica,
848 3076 924 3124 quarn
942 3075 1035 3113 carseta
1053 3060 1180 3125 duplices,
1197 3060 1349 3127 paullisper

213 3128 331 3194 seposita,
349 3128 520 3194 experiamur,
544 3145 578 3178 an
597 3144 627 3178 ex
645 3129 791 3179 coniectura
808 3129 898 3179 melius
917 3128 1053 3193 quicquam
1071 3128 1347 3193 suppeditaripossic

212 3197 248 3247 Et
266 3201 294 3246 ut
312 3197 375 3247 mihi
394 3195 496 3260 quidem
513 3196 626 3258 ridetur,
652 3212 702 3246 non
725 3212 818 3261 magna
842 3197 982 3247 mutatione
1006 3212 1057 3245 non
1082 3195 1168 3260 paullo
1195 3195 1346 3260 elegantius

213 3269 257 3315 sut
275 3265 342 3314 dixit
358 3268 403 3315 aut
419 3264 502 3314 dicere
520 3264 606 3329 potuit
624 3263 727 3328 Noster,
756 3263 809 3328 „Et
827 3280 921 3314 aaaron
946 3263 1045 3313 reducis
1060 3279 1111 3328 par
1127 3278 1203 3314 mare
1223 3262 1346 3317 Ulixei.“

212 3333 253 3383 Ea
270 3348 330 3381 sane
342 3331 465 3397 Odysseae
482 3332 588 3382 materia
606 3336 656 3384 cst:
674 3335 702 3382 ut
720 3336 787 3382 recte
805 3332 868 3382 alibi
877 3332 972 3381 Noster
991 3331 1112 3391 deUlixe;
1131 3331 1216 3396 Epist.
1228 3332 1249 3394 I,
1260 3333 1288 3397 2,
1300 3336 1344 3387 21.

214 3399 369 3464 „latumque
399 3414 450 3464 per
482 3415 583 3466 aequor
609 3400 679 3450 Dum
703 3401 768 3461 ribi,
802 3400 865 3450 darn
899 3402 979 3449 sociis
1004 3399 1113 3449 reditum
1137 3401 1246 3465 parat.“
1282 3401 1347 3453 Non

214 3466 340 3516 satisfacit
356 3467 442 3531 itaque
460 3483 553 3518 carrae
573 3466 662 3520 illicet
677 3483 726 3533 por
743 3483 817 3518 enar-c
835 3467 867 3517 ad
885 3474 1061 3532 argumentum
1079 3467 1203 3532 Odysseae
1220 3466 1346 3520 indican-

214 3535 287 3596 dum,
313 3535 366 3584 nisi
392 3533 521 3586 addideris
543 3535 656 3586 reducis.
694 3538 743 3597 Qui
768 3536 836 3586 euim
853 3551 884 3586 ex
900 3536 941 3585 his
965 3534 1063 3596 verbis,
1089 3534 1141 3584 nisi
1167 3534 1271 3586 aliunde
1293 3539 1347 3589 tibi

214 3606 370 3668 compertum
387 3602 428 3665 sit,
448 3604 542 3667 poteris
560 3603 718 3668 dignoscere,
736 3606 854 3653 utrumne
872 3619 973 3653 cursum
990 3602 1054 3653 velit
1080 3602 1110 3653 ab
1129 3602 1218 3653 Ithaca
1228 3603 1345 3668 Troiam,

214 3686 246 3721 an
264 3674 401 3720 retrorsum
419 3686 434 3720 a
451 3671 527 3721 Troia
545 3671 676 3721 Ithacam?
695 3671 723 3721 Si
742 3687 859 3721 errorem
877 3671 979 3735 quidem
997 3686 1053 3720 cum
1072 3669 1163 3720 Ovidio
1180 3671 1346 3737 Manilioquc

214 3739 328 3800 dixisset,
346 3738 371 3788 id
390 3738 476 3803 utiquc
495 3739 598 3789 verbum
616 3739 732 3804 satispcr
745 3755 835 3789 serem
846 3739 993 3798 conticerct3
1012 3738 1073 3802 quia
1091 3743 1152 3798 tum,
1170 3753 1226 3788 cum
1238 3739 1347 3792 Troiam

214 3810 312 3872 peteret
334 3806 434 3868 Ulixes,
459 3807 562 3857 minime
587 3807 693 3868 erravit,
717 3807 760 3856 sed
784 3807 812 3857 in
835 3807 919 3857 reditu
942 3806 1080 3858 dumtaxat.
1116 3806 1190 3855 Nunc
1212 3822 1270 3856 cum
1290 3825 1346 3860 non

215 3890 346 3938 errarem,
372 3874 415 3924 sed
433 3890 526 3925 carcar
548 3875 648 3940 posuit;
673 3873 778 3925 dubium
804 3875 918 3940 protecto
943 3874 1055 3938 reliquit,
1074 3873 1217 3923 rcditumne
1235 3874 1278 3925 hic
1299 3893 1345 3928 vo·

213 3943 292 3994 luerit
309 3958 342 3993 an
359 3942 465 3993 abitum.
494 3946 575 4004 Quare
589 3957 653 4007 pene
678 3942 793 4004 inducor,
812 3946 841 3992 ut
858 3942 965 4004 credam,
984 3958 1035 3992 uon
1053 3940 1128 3991 aliter
1145 3940 1276 4006 scripsisse
1286 3945 1346 3995 Ho-

214 4011 316 4071 ratium,
335 4027 410 4075 quam
428 4010 549 4060 redncr'e:
567 4016 592 4060 ct
610 4011 646 4061 sic
664 4026 724 4060 sanc
741 4010 787 4061 alii
805 4009 836 4061 dc
854 4026 880 4061 re
898 4011 992 4061 eadem.
1028 4009 1125 4060 Statius
1141 4008 1204 4059 Silv.
1220 4010 1265 4073 IV,
1276 4013 1305 4075 2,
1320 4016 1346 4065 4.

215 4078 391 4143 „Alcinoique
408 4077 489 4144 dapes
507 4093 631 4128 manirera
650 4080 768 4129 carratae
785 4083 930 4139 monstrat,
953 4079 1077 4143 Aequore
1101 4079 1148 4142 qni
1164 4077 1249 4127 mallo
1267 4080 1347 4131 redu-

216 4161 270 4197 cem
287 4149 450 4212 enarrampsit
469 4144 590 4199 Uliaca.“
609 4146 668 4197 Silr.
681 4147 715 4209 ll,
727 4149 749 4210 l,
762 4148 804 4200 49.
822 4144 993 4212 „Nocturnae
1011 4145 1062 4197 alii
1079 4145 1216 4212 Phrygum
1233 4148 1347 4213 ruinas,
