2810 4764
211 254 270 319 168
597 266 630 327 q.
651 266 793 315 nonum
813 265 937 314 mecm

294 404 388 469 Dona
402 401 588 553 praesentis
609 420 689 488 cape
710 401 815 467 laetus
835 400 943 472 horae,
966 406 999 466 et

429 506 526 570 mque
549 506 671 554 severa.

736 655 794 720 lx,
870 612 873 617 ⁴

606 772 676 838 AD
709 770 932 837 LYDIAM.

294 911 404 975 Donec
425 914 537 990 gratus
560 927 647 975 eram
670 906 736 978 tibi,

336 996 404 1059 Nec
426 994 596 1076 quisquam
618 992 722 1077 potior
743 990 873 1057 brachia
893 990 1049 1057 candidae

295 1078 419 1146 (lervioi
440 1078 565 1145 iuvenis
586 1077 699 1155 dabat3

335 1166 504 1230 Persarum
526 1162 616 1246 vigui
638 1181 715 1244 rege
737 1160 869 1226 beatior.

655 1297 677 1330 v.
696 1282 738 1332 27.
755 1279 831 1346 Vulg.
850 1277 930 1345 Repe.

208 1422 296 1468 noster
312 1416 485 1477 Battelianus,
504 1422 530 1467 et
547 1431 594 1480 pro
611 1416 682 1465 varia
699 1415 809 1465 lectione
826 1412 1001 1465 colbertinus:
1025 1417 1055 1462 ut
1072 1412 1136 1464 ordo
1153 1415 1201 1481 sit,
1227 1433 1261 1468 nc
1276 1435 1337 1484 que

205 1492 291 1557 parte
310 1485 425 1535 laboret:
449 1483 525 1549 plane
548 1489 578 1533 ut
594 1485 688 1534 Noster
704 1482 767 1533 alibi
786 1483 864 1533 eorm.
882 1483 904 1542 l,
922 1482 946 1541 2,
965 1482 1005 1533 38.
1038 1481 1161 1544 ‚Audin
1178 1489 1336 1551 acceperas

208 1556 334 1620 pretium,
349 1553 495 1618 procedere
511 1558 582 1602 recte
591 1552 645 1615 Qui
659 1552 781 1602 moechos
797 1566 853 1601 mon
870 1550 959 1613 valtis,
976 1554 1009 1598 ut
1023 1548 1093 1599 omni
1105 1555 1179 1615 perta
1188 1551 1336 1606 laborent.“

211 1626 237 1671 et
254 1620 321 1670 lavet
338 1622 435 1680 Acron,
454 1620 498 1685 qui
515 1620 552 1669 sic
570 1619 652 1670 locum
670 1622 785 1680 enarrat,
803 1618 891 1682 „Quis
907 1632 962 1667 aon
980 1619 1096 1680 timeret,
1114 1634 1146 1668 ne
1164 1635 1215 1684 qua
1233 1620 1335 1687 despu-

210 1689 280 1739 blicc
303 1694 375 1770 parte
400 1689 561 1739 laboraret.“
595 1687 645 1738 Sed
668 1686 730 1752 quid
753 1686 855 1736 tandem
879 1685 944 1735 illud
967 1685 1029 1746 erit,
1053 1685 1171 1750 Populus
1187 1692 1337 1755 pertnent

211 1761 271 1806 sunt
288 1772 315 1805 οι
331 1753 432 1817 πολλοὶ,
451 1756 536 1820 inquit
545 1755 676 1806 Heinsius.
694 1754 791 1805 Vellem
808 1753 950 1818 exemplum
967 1752 1022 1803 eius
1039 1752 1178 1805 locutionis
1197 1755 1238 1806 rel
1252 1773 1337 1808 unum

209 1823 359 1875 addidisset.
394 1824 444 1874 Sed
461 1824 560 1873 nullum
578 1828 646 1873 erat:
669 1823 797 1873 imovero
820 1824 944 1886 priuatus
978 1820 1037 1871 laus
1055 1822 1197 1886 opponitur
1211 1826 1334 1891 populo:

210 1898 310 1943 tantum
327 1890 406 1953 abest,
425 1898 454 1942 ut
471 1893 509 1941 ita
531 1892 654 1956 coniungi
676 1890 767 1956 possit.
802 1888 890 1940 (licere
912 1890 942 1939 in
958 1838 1072 1939 licronis
1090 1891 1128 1952 [ΙΙ
1145 1906 1166 1940 c.
1187 1894 1217 1945 ta
1237 1894 1337 1958 §3212

210 1959 307 2026 „and
322 1963 446 2026 priuatus
463 1975 480 2009 ο
495 1958 597 2025 populo
613 1961 689 2025 petit,
707 1963 756 2009 cat
772 1958 888 2024 populas
899 1974 917 2008 a
931 1956 1173 2023 pateathenoaa
1191 1975 1225 2009 ee
1237 1961 1337 2027 aliqum

211 2031 326 2090 civitate,
344 2030 393 2094 qui
408 2027 515 2091 iudicet,
528 2026 637 2077 ἀπανθ’
654 2026 778 2087 sedeate,
796 2030 825 2075 ut
840 2025 957 2091 populus
973 2028 1098 2091 privatus
1109 2026 1163 2076 sint
1176 2022 1204 2077 oi
1219 2026 1337 2090 nonest

211 2102 295 2148 tamen
313 2112 364 2145 non
382 2095 498 2160 procedit
515 2094 611 2155 orati03
629 2110 710 2159 neque
728 2094 868 2144 sententiae
886 2094 1022 2158 quicquam
1034 2097 1079 2153 est,
1099 2094 1167 2158 quod
1179 2096 1268 2160 palate
1280 2112 1335 2147 nen

210 2165 282 2216 fatuo
299 2163 399 2229 placere
416 2162 503 2229 possit.
539 2163 592 2213 Nos
609 2167 691 2214 totum
707 2163 792 2212 locum
808 2161 915 2227 aperire,
934 2168 961 2211 et
977 2177 1008 2212 ex
1025 2160 1136 2212 tenebris
1154 2163 1195 2213 his
1213 2164 1241 2214 in
1259 2180 1337 2230 aper·

210 2238 263 2283 tam
285 2232 367 2282 lucem
389 2232 517 2299 proferre,
546 2232 636 2297 paucis
659 2230 815 2281 conabimur.
856 2231 1012 2281 Invitavsrat
1034 2229 1209 2280 Maecenatem
1230 2234 1337 2295 Noster,

210 2306 240 2351 ut
248 2301 349 2350 Martiis
362 2299 481 2350 Calendis
498 2315 582 2350 secum
598 2299 704 2350 biberet.
739 2299 866 2348 Hortatur
883 2301 974 2360 antem,
992 2301 1021 2347 ut
1038 2297 1122 2347 animo
1140 2300 1227 2349 veniat
1244 2301 1335 2362 hilari,

211 2374 237 2419 et
254 2384 270 2418 a
287 2369 355 2419 curis
371 2368 483 2434 publicis
504 2368 662 2434 privatisque
686 2366 818 2432 expedito:
848 2364 974 2430 „Mitte“,
998 2366 1098 2430 inquit,
1125 2367 1233 2430 „ciuiles
1250 2385 1339 2435 super·

214 2436 282 2490 Urbe
299 2440 407 2486 curos“:
432 2435 495 2501 quid
511 2436 597 2485 enim?
621 2435 689 2486 nihil
706 2439 758 2496 est,
783 2450 829 2484 cur
853 2433 978 2484 sollicitus
1003 2433 1051 2484 sis:
1076 2434 1139 2484 victi
1156 2435 1255 2500 praelio
1274 2442 1340 2487 sunt

211 2505 295 2568 Daci,
319 2502 393 2553 Medi
408 2503 482 2554 bellis
500 2503 619 2554 civilibus
636 2503 768 2569 occupati,
794 2502 895 2552 subacti
914 2500 1055 2562 Cantabri,
1074 2501 1193 2568 Scythae
1209 2505 1333 2569 repressi,

211 2580 268 2622 tuta
286 2579 346 2621 sunt
362 2572 456 2623 omnia.
491 2571 630 2636 Quocirca,
654 2571 835 2636 „Neglegem,
860 2585 894 2620 nc
910 2585 964 2634 qua
980 2570 1096 2635 populus
1114 2570 1230 2634 laboret,
1248 2573 1338 2623 Parce

208 2643 337 2706 priuatus
359 2641 619 2689 mimiumcaucre“:
644 2640 692 2689 hoc
710 2643 761 2700 set,
786 2637 850 2688 Cum
872 2638 924 2688 iam
940 2638 1083 2702 neglegens
1106 2639 1279 2700 sistorum
1296 2646 1337 2700 (ut

212 2708 275 2756 bene
293 2708 386 2769 Acron)
404 2721 459 2756 non
477 2709 571 2756 timens
588 2709 627 2768 (ut
645 2706 748 2756 Glossac
766 2706 862 2756 codicis
878 2706 1016 2770 Patrensis)
1034 2722 1067 2755 ne
1090 2721 1141 2769 qua
1167 2708 1280 2772 populus
1298 2709 1338 2759 la·

212 2773 297 2832 boret3
322 2789 392 2834 cum,
416 2774 490 2824 rebus
508 2777 559 2823 tam
577 2775 719 2839 prosperis,
743 2790 795 2824 non
818 2773 942 2825 sollicitus
967 2774 1002 2823 sis
1026 2789 1058 2823 ne
1075 2774 1234 2840 respublica
1252 2777 1336 2827 detri-

211 2842 292 2892 menti
309 2842 371 2905 quid
388 2841 489 2905 capiat;
516 2857 592 2906 parce
607 2844 731 2907 priuatas
747 2857 835 2892 cavere
852 2841 973 2903 nimium,
990 2841 1045 2892 noli
1062 2840 1093 2892 de
1110 2843 1218 2907 privatis
1235 2846 1292 2895 tuis
1310 2850 1339 2894 st

212 2908 358 2961 domesticis
375 2908 486 2974 negotiis
502 2909 611 2960 nimium
628 2910 773 2976 providere,
792 2910 845 2960 noli
862 2910 893 2961 de
910 2925 937 2959 re
953 2909 1076 2960 familiari
1093 2911 1200 2961 nimium
1216 2916 1338 2963 attentus

212 2983 289 3043 atque
307 2977 397 3028 anxius
415 2992 475 3027 esse.
509 2978 620 3029 Proinde
643 2978 728 3029 animo
750 2993 815 3044 puro
838 2982 865 3027 et
887 2978 1015 3028 defaecato
1033 2977 1065 3027 ad
1082 2993 1122 3027 me
1139 2980 1212 3039 seni3
1235 2985 1337 3031 ettam

214 3047 304 3098 civiles
327 3061 401 3110 quam
427 3045 582 3096 domesticos
605 3062 677 3097 curas
694 3047 734 3097 vel
759 3046 827 3097 domi
850 3046 978 3110 relinque,
1005 3046 1045 3095 vel
1063 3044 1153 3095 abiise.
1188 3046 1258 3097 Haec
1279 3049 1338 3099 sine

108 3146 111 3154 ι
213 3113 292 3165 dubio
310 3114 362 3164 loci
379 3112 455 3164 huius
473 3114 600 3164 sententia
617 3121 668 3177 θοις
686 3130 767 3179 nequo
785 3112 861 3164 verba
878 3114 936 3178 ipsa
952 3113 1111 3163 difficultatis
1130 3115 1265 3179 quicquam
1285 3117 1336 3166 iam

213 3184 316 3244 habent,
335 3180 449 3232 simodo
468 3181 522 3232 stili
539 3182 676 3232 Horatiani
693 3183 796 3248 genium
815 3182 956 3246 agnoveris.
975 3179 1134 3246 Neglegem,
1151 3197 1198 3245 pro
1214 3198 1336 3245 recum,

212 3267 268 3301 moa
287 3253 388 3313 timens,
405 3265 469 3300 nove
487 3255 513 3300 et
529 3251 658 3316 eleganter
674 3252 787 3316 ponitur,
805 3254 835 3299 ut
852 3264 929 3315 supra
946 3248 1026 3299 Oarm.
1045 3250 1066 3310 I,
1076 3250 1118 3314 28,
1128 3252 1170 3302 30.
1194 3249 1336 3318 „Neglegis

213 3321 354 3368 immeritis
378 3320 530 3368 nocituram
553 3318 693 3369 Postmodo
718 3323 743 3368 tc
765 3320 837 3368 nabi
859 3317 984 3379 [νοιιιὶοηι
1013 3320 1194 3370 committere?
1219 3318 1280 3380 for-e
1311 3324 1337 3370 et

213 3386 311 3435 Debita
327 3388 390 3435 tura
407 3388 528 3450 vicesque
544 3388 674 3452 ratpertus
693 3385 728 3437 Te
744 3391 872 3436 maneant
895 3387 1008 3452 ipsam.“
1031 3385 1058 3434 in
1077 3401 1128 3450 quo
1146 3385 1281 3448 similiter,
1308 3395 1338 3437 ut

213 3454 271 3513 hic,
295 3452 362 3517 lapsi
387 3457 447 3503 suut
470 3456 631 3520 Interpretes.
666 3452 795 3518 Negtegir
819 3457 1000 3504 committeret
1027 3454 1075 3503 hoc
1100 3459 1152 3514 est,
1179 3469 1233 3504 aon
1256 3458 1335 3506 umes

214 3521 388 3571 committere?
411 3537 521 3572 recursu
539 3522 615 3573 eudes
633 3522 789 3572 committere
805 3521 872 3572 hano
890 3521 1016 3581 fraudem
1044 3521 1105 3585 quia
1128 3537 1182 3572 non
1201 3521 1262 3585 tibi,
1292 3523 1336 3573 aad

213 3588 325 3655 posteris
346 3589 469 3639 duntaxat
492 3589 545 3640 tuis
567 3592 684 3640 nocitura
706 3591 762 3640 est?
788 3595 815 3640 at
837 3589 942 3639 fortasse
967 3594 996 3639 trs
1019 3591 1077 3653 ipre
1100 3591 1259 3640 commissum
1287 3593 1335 3641 hoc

213 3671 307 3721 magno
325 3662 369 3706 tuo
387 3656 466 3707 exitio
480 3658 542 3707 lues.
561 3659 649 3724 Neque
667 3674 725 3708 vero
741 3660 771 3708 in
788 3673 848 3707 uoce
858 3658 981 3708 Hicetas
998 3656 1050 3706 iam
1067 3657 1201 3722 quisquam
1218 3658 1334 3710 haerebit

215 3724 332 3790 amplius.
367 3723 469 3791 Quippe
492 3741 544 3775 rem
566 3742 637 3776 suam
662 3726 813 3777 familiarem
828 3727 953 3790 privatur
970 3731 1042 3775 curat
1064 3725 1141 3775 etiam
1158 3725 1336 3791 Magistratus,

215 3795 292 3844 etiam
310 3792 399 3843 sinon
418 3793 563 3845 Praefectus
580 3794 654 3844 modo
671 3793 757 3856 Urbis,
775 3794 819 3844 sed
836 3793 912 3843 Orbis
930 3793 1053 3857 Princeps
1070 3793 1156 3844 fuerit.

283 3863 323 3912 27.
342 3860 421 3911 Dona
438 3864 588 3926 praeeatis
605 3877 672 3928 rope
689 3862 775 3913 lactem
792 3863 884 3923 Ιιονιιο]
904 3860 974 3924 Cape
991 3861 1086 3912 habeut
1103 3861 1242 3912 Editioues
1258 3862 1330 3925 prin·

215 3930 285 3995 cipes
302 3927 397 3979 Veneta
420 3933 445 3978 et
462 3929 596 3980 Loscheri:
623 3935 699 3994 atque
723 3931 761 3980 ita
781 3930 864 3980 multo
889 3930 970 3980 maior
992 3944 1052 3994 pars
1076 3928 1204 3980 Codicum.
1239 3928 1334 3981 Tamen
1392 3930 1398 3946 '

215 3997 314 4062 aliquot
330 3995 425 4046 habent
442 3995 524 4059 Ilaps,
543 4002 571 4047 ut
588 4013 619 4046 ex
635 3999 738 4049 Nostris
756 3998 926 4056 Graevianus,
944 3997 1111 4061 Batteliauus,
1131 3997 1292 4063 Bodleianus,
1309 4004 1335 4048 et

215 4081 262 4129 pro
285 4065 352 4115 varie
377 4064 487 4114 lectione
497 4063 664 4116 Oolbertinus.
694 4067 777 4131 Atque
794 4067 844 4116 hoc
862 4070 922 4131 post
932 4064 1085 4115 Lambinum
1102 4065 1177 4117 aride
1194 4069 1334 4131 rapuerunt

215 4134 384 4199 Interpretss3
402 4137 429 4182 et
445 4148 476 4183 ex
493 4148 523 4183 eo
540 4133 606 4184 elius
623 4137 682 4199 post
699 4134 778 4184 elium
795 4134 828 4185 ad
845 4147 963 4184 nauseam
980 4134 1192 4198 usqueingernnt
1204 4134 1335 4185 Ciceronis

215 4200 282 4250 illud
299 4217 330 4250 ex
346 4200 446 4263 Ennio,
470 4200 507 4250 De
525 4204 632 4252 Oratore
655 4202 710 4265 111,
728 4204 770 4255 40.
789 4203 885 4268 [5162]
920 4204 1018 4267 ‚,‘eioe‚
1043 4200 1148 4266 Uliam,-
1178 4201 1241 4253 dum
1266 4203 1333 4267 licet,
