2840 4762
324 940 869 1041 PRAEFATIO

570 1139 623 1195 An

402 1295 792 1379 LECTOREM.

116 1624 237 1718 Pauca
265 1657 353 1727 sunt,
382 1652 496 1717 Lector
524 1649 692 1727 benevole,
723 1648 763 1715 de
792 1650 909 1732 quibus
937 1649 1101 1717 certiorem
1129 1656 1161 1713 te
1184 1651 1214 1704 ln·
1229 1649 1286 1703 ¹¹¹]

67 1752 107 1816 eri
124 1750 228 1827 velim,
249 1750 436 1835 priusquam
451 1748 618 1813 Horatium
640 1765 712 1812 meo
730 1767 871 1820 munere,
894 1748 955 1813 nisi
970 1748 1074 1826 fallor,
1096 1768 1162 1813 me·

67 1869 152 1913 orem
174 1867 257 1913 nuno
278 1846 507 1928 cultioremque
529 1845 571 1910 in*
584 1865 699 1911 manus
716 1845 773 1910 tibi
789 1846 953 1912 sumseris.
991 1845 1074 1911 lium
1088 1851 1163 1911 aute

67 1948 162 2029 liquot
184 1964 284 2012 annos
307 1942 489 2030 provinciae
511 1942 638 2008 cuidam
660 1942 810 2008 admotus
833 1962 952 2026 essem;
982 1943 1037 2009 ubi
1058 1942 1164 2008 aliena

67 2043 181 2125 egotia‚
203 2060 362 2124 curaeque
383 2040 631 2106 molestissimae
652 2059 711 2125 per
725 2046 823 2126 caput
837 2041 979 2123 quotidie
1001 2041 1163 2116 salientes,

67 2140 201 2206 averiora
228 2140 337 2205 omnia
365 2139 473 2205 studia
495 2139 535 2204 de
556 2138 704 2203 manibus
734 2138 809 2203 mihi
840 2146 1062 2204 excusserant:
1091 2158 1165 2204 oon·

67 2238 132 2302 itui
153 2257 287 2314 mecum,
316 2257 356 2302 ne
378 2238 542 2303 Musarum
572 2255 622 2301 me
645 2255 854 2318 amorumque
883 2243 1025 2301 veterum
1047 2236 1164 2302 oblivio

67 2356 174 2402 rorsus
197 2341 335 2421 caperet,
357 2335 570 2399 amoeniorem
593 2333 776 2419 quempiam
793 2333 985 2418 scriptorem
1006 2333 1165 2399 edendum

67 2434 118 2497 ihi
151 2451 294 2508 sumere,
334 2432 463 2497 levioris
495 2451 611 2518 operae
644 2431 875 2514 materiaeque,
908 2451 991 2515 quae
1023 2431 1165 2496 animum

67 2530 248 2612 anquillum
265 2537 296 2595 et
311 2528 512 2594 defaecatum
526 2550 589 2595 non
605 2536 670 2593 tam
688 2529 874 2611 requireret,
897 2549 993 2612 quam
1009 2528 1164 2594 efficeret:

67 2648 191 2711 uaeque
206 2627 294 2693 horis
308 2627 478 2696 subcisivis
492 2628 623 2705 edelard,
647 2634 679 2693 et
700 2628 787 2693 mille
804 2627 1081 2713 interpellationes
1097 2627 1166 2692 siue

67 2726 133 2792 ravi
149 2727 267 2791 damno
282 2725 350 2810 pati
364 2731 484 2810 posset.
519 2726 602 2791 Ante
617 2725 698 2791 alios
714 2731 822 2791 autem
841 2725 961 2810 placuit
976 2726 1165 2804 Hoaunrus3

67 2845 101 2888 >n
126 2823 214 2906 quod
237 2823 270 2887 in
293 2842 330 2888 eo
353 2822 457 2908 plura,
486 2842 582 2905 quam
604 2823 637 2887 in
659 2822 723 2888 alio
746 2822 812 2888 lere
835 2823 948 2905 quovis
972 2844 1029 2890 seu
1051 2820 1166 2888 Latino

67 2941 106 2987 ve
137 2923 273 2998 Graeco,
303 2919 469 2985 restituere
496 2940 548 2985 me
577 2926 609 2985 et
636 2921 806 2986 emendare
835 2941 931 3006 posse
960 2920 1165 2999 confiderem

67 3019 96 3082 :d
127 3017 218 3100 quod
245 3017 273 3084 is
303 3016 443 3082 omnium
473 3025 617 3084 veterum
645 3018 783 3084 maxime
810 3018 861 3082 vel
889 3018 1001 3082 merito
1030 3038 1089 3083 suo
1117 3019 1167 3084 vel

67 3115 135 3182 anio
160 3115 301 3198 quodam
324 3122 355 3179 et
378 3115 524 3201 placendi
546 3122 630 3181 sorte
645 3115 678 3179 in
693 3115 840 3181 manibus
854 3116 1018 3180 hominum
1033 3116 1167 3200 pectori-

67 3233 170 3295 isque
185 3212 341 3278 haereret.
380 3214 529 3277 Formam
551 3233 626 3278 vero
649 3220 681 3278 et
702 3212 881 3277 institutum
905 3212 1011 3297 operis
1029 3212 1075 3277 sio
1090 3213 1168 3278 mihi

67 3310 171 3377 rfinivi
194 3309 401 3392 terminisque
424 3310 475 3375 his
496 3310 744 3396 circumscripsi3
768 3316 803 3375 ut
825 3330 864 3375 ea
881 3311 950 3376 sola
965 3309 1166 3392 attingerem,

67 3428 123 3472 rae
131 3408 175 3472 ad
185 3407 356 3474 sanitatem
372 3406 651 3489 sinceritatemque
659 3408 819 3474 Lectionis
834 3410 1044 3494 pertinerent:
1060 3416 1167 3474 cetera

67 3527 92 3571 ,a
117 3507 291 3591 pluraque,
314 3525 397 3587 quae
420 3504 461 3570 ad
477 3504 649 3570 Historiam
670 3513 702 3571 et
716 3507 819 3572 Mores
842 3507 990 3590 antiquos
1012 3508 1167 3591 grandem

67 3624 128 3668 ,am
158 3602 467 3668 Commentariorum
502 3602 615 3668 silvam
645 3610 677 3668 et
704 3604 946 3670 instrumentum
977 3611 1166 3691 spectarent,

67 3721 177 3766 orsus
201 3701 417 3785 praeterirem.
462 3704 524 3766 Per
550 3720 603 3765 me
631 3702 759 3782 quidem
783 3703 916 3768 eruditis
937 3702 1029 3778 viris,
1058 3703 1167 3785 quiin

70 3820 89 3863 ο
115 3798 228 3864 stadio
251 3796 467 3872 decurrerant,
491 3819 570 3863 suus
592 3798 695 3864 honos
718 3801 826 3866 salvus
850 3807 932 3866 esto:
964 3801 1166 3866 utilissimam

67 3917 116 3962 ¹ne
147 3915 285 3981 operam
320 3902 491 3973 navarunt3
520 3915 613 3978 quae,
642 3897 703 3961 nisi
733 3899 774 3961 ab
803 3899 866 3964 illis
894 3905 1048 3986 occupata
1076 3899 1166 3974 foret,

67 4017 100 4060 m
139 4014 230 4059 nunc
267 3992 449 4058 necessario
484 3993 699 4079 impendenda
733 4001 819 4061 esset
852 3996 892 4061 de
923 3997 1062 4076 integrm
1099 3997 1167 4063 sine

67 4114 100 4158 ra
125 4091 258 4157 aditum
287 4091 344 4156 tibi
373 4097 483 4176 patere
511 4092 553 4157 ad
583 4092 662 4157 haec
683 4092 804 4157 Nostra
832 4093 952 4157 trustra
978 4092 1167 4175 speraveris.

67 4212 87 4256 c
112 4191 207 4256 enim
229 4210 265 4258 se
288 4209 338 4254 res
360 4189 473 4255 habet:
496 4189 613 4255 diffusa
635 4189 691 4254 illa
712 4189 807 4254 lectio
824 4196 855 4253 et
871 4187 1015 4266 eruditio,
1037 4188 1168 4257 veteris·
