2840 4752
390 270 576 321 sussuouuu
596 270 663 318 Iun.
686 271 721 318 11.
745 264 769 317 3.

102 412 225 473 lantum
248 404 446 481 dissimilem,
470 410 501 469 et
523 410 611 469 tanto
633 411 754 470 cerione
776 406 953 475 minorem?

102 492 236 559 ‚bsentis
258 511 357 557 ranae
378 490 474 575 pullis
496 489 587 556 vituli
608 489 690 576 pede
713 490 843 575 pressis,

102 581 177 642 lune
200 575 257 642 nbi
279 575 400 658 effugit,
423 573 517 640 matri
539 573 698 649 denarrat,
725 584 759 640 ut
780 575 894 659 ingens

102 663 187 727 telus
209 666 365 743 cognatos
387 659 516 727 eliserit
561 660 618 724 illc
639 678 763 742 rogare,

101 749 281 826 tuantsne?
302 766 380 810 num
402 752 536 823 tontum,
559 743 693 811 sufflans
715 766 760 823 se,
782 765 901 828 magna
923 744 1059 814 luisset?

100 834 184 897 lnior
207 831 350 898 dimidio.
393 832 479 896 Num
502 833 649 896 tantum?
672 850 743 921 cum
765 831 870 913 magis
892 837 989 915 atque

101 956 115 1001 t.
135 951 214 1015 Vulg.
237 948 322 1001 Tanto
340 949 400 1001 diss.
428 950 486 1001 317.
503 948 572 998 Num
591 948 704 1012 taredem,
722 966 750 999 se
766 950 874 1014 instans,
890 952 937 1000 eie.
964 950 1023 1001 318.
1046 947 1139 1001 Tanta.

103 1089 193 1148 turbo,
211 1086 284 1136 unde
301 1087 415 1136 turbinis
431 1084 515 1146 facit:
541 1099 603 1133 nam
621 1086 646 1133 si
662 1086 783 1134 turbonis
799 1088 843 1146 sit,
861 1088 913 1135 erit
930 1101 947 1136 a
963 1089 1076 1152 proprio
1094 1101 1143 1136 uo·

102 1157 251 1218 genitivus,
269 1159 301 1204 ui
310 1154 444 1213 Horatius,
460 1147 605 1202 ‘Turbonis
623 1155 651 1201 in
662 1148 780 1201 aruris.’“
804 1151 921 1203 Ceterum
934 1150 1030 1217 Turbo,
1048 1168 1140 1217 cogno·

101 1223 226 1272 Romanis
257 1222 323 1272 haud
347 1222 471 1286 ignotum.
514 1216 628 1270 Martiale
653 1218 782 1269 Liuianus
808 1219 895 1271 Turbo
922 1237 996 1286 saepe
1021 1221 1141 1271 laudatur

100 1291 160 1340 iano
184 1290 213 1340 in
232 1290 293 1340 Vita
309 1290 449 1339 Hadriani:
478 1287 545 1338 idem
561 1286 698 1352 Xiphilinc
717 1284 847 1353 Τούρβων
870 1295 982 1341 vocatur.
1019 1290 1143 1340 Gruterus

102 1356 249 1420 XXXVII,
275 1363 297 1409 l.
333 1357 362 1414 Q.
380 1357 489 1407 Mhnlo
507 1356 670 1405 TURBONI:
695 1355 740 1406 nbi
763 1362 808 1407 ant
825 1373 928 1408 ussum
953 1360 1144 1424 corrigendum

101 1427 159 1491 :pud
183 1427 347 1492 Spartianum
371 1425 476 1476 Murius
498 1423 669 1490 reponendum
694 1423 757 1477 erit:
785 1425 815 1475 de
839 1442 890 1477 uno
914 1428 982 1477 enim
1006 1428 1142 1493 eodemque

101 1497 158 1559 ique
177 1510 192 1545 a
212 1495 220 1544 i
239 1494 347 1545 videtur.

100 1566 147 1614 ¹·13.
188 1511 274 1613 inuio
295 1561 455 1624 dissimilem,
474 1565 499 1610 et
518 1564 592 1610 tauta
612 1565 714 1610 certare
731 1559 869 1629 minorem]
896 1562 1082 1629 Turpissimum
1100 1565 1143 1615 hie

100 1647 140 1680 um
157 1631 268 1691 insedit3
295 1629 355 1679 dum
371 1629 506 1679 lectionem
524 1643 554 1677 ex
572 1626 686 1692 antiquis
704 1628 843 1678 derivatam
861 1645 947 1681 secure
965 1633 1144 1682 transmittunt

100 1704 187 1763 cretes.
215 1699 295 1763 Atqui
313 1698 355 1747 hic
373 1696 500 1762 Gruquius
524 1696 553 1745 in
570 1695 708 1746 Blandinio
725 1698 858 1747 ueterrimo
875 1705 905 1747 nt
922 1700 1045 1750 etaltera
1063 1701 1144 1752 bonae

115 1766 249 1828 Tonsenc,
276 1781 388 1816 rennuit
405 1764 515 1815 invenit:
543 1764 611 1828 quod
628 1780 680 1814 non
698 1770 748 1815 tom
766 1766 863 1828 ipsum,
882 1782 957 1830 quam
974 1768 1038 1818 elios
1055 1775 1145 1834 postea

100 1851 149 1884 ires
168 1834 309 1899 neglexisse
327 1834 405 1884 miror
420 1839 446 1882 et
457 1832 587 1895 indignor.
616 1830 729 1882 Tantum
743 1833 893 1893 dissimilis:
911 1850 963 1885 ncn
974 1842 1057 1898 tanto,
1076 1837 1145 1902 quod

100 1904 198 1953 utinum
216 1901 318 1967 quidem
336 1907 386 1952 est:
415 1902 451 1950 sie
476 1901 588 1950 rureltum
612 1901 706 1950 similis
730 1906 775 1950 aut
799 1901 949 1966 dissimilis,
975 1919 1027 1954 non
1045 1906 1144 1964 multc;

100 2010 101 2017 ,
119 1972 155 2033 Il,
174 1974 198 2022 5.
217 1988 240 2022 v.
251 1972 292 2023 92.
318 1970 397 2033 „Stes
415 1972 502 2034 eapite
520 1970 629 2033 obstipa,
649 1967 756 2018 multum
774 1969 865 2018 similis
883 1975 1036 2023 rraetrtenti.“
1058 1973 1144 2037 Epist.

100 2042 117 2091 l.
140 2055 164 2088 r.
183 2041 207 2091 3.
243 2040 312 2101 „bae
336 2041 364 2088 in
388 2054 419 2087 re
435 2038 536 2087 seilicet
553 2052 609 2086 uua
626 2036 736 2086 Multum
753 2036 903 2101 dissimiles,
928 2045 957 2088 at
973 2047 1061 2090 cetera
1076 2056 1145 2106 pene

100 2107 156 2158 tter
191 2107 262 2170 Ergo
282 2112 384 2156 tantum
403 2105 556 2155 dissimilem
580 2103 685 2169 perinde
708 2109 761 2166 est,
787 2121 816 2155 ac
842 2111 896 2155 tam
920 2106 1087 2168 dissimilem3
1114 2114 1144 2158 nt

105 2192 128 2225 v.
147 2177 207 2227 stt.
235 2179 338 2224 tentum
355 2188 456 2237 magua
475 2189 522 2239 pro
541 2178 594 2222 tam
612 2188 718 2238 magna.
755 2174 798 2223 Sic
816 2174 879 2224 alibi
898 2174 975 2225 Serm.
994 2177 1035 2239 11,
1054 2179 1083 2239 5,
1103 2179 1144 2228 80.

117 2248 221 2293 tautum
241 2242 364 2303 Veneris,
391 2246 519 2307 quantum
542 2240 662 2292 studiosa
686 2242 822 2302 eulinee“;
849 2242 945 2307 idest,
971 2249 1040 2306 tam,
1066 2261 1146 2309 aream

99 2327 153 2362 osa.
187 2310 303 2361 Ceterum
321 2326 367 2374 pro
386 2315 489 2360 certare
506 2308 563 2359 Nic.
581 2309 705 2359 Heinsius
724 2325 753 2360 ex
771 2311 918 2361 coniectura
935 2312 1009 2377 ponit
1027 2319 1145 2377 captare.

99 2380 220 2444 egregius,
248 2384 277 2428 ut
294 2379 380 2440 video,
407 2394 459 2427 non
483 2385 552 2428 reete
576 2379 675 2443 accepit
698 2378 749 2428 loci
771 2378 848 2429 huius
866 2381 1094 2431 constructionem:
1121 2385 1147 2432 et

99 2464 112 2496 c
137 2463 196 2498 sane
220 2462 252 2497 an
276 2446 341 2497 alius
365 2447 515 2511 quisquam:
543 2450 629 2495 tacent
651 2446 720 2495 enim
744 2462 830 2497 omnes
848 2463 911 2511 quos
935 2449 1063 2509 noverim3
1092 2449 1146 2500 solo

99 2516 140 2566 uio
157 2521 270 2581 excepto,
288 2515 332 2578 qni
350 2516 378 2564 in
395 2530 478 2565 errore
496 2514 538 2563 hic
556 2517 677 2564 versatur.
712 2514 775 2577 „Au
794 2515 976 2580 quodcumque
993 2518 1063 2578 facit
1075 2517 1146 2566 Mae·

99 2601 114 2646 r,
134 2590 158 2633 te
167 2599 271 2650 quoque
281 2598 373 2633 uerum
384 2588 430 2643 est,
448 2582 557 2632 Tantum
567 2582 727 2645 dissimilem,
747 2588 772 2632 et
781 2588 856 2634 tauto
867 2589 970 2633 certare
980 2587 1109 2634 minorem
1116 2586 1145 2635 i“

99 2653 151 2702 ›rdc
169 2656 220 2713 eet,
239 2652 281 2701 An
300 2667 390 2701 remam
408 2656 433 2701 et
451 2667 498 2716 par
513 2656 558 2713 est,
577 2649 699 2711 temnere,
719 2650 902 2717 quodcumque
910 2650 1051 2702 Maecenas
1059 2652 1128 2713 facit
1134 2656 1147 2702 t

99 2720 209 2785 inquam,
234 2725 338 2770 tantum
362 2721 386 2770 ei
409 2719 576 2783 dissimilem,
602 2724 629 2767 et
646 2724 720 2769 tanta
737 2722 866 2769 minorem
885 2725 989 2770 certare
1005 2737 1063 2770 cnm
1081 2720 1145 2771 illc?

99 2794 117 2838 fo
140 2791 227 2838 minor
251 2793 368 2847 certare,
395 2793 447 2837 tam
472 2788 554 2850 impar
579 2788 728 2847 certamini3
755 2787 929 2837 Hellenismus
953 2789 1047 2838 Nostro
1073 2788 1146 2840 valde

99 2872 142 2917 ue;
160 2855 190 2906 de
208 2872 257 2920 quc
275 2856 379 2905 consule
396 2872 443 2905 nos
460 2854 492 2904 ad
511 2856 592 2906 Carnu.
611 2856 633 2916 I,
655 2857 676 2905 1.
697 2857 728 2917 [r.
747 2858 781 2917 b]-
812 2856 854 2905 Sic
872 2856 936 2906 alibi
953 2855 1034 2907 Germ.
1054 2859 1102 2918 lll,
1122 2859 1145 2909 3.

99 2930 112 2974 t.
147 2923 267 2988 „dumam
290 2927 452 2989 inrepertum
475 2939 593 2988 spernere
616 2922 731 2973 forticrf·
759 2929 784 2973 et
801 2924 856 2984 Ill,
881 2926 927 2988 24,
953 2927 994 2976 56.
1029 2926 1146 2986 „Ludere

99 2996 154 3043 or.“
187 2993 288 3042 Persius
306 2993 358 3041 Sat.
377 2993 420 3054 IV,
442 2994 480 3044 16.
516 2992 653 3053 ‚,I)ecinis‚
671 2990 818 3056 Anticyras
835 2991 924 3041 melior
941 2992 1041 3043 sorbere
1059 3009 1146 3043 mera-

99 3062 104 3088 ‘
138 3058 228 3111 Minor
243 3064 327 3110 autem
344 3060 385 3110 hie
404 3060 471 3110 valet
488 3058 616 3119 trifariam
644 3062 673 3108 ut
695 3059 779 3122 Epist.
802 3060 892 3121 [,·10.
917 3076 940 3109 v.
960 3062 1000 3111 35.
1035 3061 1147 3126 „Equus

99 3147 116 3178 rr
137 3131 165 3178 in
188 3130 331 3179 certamine
356 3128 461 3193 Ιονιὸνο.α
501 3127 639 3190 Eleganter
662 3124 778 3176 imitatus
802 3131 840 3176 est
864 3128 932 3178 hune
958 3128 1042 3179 locum
1067 3130 1147 3179 Silius

99 3213 138 3246 cus
155 3195 198 3247 lib.
216 3196 245 3246 V.
264 3213 286 3245 v.
306 3198 345 3248 76.
380 3196 456 3258 „Heu
479 3197 544 3244 cani
565 3196 696 3257 monitus,
720 3194 876 3260 frustraque
893 3200 1029 3247 morantia
1047 3198 1147 3250 Parcas

99 3266 177 3327 ligia!
198 3266 247 3314 beu
264 3264 330 3325 faiis
347 3266 439 3328 superi
455 3268 564 3312 certasse
581 3262 723 3311 minoresi“

102 3335 158 3385 317.
191 3331 262 3382 liram
287 3333 394 3381 taudem
416 3347 443 3380 se
466 3333 579 3392 initeris,
602 3334 643 3380 sie
666 3347 765 3396 magna
788 3331 911 3394 fuissett]
946 3334 1029 3383 Locus
1053 3335 1096 3384 hie
1121 3336 1148 3385 in

99 3402 144 3450 atis
161 3398 314 3450 editionibus
331 3400 403 3449 foede
419 3399 601 3464 interpolatus,
627 3399 678 3448 iam
702 3400 764 3450 olim
789 3416 803 3449 a
822 3400 935 3466 Gruquio
954 3417 985 3451 ex
1001 3401 1148 3453 melioribus

101 3469 183 3518 branis
200 3474 265 3518 recte
283 3470 437 3517 constitutus
455 3472 506 3517 est:
531 3468 573 3517 cui
596 3474 679 3517 tamen
703 3468 870 3518 certissimam
893 3469 973 3519 iacens
996 3470 1150 3534 praeferenti

99 3554 109 3585 c
133 3538 250 3586 haetenus
273 3537 345 3586 fidem
369 3535 467 3587 habuit.
510 3536 552 3585 Sic
578 3541 662 3585 autern
686 3535 763 3600 vulgo
789 3534 921 3587 exhibent:
949 3538 1015 3598 „iiia
1042 3553 1150 3602 rogare,

99 3608 192 3654 utana?
216 3620 279 3654 uram
297 3603 411 3664 tandem,
436 3620 462 3654 ee
479 3603 585 3664 inflans,
611 3604 648 3653 sie
666 3619 766 3667 magua
783 3604 896 3664 fuisset?
923 3605 1011 3655 Maior
1029 3605 1150 3659 dimidio.

99 3675 206 3722 sunto?
230 3688 289 3722 euru
306 3675 410 3737 magir‘
428 3677 476 3723 ete.
511 3672 638 3736 Cruquius
656 3688 715 3721 vero
734 3688 764 3720 ex
781 3673 835 3721 suis
859 3674 895 3722 sic
914 3674 1041 3738 reposuit:
1069 3690 1150 3737 „num

99 3756 342 3802 consummasse,
361 3738 582 3804 magnafuissett
600 3738 689 3789 Maior
700 3739 829 3790 dimidiet
847 3756 911 3790 uum
930 3745 1077 3790 unsruu?“
1097 3742 1149 3792 Ubi

99 3827 134 3871 10,
160 3824 219 3859 num
237 3814 341 3858 tantum
358 3808 505 3873 praeierunt
522 3806 709 3857 uetustissimus
727 3807 878 3857 Blandinius
897 3824 952 3858 cum
970 3809 1105 3873 Tonsano,
1125 3816 1151 3862 ct

99 3894 117 3927 n
134 3876 192 3927 Coll.
210 3877 352 3927 Trinitatis.
387 3878 511 3941 Agnoscit
528 3876 604 3926 ctiam
622 3876 788 3940 Porphyrion,
816 3876 838 3926 si
856 3876 930 3926 modo
948 3875 1024 3926 verhe
1042 3879 1096 3928 eius
1114 3879 1150 3929 le·

99 3965 106 3994 r
123 3945 289 3995 emendentur:
318 3943 407 4007 „Neam
425 3944 535 4006 tandem]
559 3944 751 3994 Adnotandum
769 3943 870 3994 tandem
886 3960 937 4009 pro
957 3951 1008 3995 tam
1023 3949 1150 4011 positum,

99 4019 137 4075 nt,
162 4020 212 4063 tam
234 4016 359 4077 magna.“
395 4013 458 4069 Quis
483 4014 549 4063 eninr
568 4029 620 4062 non
638 4011 720 4074 videt,
749 4012 855 4061 tandem
873 4011 915 4062 bic
933 4029 980 4078 pro
999 4019 1103 4064 tantum
1120 4031 1152 4065 ex

99 4090 158 4131 :extu
175 4082 320 4146 irrepsisse?
353 4079 465 4132 Tantum
485 4098 530 4143 prc
550 4086 618 4140 tum3
643 4083 691 4130 hcc
716 4080 817 4144 quidem
839 4086 906 4130 recte
931 4081 1022 4143 habet,
1046 4087 1071 4131 et
1089 4084 1151 4133 satis

100 4155 182 4199 uenter
197 4150 320 4200 occurrit:
340 4154 367 4197 at
390 4150 454 4200 illud
476 4148 591 4199 Tandem
611 4165 657 4213 prc
676 4155 730 4198 tum
748 4149 804 4214 quis
822 4164 940 4213 nmquam
959 4150 998 4199 vel
1016 4150 1093 4201 iandc
1111 4153 1151 4202 in-

99 4219 156 4269 ivit?
174 4219 238 4282 Ergo
256 4217 318 4269 olim
335 4217 377 4267 hic
395 4233 458 4269 uram
478 4223 580 4267 tantum
598 4217 697 4281 legebat
714 4217 887 4283 Porphyrion:
912 4224 938 4268 et
955 4224 1023 4269 reete
1042 4221 1152 4284 quidem.
