2810 4764
395 218 576 267 clamans
596 220 663 267 LIB.
678 218 727 267 111.
753 215 790 267 ll.
808 216 845 269 12.

146 353 247 431 Quae,
269 351 358 418 velut
379 358 493 419 nactae
514 352 631 419 vitulos
652 354 793 433 leaenae,

145 437 298 520 Singulos
320 437 427 515 (eben)
449 438 606 504 lacerant:
633 458 694 521 ego
715 439 779 506 illis

144 522 270 588 Mollior
290 541 349 587 nac
371 528 403 588 te
424 522 547 603 leriam,
568 543 672 606 neque
693 524 776 589 intra

264 606 414 673 Claustra
434 609 558 674 tenebo.

99 704 133 755 45
145 693 197 758 lle
241 697 310 758 ater
331 693 437 759 saevis
458 698 568 759 oneret
588 693 718 773 catenis,

145 714 240 856 Quoi
260 775 328 842 viro
349 778 489 844 clemens
511 777 627 844 misero
648 778 778 865 peperci
784 800 793 857 ;

144 863 196 928 Me
216 862 268 930 vel
290 867 450 929 extremos
470 862 684 930 Numidarum
706 863 739 928 in
760 883 856 945 agros

263 946 376 1013 Classe
398 948 529 1029 releget.

143 1032 170 1110 I,
194 1031 378 1117 pedesque
401 1038 432 1097 te
454 1033 583 1118 rapiunt
604 1037 636 1098 et
656 1052 765 1111 aurae,

101 1128 133 1178 no
146 1117 232 1181 Dum
253 1117 341 1183 favet
361 1136 424 1181 nox
447 1124 480 1183 et
500 1119 626 1183 Venus:
649 1118 660 1182 i
682 1116 821 1184 secundo

145 1199 272 1281 Omine;
296 1207 328 1267 et
348 1202 449 1269 nostri
470 1222 643 1270 memorem
664 1202 810 1291 sepulcro

263 1287 377 1372 Scalpe
399 1289 571 1371 querelam.

583 1455 655 1520 XII.

412 1572 481 1638 AD
510 1573 818 1640 NEOBULEN.

142 1704 328 1783 Miserarum
350 1714 409 1786 est,
431 1674 491 1774 nec
511 1709 613 1772 amori
635 1708 711 1775 dare
733 1708 855 1786 ludum,
877 1726 981 1791 neque
1004 1707 1089 1773 dulci

183 1793 270 1857 Mala
290 1792 363 1858 vino
384 1794 509 1870 laverc3
532 1801 589 1857 aut
610 1794 786 1859 exanimari
807 1793 977 1859 metuentis

185 1878 323 1943 Patruae
344 1879 477 1945 verbera
497 1877 636 1959 linguae.

245 1984 250 1992 ¹
335 2012 358 2049 v.
375 1999 417 2049 43.
434 1996 510 2062 ang.
528 1995 585 2048 Nec
601 1997 676 2048 intra.
710 2013 733 2049 r.
753 1999 776 2047 1.
793 1994 892 2061 Neque.

128 2112 171 2165 43.
194 2110 251 2162 Nec
275 2119 300 2163 te
315 2112 413 2174 fariam
436 2131 485 2165 aec
502 2117 585 2177 intra]
610 2115 651 2164 Its
674 2114 825 2165 recentiores
848 2113 995 2165 Editiones:
1020 2117 1047 2164 at
1069 2114 1175 2179 antiqua

56 2177 158 2229 Veneta
181 2184 207 2229 et
222 2179 408 2246 Loschsriana,
433 2198 482 2233 aaa
500 2190 525 2233 te
548 2182 650 2244 feriam,
676 2198 760 2247 aeque
776 2182 852 2232 intra.
888 2182 952 2238 Quis
974 2182 1070 2248 primus
1093 2187 1174 2232 muta·

56 2247 125 2297 verit
142 2248 235 2310 nescio,
253 2265 336 2315 neque
353 2251 417 2301 scira
435 2250 570 2316 quicquam
587 2250 707 2310 interart;
734 2253 801 2299 carte
818 2266 870 2299 non
888 2255 926 2301 est
943 2253 1042 2301 secutus
1059 2250 1175 2301 meliores

55 2315 175 2379 pluresve
192 2316 299 2369 codices.
338 2319 379 2369 Ex
402 2319 484 2370 tribue
500 2319 663 2379 Bsrsmanni,
689 2318 740 2368 duc
756 2318 899 2368 habuerunt
915 2333 1012 2384 aeque:
1036 2322 1062 2368 ct
1084 2318 1121 2368 sic
1145 2334 1176 2368 ex

55 2382 154 2433 nostris
170 2382 319 2445 Leidensis,
345 2387 516 2449 Graecianus,
535 2386 699 2453 Baginensis,
717 2385 934 2448 Zulichemisnas,
953 2385 1045 2452 optimi
1062 2390 1087 2436 et
1103 2391 1174 2436 vetu-

54 2451 166 2501 stissimi
183 2452 291 2518 quique,
315 2471 372 2505 cnm
389 2455 488 2520 aliquot
504 2455 572 2507 aliis.
606 2453 690 2505 Ceteri
712 2454 863 2520 interpretes
886 2458 984 2504 tacent:
1012 2454 1083 2519 quasi
1101 2454 1174 2504 credo

54 2518 126 2569 nihil
144 2520 259 2583 referret,
284 2537 332 2573 aec
358 2538 390 2572 an
416 2539 501 2588 acqua
515 2523 661 2589 scripseris,
686 2521 837 2587 ubicumque
861 2537 947 2572 versus
965 2521 1032 2572 ratio
1049 2523 1173 2574 utrumvis

54 2586 191 2637 admittere
209 2593 303 2654 potest.
337 2590 473 2656 Equidem,
497 2596 526 2641 nt
543 2593 571 2642 in
588 2591 628 2641 his
646 2590 762 2641 minutiis
785 2604 831 2640 nec
847 2589 951 2655 linguae
968 2590 1075 2640 Latinae
1093 2605 1173 2655 neque

52 2654 146 2705 Flacci
164 2656 272 2707 salutem
289 2658 364 2708 sitam
381 2675 435 2708 esse
453 2658 580 2721 confiteor,
598 2660 636 2709 ite
654 2658 730 2709 semel
747 2664 865 2723 suscepto
882 2658 930 2708 hoc
947 2658 1040 2720 labore,
1057 2658 1107 2708 mei
1124 2658 1175 2708 iam

53 2721 170 2774 muneris
188 2725 310 2790 pensique
328 2742 380 2776 esse
398 2727 523 2788 existimo,
541 2742 573 2776 ne
590 2726 716 2777 levissima
734 2727 833 2791 quidem
842 2725 985 2792 praeterire.
1009 2725 1175 2782 Quamobrem

53 2790 124 2841 illud
142 2792 337 2855 animadverto,
353 2795 484 2844 varietatis
501 2795 542 2845 bic
561 2796 669 2859 gratiam
687 2795 839 2859 quaesivisse
857 2794 990 2855 Nostrum,
1014 2798 1051 2855 et,
1076 2794 1175 2859 quoties

52 2859 124 2910 liber
142 2865 197 2909 arat
213 2876 228 2910 a
244 2863 319 2911 metri
337 2863 496 2923 necessitate,
514 2861 579 2926 Neo,
596 2878 688 2928 acqua,
705 2860 854 2927 velNaqaa,
871 2878 932 2912 mee:
950 2878 1002 2912 non
1019 2861 1059 2912 bis
1072 2863 1175 2913 eandam

51 2926 212 2992 particulam
229 2944 291 2992 aec,
315 2946 372 2991 aee,
399 2935 444 2980 ant
461 2946 558 2995 neque,
579 2946 663 2996 aeque
679 2930 801 2996 posuisse.
825 2936 855 2981 nt
872 2929 952 2980 Germ.
971 2932 992 2992 I,
1001 2932 1025 2992 6,
1036 2933 1059 2981 5.
1094 2929 1175 2995 „Noa

51 2996 191 3060 Agrippa,
210 3012 291 3062 neque
309 2999 374 3048 baec
392 2998 490 3060 dicare,
505 3014 551 3048 nec
567 3000 702 3064 grauma.“
720 2999 755 3060 II,
770 3000 809 3059 16,
820 3000 843 3048 t.
878 2996 1015 3062 „Groaple
1031 3012 1086 3048 noa
1102 3013 1174 3062 gem-

51 3065 123 3127 melr,
140 3079 221 3128 neque
237 3081 361 3131 purpura
379 3064 542 3130 ce--Nale,
560 3082 606 3116 nec
625 3067 719 3116 aaro.“
751 3067 824 3129 Ergo
842 3068 867 3115 at
884 3064 926 3115 hic
943 3081 973 3115 ex
989 3065 1074 3115 MStis
1087 3065 1172 3129 legan-

54 3132 133 3191 dum3
152 3147 218 3194 „acc
234 3137 260 3182 te
277 3133 375 3195 leriam,
393 3150 477 3199 aeque
493 3134 588 3188 intra.“
622 3135 658 3182 Et
675 3133 794 3184 similiter
810 3133 838 3182 in
856 3136 910 3182 toto
928 3148 1003 3199 opere
1020 3132 1103 3183 decies
1120 3135 1175 3198 opi-

51 3215 105 3317 por
122 3199 162 3248 val
178 3201 288 3265 amplius
305 3218 339 3251 ex
356 3201 502 3253 melioribus
519 3201 670 3252 membranis
686 3201 871 3252 revocavimus<
890 3200 1021 3265 dequibus
1039 3201 1114 3251 semel
1130 3201 1173 3252 bic

71 3266 153 3316 ixisse
170 3268 288 3322 sufficiat.

128 3336 149 3385 l.
167 3334 327 3386 Miserarum
351 3339 397 3400 ert]
425 3336 517 3392 Quales
542 3336 595 3386 sint
619 3337 647 3386 in
671 3338 717 3387 hoc
735 3335 851 3387 Carmine
875 3353 974 3398 versus,
1000 3342 1025 3386 et
1050 3336 1173 3401 quomodo

52 3402 205 3467 digerendi,
238 3420 289 3454 non
313 3405 387 3455 modo
413 3405 481 3455 inter
506 3405 674 3471 Interpretas,
702 3405 745 3467 sed
768 3405 836 3454 inter
858 3409 970 3455 vetustos
993 3405 1174 3455 Grammaticos

52 3485 151 3534 magna
170 3473 340 3522 controversia
357 3477 403 3523 est.
438 3473 519 3528 Quam
537 3473 560 3523 si
577 3472 713 3538 aliquando
731 3472 832 3522 tandem
849 3473 974 3535 dirimere,
992 3478 1018 3523 et
1034 3489 1087 3524 rem
1105 3478 1174 3524 extra

52 3538 165 3588 dubiam
183 3539 306 3591 collocare
323 3556 470 3605 pessumum
497 3546 523 3590 et
539 3542 660 3607 gratiam,
685 3541 737 3591 nisi
753 3540 878 3606 fallimur,
895 3540 1018 3592 inibimus
1036 3557 1051 3592 a
1067 3542 1174 3592 Lactora

53 3601 239 3674 φιλομούσῳς
265 3614 290 3658 et
307 3625 336 3658 ec
353 3613 429 3674 pacto
447 3610 548 3674 insigne
564 3609 702 3674 flagitium,
730 3609 796 3673 qnod
818 3610 1003 3674 perducentes
1027 3611 1078 3660 iarn
1095 3625 1174 3659 annos

52 3689 159 3724 carmen
176 3675 224 3725 hcc
241 3676 384 3727 faedissima
402 3677 513 3739 luxavit,
532 3678 704 3743 inposterum
722 3676 902 3727 cohibebimus.
936 3678 1077 3744 Ptineipio,
1093 3678 1172 3742 scrip·
1208 3677 1213 3681 ’

51 3748 97 3792 tor
114 3742 183 3792 vitae
199 3743 303 3794 Horatii
326 3744 450 3796 alacobo
469 3745 580 3810 Oruqnio
604 3745 699 3807 editus,
726 3746 790 3795 hanc
809 3745 878 3795 Oden
906 3745 1019 3797 incolere
1038 3750 1172 3796 tetrastro-

49 3811 130 3876 plaoa
148 3826 201 3861 ease
218 3812 280 3877 vult,
298 3813 346 3864 hoc
364 3819 409 3876 cst,
429 3819 594 3879 exqaattaor
610 3812 724 3864 versibus
741 3820 864 3874 constare,
882 3830 988 3880 quornm
1006 3818 1058 3863 tres
1075 3812 1172 3862 diversa

50 3877 168 3929 habeant
184 3885 276 3930 metra:
301 3882 364 3932 dnos
382 3886 465 3932 autem
489 3883 585 3946 priores
609 3897 662 3932 esse
680 3882 827 3947 Sappbr’cor
851 3885 984 3932 trimetros
1007 3879 1171 3941 acatalectaa,

50 3948 161 3997 tertium
178 3949 391 4001 Anacreonteum
408 3950 549 4001 dimetrum
573 3949 647 4016 llegs,
662 3950 813 4012 trimetrum)
838 3949 1034 4011 catalecticum,
1057 3950 1172 4013 quartum

51 4015 200 4066 Arioniam.
235 4018 305 4082 Ergo
328 4034 359 4068 ex
376 4019 452 4071 buius
469 4018 579 4068 hominis
602 4020 729 4070 sententia
751 4018 787 4069 sic
805 4018 937 4083 digerendi
961 4015 1055 4066 fuerint
1072 4031 1171 4075 varsns3

51 4082 236 4147 „Miserarum
254 4091 293 4135 art
309 4102 357 4136 aec
375 4089 463 4137 amori
479 4087 544 4137 dare
562 4084 805 4151 ladam,-Naqua
823 4086 897 4136 dalei
912 4084 983 4135 mala
1000 4086 1061 4134 oiao
1076 4083 1171 4147 lacera,

52 4158 104 4202 aut
123 4168 158 4202 aar
173 4181 207 4192 -
221 4153 347 4205 Animarr'
363 4160 506 4206 mataeater
523 4161 637 4221 patruae
650 4184 684 4192 —
698 4155 815 4205 Verbera
839 4154 974 4218 limgaaa,“
1007 4156 1089 4216 Atque
1106 4151 1171 4203 hanc

111 4256 222 4298 Homtins.
234 4256 250 4296 l.
935 4238 969 4305 ‚12
