<?xml version="1.0" encoding="UTF-8"?>
<!DOCTYPE html PUBLIC "-//W3C//DTD XHTML 1.0 Transitional//EN"
    "http://www.w3.org/TR/xhtml1/DTD/xhtml1-transitional.dtd">
<html xmlns="http://www.w3.org/1999/xhtml" xml:lang="en" lang="en">
 <head>
  <title>
</title>
<meta http-equiv="Content-Type" content="text/html;charset=utf-8" />
  <meta name='ocr-system' content='tesseract 3.04.00' />
  <meta name='ocr-capabilities' content='ocr_page ocr_carea ocr_par ocr_line ocrx_word'/>
</head>
<body>
  <div class='ocr_page' id='page_1' title='image "./qhoratiusflaccu02bentgoog_0290.png"; bbox 0 0 2842 4758; ppageno 0'>
   <div class='ocr_carea' id='block_1_1' title="bbox 382 256 742 309">
    <p class='ocr_par' dir='ltr' id='par_1_1' title="bbox 382 256 742 309">
     <span class='ocr_line' id='line_1_1' title="bbox 382 256 742 309; baseline 0.008 -3"><span class='ocrx_word' id='word_1_1' title='bbox 382 261 567 308; x_wconf 77' lang='lat' dir='ltr'><strong>SERMONUM</strong></span> <span class='ocrx_word' id='word_1_2' title='bbox 588 262 654 309; x_wconf 78' lang='lat' dir='ltr'>mu.</span> <span class='ocrx_word' id='word_1_3' title='bbox 670 263 693 309; x_wconf 88' lang='lat'>1.</span> <span class='ocrx_word' id='word_1_4' title='bbox 716 256 742 309; x_wconf 77' lang='lat'>2.</span> 
     </span>
    </p>
   </div>
   <div class='ocr_carea' id='block_1_2' title="bbox 115 395 933 818">
    <p class='ocr_par' dir='ltr' id='par_1_2' title="bbox 116 395 921 477">
     <span class='ocr_line' id='line_1_2' title="bbox 116 395 921 477; baseline 0.01 -21"><span class='ocrx_word' id='word_1_5' title='bbox 116 415 138 458; x_wconf 71' lang='lat' dir='ltr'>ec</span> <span class='ocrx_word' id='word_1_6' title='bbox 160 412 275 470; x_wconf 87' lang='lat' dir='ltr'>vereor,</span> <span class='ocrx_word' id='word_1_7' title='bbox 298 414 348 471; x_wconf 88' lang='lat' dir='ltr'>ne,</span> <span class='ocrx_word' id='word_1_8' title='bbox 372 395 447 459; x_wconf 90' lang='lat' dir='ltr'>doru</span> <span class='ocrx_word' id='word_1_9' title='bbox 470 395 571 471; x_wconf 78' lang='lat' dir='ltr'>tutuo,</span> <span class='ocrx_word' id='word_1_10' title='bbox 594 395 643 461; x_wconf 86' lang='lat' dir='ltr'>vir</span> <span class='ocrx_word' id='word_1_11' title='bbox 664 417 738 463; x_wconf 89' lang='lat' dir='ltr'>rure</span> <span class='ocrx_word' id='word_1_12' title='bbox 760 403 921 477; x_wconf 65' lang='lat' dir='ltr'>incuriae</span> 
     </span>
    </p>

    <p class='ocr_par' dir='ltr' id='par_1_3' title="bbox 116 479 930 565">
     <span class='ocr_line' id='line_1_3' title="bbox 116 479 930 565; baseline 0.009 -24"><span class='ocrx_word' id='word_1_13' title='bbox 116 499 170 542; x_wconf 82' lang='lat' dir='ltr'>rua</span> <span class='ocrx_word' id='word_1_14' title='bbox 191 480 370 561; x_wconf 63' lang='lat' dir='ltr'>treugarum</span> <span class='ocrx_word' id='word_1_15' title='bbox 405 480 499 545; x_wconf 84' lang='lat' dir='ltr'>latret</span> <span class='ocrx_word' id='word_1_16' title='bbox 521 479 625 558; x_wconf 86' lang='lat' dir='ltr'>canis;</span> <span class='ocrx_word' id='word_1_17' title='bbox 650 481 791 564; x_wconf 90' lang='lat' dir='ltr'>undique</span> <span class='ocrx_word' id='word_1_18' title='bbox 812 502 930 565; x_wconf 83' lang='lat' dir='ltr'>magno</span> 
     </span>
    </p>

    <p class='ocr_par' dir='ltr' id='par_1_4' title="bbox 115 564 933 656">
     <span class='ocr_line' id='line_1_4' title="bbox 115 564 933 656; baseline 0.01 -30"><span class='ocrx_word' id='word_1_19' title='bbox 115 566 167 628; x_wconf 84' lang='lat' dir='ltr'>lsa</span> <span class='ocrx_word' id='word_1_20' title='bbox 188 564 299 629; x_wconf 88' lang='lat' dir='ltr'>domus</span> <span class='ocrx_word' id='word_1_21' title='bbox 322 565 457 656; x_wconf 87' lang='lat' dir='ltr'>strepitu</span> <span class='ocrx_word' id='word_1_22' title='bbox 481 576 621 631; x_wconf 82' lang='lat' dir='ltr'>resonet:</span> <span class='ocrx_word' id='word_1_23' title='bbox 645 586 685 630; x_wconf 88' lang='lat' dir='ltr'>ne</span> <span class='ocrx_word' id='word_1_24' title='bbox 710 566 830 652; x_wconf 88' lang='lat' dir='ltr'>pallida</span> <span class='ocrx_word' id='word_1_25' title='bbox 851 569 933 634; x_wconf 85' lang='lat' dir='ltr'>lecto</span> 
     </span>
    </p>

    <p class='ocr_par' dir='ltr' id='par_1_5' title="bbox 115 649 891 818">
     <span class='ocr_line' id='line_1_5' title="bbox 115 649 891 727; baseline 0.013 -16"><span class='ocrx_word' id='word_1_26' title='bbox 115 649 208 712; x_wconf 68' lang='lat' dir='ltr'>csiliat</span> <span class='ocrx_word' id='word_1_27' title='bbox 229 650 356 727; x_wconf 82' lang='lat' dir='ltr'>mulier3</span> <span class='ocrx_word' id='word_1_28' title='bbox 380 650 529 714; x_wconf 83' lang='lat' dir='ltr'>miseram</span> <span class='ocrx_word' id='word_1_29' title='bbox 553 671 588 715; x_wconf 90' lang='lat' dir='ltr'>se</span> <span class='ocrx_word' id='word_1_30' title='bbox 610 653 738 716; x_wconf 89' lang='lat' dir='ltr'>conscia</span> <span class='ocrx_word' id='word_1_31' title='bbox 759 652 891 724; x_wconf 70' lang='lat' dir='ltr'>elamat</span> 
     </span>
     <span class='ocr_line' id='line_1_6' title="bbox 386 751 750 818; baseline 0.008 -20"><span class='ocrx_word' id='word_1_32' title='bbox 386 767 408 799; x_wconf 92' lang='lat' dir='ltr'>v.</span> <span class='ocrx_word' id='word_1_33' title='bbox 429 753 484 802; x_wconf 80' lang='lat'>129.</span> <span class='ocrx_word' id='word_1_34' title='bbox 503 751 578 816; x_wconf 76' lang='lat' dir='ltr'>l&#39;ulg.</span> <span class='ocrx_word' id='word_1_35' title='bbox 600 752 750 818; x_wconf 82' lang='lat' dir='ltr'>Vepalllda.</span> 
     </span>
    </p>
   </div>
   <div class='ocr_carea' id='block_1_3' title="bbox 112 867 1127 1478">
    <p class='ocr_par' dir='ltr' id='par_1_6' title="bbox 112 867 1127 1478">
     <span class='ocr_line' id='line_1_7' title="bbox 114 867 1123 931; baseline 0.005 -14"><span class='ocrx_word' id='word_1_36' title='bbox 114 884 142 917; x_wconf 92' lang='lat' dir='ltr'>on</span> <span class='ocrx_word' id='word_1_37' title='bbox 160 867 248 931; x_wconf 87' lang='lat' dir='ltr'>videat,</span> <span class='ocrx_word' id='word_1_38' title='bbox 265 868 293 918; x_wconf 90' lang='lat' dir='ltr'>in</span> <span class='ocrx_word' id='word_1_39' title='bbox 311 870 357 918; x_wconf 90' lang='lat' dir='ltr'>hac</span> <span class='ocrx_word' id='word_1_40' title='bbox 376 870 565 920; x_wconf 81' lang='lat' dir='ltr'>construetione</span> <span class='ocrx_word' id='word_1_41' title='bbox 583 870 658 920; x_wconf 87' lang='lat' dir='ltr'>illam</span> <span class='ocrx_word' id='word_1_42' title='bbox 677 875 703 921; x_wconf 90' lang='lat' dir='ltr'>et</span> <span class='ocrx_word' id='word_1_43' title='bbox 720 871 791 920; x_wconf 77' lang='lat' dir='ltr'>banc</span> <span class='ocrx_word' id='word_1_44' title='bbox 807 870 888 921; x_wconf 88' lang='lat' dir='ltr'>eidem</span> <span class='ocrx_word' id='word_1_45' title='bbox 903 871 1027 921; x_wconf 88' lang='lat' dir='ltr'>orationis</span> <span class='ocrx_word' id='word_1_46' title='bbox 1044 887 1123 922; x_wconf 88' lang='lat' dir='ltr'>mem·</span> 
     </span>
     <span class='ocr_line' id='line_1_8' title="bbox 114 937 1126 1005; baseline 0.003 -19"><span class='ocrx_word' id='word_1_47' title='bbox 114 942 155 1000; x_wconf 88' lang='lat' dir='ltr'>pte</span> <span class='ocrx_word' id='word_1_48' title='bbox 172 937 313 1001; x_wconf 80' lang='lat' dir='ltr'>assignari?</span> <span class='ocrx_word' id='word_1_49' title='bbox 330 937 402 987; x_wconf 88' lang='lat' dir='ltr'>Tolle</span> <span class='ocrx_word' id='word_1_50' title='bbox 420 939 506 1003; x_wconf 85' lang='lat' dir='ltr'>itaque</span> <span class='ocrx_word' id='word_1_51' title='bbox 524 945 575 987; x_wconf 85' lang='lat' dir='ltr'>taur</span> <span class='ocrx_word' id='word_1_52' title='bbox 593 938 691 987; x_wconf 83' lang='lat' dir='ltr'>foedam</span> <span class='ocrx_word' id='word_1_53' title='bbox 709 937 841 1000; x_wconf 86' lang='lat' dir='ltr'>maculam,</span> <span class='ocrx_word' id='word_1_54' title='bbox 859 945 885 988; x_wconf 93' lang='lat' dir='ltr'>et</span> <span class='ocrx_word' id='word_1_55' title='bbox 901 939 939 989; x_wconf 89' lang='lat' dir='ltr'>sio</span> <span class='ocrx_word' id='word_1_56' title='bbox 957 939 1126 1005; x_wconf 83' lang='lat' dir='ltr'>interpungo:</span> 
     </span>
     <span class='ocr_line' id='line_1_9' title="bbox 124 1004 1126 1087; baseline 0.004 -34"><span class='ocrx_word' id='word_1_57' title='bbox 124 1004 191 1084; x_wconf 77' lang='lat' dir='ltr'>¹l’oei</span> <span class='ocrx_word' id='word_1_58' title='bbox 204 1004 305 1070; x_wconf 85' lang='lat' dir='ltr'>paullo,</span> <span class='ocrx_word' id='word_1_59' title='bbox 324 1004 378 1055; x_wconf 85' lang='lat' dir='ltr'>Sed</span> <span class='ocrx_word' id='word_1_60' title='bbox 392 1005 488 1071; x_wconf 80' lang='lat' dir='ltr'>pluris,</span> <span class='ocrx_word' id='word_1_61' title='bbox 507 1005 539 1056; x_wconf 88' lang='lat' dir='ltr'>Si</span> <span class='ocrx_word' id='word_1_62' title='bbox 556 1008 654 1087; x_wconf 77' lang='lat' dir='ltr'>eaierit</span> <span class='ocrx_word' id='word_1_63' title='bbox 671 1010 722 1068; x_wconf 89' lang='lat' dir='ltr'>vir,</span> <span class='ocrx_word' id='word_1_64' title='bbox 742 1005 842 1057; x_wconf 76' lang='lat' dir='ltr'>Gallie:</span> <span class='ocrx_word' id='word_1_65' title='bbox 861 1008 938 1070; x_wconf 79' lang='lat' dir='ltr'>banc,</span> <span class='ocrx_word' id='word_1_66' title='bbox 956 1007 1126 1058; x_wconf 81' lang='lat' dir='ltr'>Plrilodenrar</span> 
     </span>
     <span class='ocr_line' id='line_1_10' title="bbox 113 1073 1127 1206; baseline 0.003 -17"><span class='ocrx_word' id='word_1_67' title='bbox 113 1073 1038 1206; x_wconf 58' lang='lat' dir='ltr'>2²ttttt‚&#39;tttt,&#39;&#39;²;¹tt⁰tltttltlt’ttttttttltaft&#39;ttti</span> <span class='ocrx_word' id='word_1_68' title='bbox 1052 1091 1127 1193; x_wconf 63' lang='lat' dir='ltr'>titt</span> 
     </span>
     <span class='ocr_line' id='line_1_11' title="bbox 113 1207 1127 1275; baseline 0.004 -19"><span class='ocrx_word' id='word_1_69' title='bbox 113 1224 160 1257; x_wconf 85' lang='lat' dir='ltr'>uae</span> <span class='ocrx_word' id='word_1_70' title='bbox 177 1213 223 1258; x_wconf 86' lang='lat' dir='ltr'>etc.</span> <span class='ocrx_word' id='word_1_71' title='bbox 262 1207 352 1258; x_wconf 79' lang='lat' dir='ltr'>Gallos</span> <span class='ocrx_word' id='word_1_72' title='bbox 374 1214 458 1259; x_wconf 90' lang='lat' dir='ltr'>autem</span> <span class='ocrx_word' id='word_1_73' title='bbox 481 1210 523 1259; x_wconf 89' lang='lat' dir='ltr'>hic</span> <span class='ocrx_word' id='word_1_74' title='bbox 541 1208 667 1274; x_wconf 72' lang='lat' dir='ltr'><strong>spadones</strong></span> <span class='ocrx_word' id='word_1_75' title='bbox 685 1215 711 1260; x_wconf 90' lang='lat' dir='ltr'>et</span> <span class='ocrx_word' id='word_1_76' title='bbox 728 1208 834 1275; x_wconf 76' lang='lat' dir='ltr'><strong>Cybeles</strong></span> <span class='ocrx_word' id='word_1_77' title='bbox 852 1210 994 1260; x_wconf 71' lang='lat' dir='ltr'>sacerdotes</span> <span class='ocrx_word' id='word_1_78' title='bbox 1012 1211 1127 1274; x_wconf 77' lang='lat' dir='ltr'>aeaipi03</span> 
     </span>
     <span class='ocr_line' id='line_1_12' title="bbox 112 1275 1127 1342; baseline 0.003 -18"><span class='ocrx_word' id='word_1_79' title='bbox 112 1292 125 1324; x_wconf 95' lang='lat' dir='ltr'>u</span> <span class='ocrx_word' id='word_1_80' title='bbox 148 1275 229 1325; x_wconf 87' lang='lat' dir='ltr'>lentas</span> <span class='ocrx_word' id='word_1_81' title='bbox 252 1275 370 1341; x_wconf 89' lang='lat' dir='ltr'>ambages</span> <span class='ocrx_word' id='word_1_82' title='bbox 393 1276 468 1327; x_wconf 84' lang='lat' dir='ltr'>facile</span> <span class='ocrx_word' id='word_1_83' title='bbox 493 1282 519 1327; x_wconf 93' lang='lat' dir='ltr'>et</span> <span class='ocrx_word' id='word_1_84' title='bbox 541 1278 670 1342; x_wconf 73' lang='lat' dir='ltr'>patienter</span> <span class='ocrx_word' id='word_1_85' title='bbox 695 1278 760 1328; x_wconf 87' lang='lat' dir='ltr'>lerre</span> <span class='ocrx_word' id='word_1_86' title='bbox 787 1283 888 1342; x_wconf 88' lang='lat' dir='ltr'>queant.</span> <span class='ocrx_word' id='word_1_87' title='bbox 930 1277 958 1327; x_wconf 87' lang='lat' dir='ltr'>Si</span> <span class='ocrx_word' id='word_1_88' title='bbox 984 1277 1127 1328; x_wconf 83' lang='lat' dir='ltr'>Philodami</span> 
     </span>
     <span class='ocr_line' id='line_1_13' title="bbox 112 1344 1127 1412; baseline 0.005 -21"><span class='ocrx_word' id='word_1_89' title='bbox 112 1358 170 1392; x_wconf 82' lang='lat' dir='ltr'>urna</span> <span class='ocrx_word' id='word_1_90' title='bbox 187 1359 217 1392; x_wconf 81' lang='lat' dir='ltr'>ex</span> <span class='ocrx_word' id='word_1_91' title='bbox 234 1344 328 1409; x_wconf 86' lang='lat' dir='ltr'>angulo</span> <span class='ocrx_word' id='word_1_92' title='bbox 346 1344 432 1410; x_wconf 89' lang='lat' dir='ltr'>aliquo</span> <span class='ocrx_word' id='word_1_93' title='bbox 450 1350 587 1407; x_wconf 88' lang='lat' dir='ltr'>erueretur,</span> <span class='ocrx_word' id='word_1_94' title='bbox 605 1351 636 1394; x_wconf 90' lang='lat' dir='ltr'>ut</span> <span class='ocrx_word' id='word_1_95' title='bbox 653 1361 683 1395; x_wconf 85' lang='lat' dir='ltr'>ex</span> <span class='ocrx_word' id='word_1_96' title='bbox 693 1345 848 1410; x_wconf 83' lang='lat' dir='ltr'>Anthologia</span> <span class='ocrx_word' id='word_1_97' title='bbox 865 1344 963 1395; x_wconf 87' lang='lat' dir='ltr'>inedita</span> <span class='ocrx_word' id='word_1_98' title='bbox 975 1345 1127 1412; x_wconf 85' lang='lat' dir='ltr'>productum</span> 
     </span>
     <span class='ocr_line' id='line_1_14' title="bbox 112 1409 1127 1478; baseline 0.004 -19"><span class='ocrx_word' id='word_1_99' title='bbox 112 1411 124 1458; x_wconf 85' lang='lat' dir='ltr'>d</span> <span class='ocrx_word' id='word_1_100' title='bbox 144 1410 305 1473; x_wconf 83' lang='lat' dir='ltr'>Callimaebi;</span> <span class='ocrx_word' id='word_1_101' title='bbox 331 1416 384 1461; x_wconf 89' lang='lat' dir='ltr'>tnm</span> <span class='ocrx_word' id='word_1_102' title='bbox 403 1413 497 1463; x_wconf 83' lang='lat' dir='ltr'>certius</span> <span class='ocrx_word' id='word_1_103' title='bbox 515 1414 580 1462; x_wconf 89' lang='lat' dir='ltr'>seire</span> <span class='ocrx_word' id='word_1_104' title='bbox 599 1429 744 1478; x_wconf 87' lang='lat' dir='ltr'>possemus,</span> <span class='ocrx_word' id='word_1_105' title='bbox 762 1418 847 1463; x_wconf 89' lang='lat' dir='ltr'>utrum</span> <span class='ocrx_word' id='word_1_106' title='bbox 867 1409 984 1469; x_wconf 73' lang='grc' dir='ltr'>Γάλλους</span> <span class='ocrx_word' id='word_1_107' title='bbox 1001 1413 1077 1464; x_wconf 82' lang='lat' dir='ltr'>vellet</span> <span class='ocrx_word' id='word_1_108' title='bbox 1094 1430 1127 1463; x_wconf 92' lang='lat' dir='ltr'>an</span> 
     </span>
    </p>
   </div>
   <div class='ocr_carea' id='block_1_4' title="bbox 107 1495 1139 4124">
    <p class='ocr_par' dir='ltr' id='par_1_7' title="bbox 107 1495 1139 4124">
     <span class='ocr_line' id='line_1_15' title="bbox 112 1495 136 1532; baseline 0.125 -8"><span class='ocrx_word' id='word_1_109' title='bbox 112 1495 136 1532; x_wconf 65' lang='grc' dir='ltr'>ἴς.</span> 
     </span>
     <span class='ocr_line' id='line_1_16' title="bbox 111 1546 1129 1615; baseline -0.001 -17"><span class='ocrx_word' id='word_1_110' title='bbox 111 1550 132 1598; x_wconf 77' lang='lat' dir='ltr'>l.</span> <span class='ocrx_word' id='word_1_111' title='bbox 167 1546 310 1611; x_wconf 85' lang='lat' dir='ltr'>Vepallida</span> <span class='ocrx_word' id='word_1_112' title='bbox 328 1547 394 1598; x_wconf 85' lang='lat' dir='ltr'>lecto</span> <span class='ocrx_word' id='word_1_113' title='bbox 412 1548 528 1599; x_wconf 76' lang='lat' dir='ltr'>Desiliat</span> <span class='ocrx_word' id='word_1_114' title='bbox 543 1547 650 1611; x_wconf 79' lang='lat' dir='ltr'>verdier]</span> <span class='ocrx_word' id='word_1_115' title='bbox 686 1548 819 1612; x_wconf 78' lang='lat' dir='ltr'>„Quidam</span> <span class='ocrx_word' id='word_1_116' title='bbox 834 1552 1031 1615; x_wconf 82' lang='lat' dir='ltr'>putaueruni,“</span> <span class='ocrx_word' id='word_1_117' title='bbox 1055 1548 1129 1598; x_wconf 88' lang='lat' dir='ltr'>aiunt</span> 
     </span>
     <span class='ocr_line' id='line_1_17' title="bbox 124 1614 1130 1682; baseline 0.002 -18"><span class='ocrx_word' id='word_1_118' title='bbox 124 1614 165 1664; x_wconf 88' lang='lat' dir='ltr'>hie</span> <span class='ocrx_word' id='word_1_119' title='bbox 184 1615 354 1679; x_wconf 86' lang='lat' dir='ltr'>Scholiastae,</span> <span class='ocrx_word' id='word_1_120' title='bbox 380 1616 526 1681; x_wconf 73' lang='lat' dir='ltr'>„vepallida</span> <span class='ocrx_word' id='word_1_121' title='bbox 543 1632 616 1666; x_wconf 84' lang='lat' dir='ltr'>nvnc</span> <span class='ocrx_word' id='word_1_122' title='bbox 634 1631 717 1666; x_wconf 84' lang='lat' dir='ltr'>unam</span> <span class='ocrx_word' id='word_1_123' title='bbox 732 1621 838 1682; x_wconf 85' lang='lat' dir='ltr'>partem</span> <span class='ocrx_word' id='word_1_124' title='bbox 857 1620 988 1667; x_wconf 77' lang='lat' dir='ltr'>orationis</span> <span class='ocrx_word' id='word_1_125' title='bbox 1006 1632 1075 1676; x_wconf 78' lang='lat' dir='ltr'>erse,</span> <span class='ocrx_word' id='word_1_126' title='bbox 1098 1621 1130 1666; x_wconf 82' lang='lat' dir='ltr'>ut</span> 
     </span>
     <span class='ocr_line' id='line_1_18' title="bbox 111 1681 1129 1749; baseline 0.001 -18"><span class='ocrx_word' id='word_1_127' title='bbox 111 1683 134 1732; x_wconf 86' lang='lat' dir='ltr'>di</span> <span class='ocrx_word' id='word_1_128' title='bbox 151 1681 240 1732; x_wconf 84' lang='lat' dir='ltr'>subere</span> <span class='ocrx_word' id='word_1_129' title='bbox 258 1688 365 1745; x_wconf 86' lang='lat' dir='ltr'>coctum,</span> <span class='ocrx_word' id='word_1_130' title='bbox 382 1684 456 1749; x_wconf 87' lang='lat' dir='ltr'>quod</span> <span class='ocrx_word' id='word_1_131' title='bbox 472 1684 626 1735; x_wconf 78' lang='lat' dir='ltr'>aill’ersiar</span> <span class='ocrx_word' id='word_1_132' title='bbox 643 1683 767 1746; x_wconf 79' lang='lat' dir='ltr'>Flaaeea,</span> <span class='ocrx_word' id='word_1_133' title='bbox 785 1688 816 1734; x_wconf 83' lang='lat' dir='ltr'>ul</span> <span class='ocrx_word' id='word_1_134' title='bbox 832 1683 968 1747; x_wconf 71' lang='lat' dir='ltr'>significet</span> <span class='ocrx_word' id='word_1_135' title='bbox 984 1683 1056 1733; x_wconf 90' lang='lat' dir='ltr'>valde</span> <span class='ocrx_word' id='word_1_136' title='bbox 1074 1683 1129 1749; x_wconf 90' lang='lat' dir='ltr'>pal·</span> 
     </span>
     <span class='ocr_line' id='line_1_19' title="bbox 111 1750 1129 1816; baseline 0.002 -18"><span class='ocrx_word' id='word_1_137' title='bbox 111 1750 142 1799; x_wconf 89' lang='lat' dir='ltr'>ed</span> <span class='ocrx_word' id='word_1_138' title='bbox 157 1753 244 1814; x_wconf 77' lang='lat' dir='ltr'>arogis</span> <span class='ocrx_word' id='word_1_139' title='bbox 262 1750 433 1801; x_wconf 82' lang='lat' dir='ltr'>diuidendum</span> <span class='ocrx_word' id='word_1_140' title='bbox 451 1758 502 1813; x_wconf 78' lang='lat' dir='ltr'>est,</span> <span class='ocrx_word' id='word_1_141' title='bbox 519 1757 550 1801; x_wconf 81' lang='lat' dir='ltr'>at</span> <span class='ocrx_word' id='word_1_142' title='bbox 567 1767 612 1801; x_wconf 90' lang='lat' dir='ltr'>vae</span> <span class='ocrx_word' id='word_1_143' title='bbox 630 1754 780 1802; x_wconf 84' lang='lat' dir='ltr'>interiectio</span> <span class='ocrx_word' id='word_1_144' title='bbox 797 1754 858 1800; x_wconf 79' lang='lat' dir='ltr'>rit.“</span> <span class='ocrx_word' id='word_1_145' title='bbox 893 1751 973 1816; x_wconf 80' lang='lat' dir='ltr'>Atqui</span> <span class='ocrx_word' id='word_1_146' title='bbox 990 1751 1057 1815; x_wconf 90' lang='lat' dir='ltr'>quod</span> <span class='ocrx_word' id='word_1_147' title='bbox 1075 1751 1129 1800; x_wconf 89' lang='lat' dir='ltr'>illis</span> 
     </span>
     <span class='ocr_line' id='line_1_20' title="bbox 110 1818 1129 1885; baseline 0.003 -19"><span class='ocrx_word' id='word_1_148' title='bbox 110 1819 152 1879; x_wconf 84' lang='lat' dir='ltr'>rit,</span> <span class='ocrx_word' id='word_1_149' title='bbox 176 1819 359 1868; x_wconf 88' lang='lat' dir='ltr'>recentioribus</span> <span class='ocrx_word' id='word_1_150' title='bbox 383 1819 489 1870; x_wconf 86' lang='lat' dir='ltr'>mirifice</span> <span class='ocrx_word' id='word_1_151' title='bbox 512 1818 625 1885; x_wconf 83' lang='lat' dir='ltr'>pleonit3</span> <span class='ocrx_word' id='word_1_152' title='bbox 653 1819 715 1870; x_wconf 90' lang='lat' dir='ltr'>adeo</span> <span class='ocrx_word' id='word_1_153' title='bbox 739 1825 768 1869; x_wconf 92' lang='lat' dir='ltr'>ut</span> <span class='ocrx_word' id='word_1_154' title='bbox 791 1834 859 1868; x_wconf 91' lang='lat' dir='ltr'>nnnc</span> <span class='ocrx_word' id='word_1_155' title='bbox 883 1819 910 1868; x_wconf 92' lang='lat' dir='ltr'>in</span> <span class='ocrx_word' id='word_1_156' title='bbox 934 1818 1053 1868; x_wconf 89' lang='lat' dir='ltr'>omnibus</span> <span class='ocrx_word' id='word_1_157' title='bbox 1077 1818 1129 1869; x_wconf 85' lang='lat' dir='ltr'>iera</span> 
     </span>
     <span class='ocr_line' id='line_1_21' title="bbox 110 1886 1129 1952; baseline 0.002 -18"><span class='ocrx_word' id='word_1_158' title='bbox 110 1887 162 1935; x_wconf 88' lang='lat' dir='ltr'>ibus</span> <span class='ocrx_word' id='word_1_159' title='bbox 184 1886 321 1950; x_wconf 77' lang='lat' dir='ltr'>vepallida</span> <span class='ocrx_word' id='word_1_160' title='bbox 346 1887 547 1939; x_wconf 78' lang='lat' dir='ltr'>circumferatur.</span> <span class='ocrx_word' id='word_1_161' title='bbox 581 1893 615 1937; x_wconf 83' lang='lat' dir='ltr'>At</span> <span class='ocrx_word' id='word_1_162' title='bbox 632 1894 700 1937; x_wconf 87' lang='lat' dir='ltr'>recte</span> <span class='ocrx_word' id='word_1_163' title='bbox 718 1903 751 1936; x_wconf 91' lang='lat' dir='ltr'>an</span> <span class='ocrx_word' id='word_1_164' title='bbox 769 1901 848 1946; x_wconf 88' lang='lat' dir='ltr'>secus,</span> <span class='ocrx_word' id='word_1_165' title='bbox 877 1887 1018 1952; x_wconf 84' lang='lat' dir='ltr'>paullisper</span> <span class='ocrx_word' id='word_1_166' title='bbox 1035 1886 1129 1936; x_wconf 85' lang='lat' dir='ltr'>exami-</span> 
     </span>
     <span class='ocr_line' id='line_1_22' title="bbox 138 1952 1129 2020; baseline 0.001 -17"><span class='ocrx_word' id='word_1_167' title='bbox 138 1952 296 2018; x_wconf 87' lang='lat' dir='ltr'>Vepallida,</span> <span class='ocrx_word' id='word_1_168' title='bbox 319 1955 456 2020; x_wconf 90' lang='lat' dir='ltr'>inquiunt,</span> <span class='ocrx_word' id='word_1_169' title='bbox 480 1960 519 2006; x_wconf 87' lang='lat' dir='ltr'>est</span> <span class='ocrx_word' id='word_1_170' title='bbox 536 1956 608 2007; x_wconf 87' lang='lat' dir='ltr'>valde</span> <span class='ocrx_word' id='word_1_171' title='bbox 631 1954 736 2020; x_wconf 87' lang='lat' dir='ltr'>pallida.</span> <span class='ocrx_word' id='word_1_172' title='bbox 771 1953 867 2004; x_wconf 85' lang='lat' dir='ltr'>Mirum</span> <span class='ocrx_word' id='word_1_173' title='bbox 890 1970 962 2018; x_wconf 87' lang='lat' dir='ltr'>vero,</span> <span class='ocrx_word' id='word_1_174' title='bbox 987 1959 1032 2004; x_wconf 91' lang='lat' dir='ltr'>ant</span> <span class='ocrx_word' id='word_1_175' title='bbox 1049 1955 1129 2004; x_wconf 90' lang='lat' dir='ltr'>nemi·</span> 
     </span>
     <span class='ocr_line' id='line_1_23' title="bbox 110 2022 1129 2088; baseline 0 -18"><span class='ocrx_word' id='word_1_176' title='bbox 110 2022 158 2071; x_wconf 86' lang='lat' dir='ltr'>ianr</span> <span class='ocrx_word' id='word_1_177' title='bbox 176 2022 224 2070; x_wconf 87' lang='lat' dir='ltr'>hoo</span> <span class='ocrx_word' id='word_1_178' title='bbox 244 2037 315 2072; x_wconf 90' lang='lat' dir='ltr'>usum</span> <span class='ocrx_word' id='word_1_179' title='bbox 332 2038 385 2072; x_wconf 90' lang='lat' dir='ltr'>esse</span> <span class='ocrx_word' id='word_1_180' title='bbox 404 2023 534 2085; x_wconf 88' lang='lat' dir='ltr'>vocabulo,</span> <span class='ocrx_word' id='word_1_181' title='bbox 553 2024 575 2073; x_wconf 91' lang='lat' dir='ltr'>si</span> <span class='ocrx_word' id='word_1_182' title='bbox 592 2025 619 2073; x_wconf 89' lang='lat' dir='ltr'>in</span> <span class='ocrx_word' id='word_1_183' title='bbox 635 2024 765 2088; x_wconf 79' lang='lat' dir='ltr'>frequente</span> <span class='ocrx_word' id='word_1_184' title='bbox 776 2022 907 2071; x_wconf 86' lang='lat' dir='ltr'>bominum</span> <span class='ocrx_word' id='word_1_185' title='bbox 923 2036 1037 2072; x_wconf 88' lang='lat' dir='ltr'>sermone</span> <span class='ocrx_word' id='word_1_186' title='bbox 1049 2027 1129 2082; x_wconf 80' lang='lat' dir='ltr'>esset3</span> 
     </span>
     <span class='ocr_line' id='line_1_24' title="bbox 121 2089 1129 2154; baseline 0 -16"><span class='ocrx_word' id='word_1_187' title='bbox 121 2089 183 2139; x_wconf 90' lang='lat' dir='ltr'>adeo</span> <span class='ocrx_word' id='word_1_188' title='bbox 201 2089 346 2151; x_wconf 89' lang='lat' dir='ltr'>insolitum,</span> <span class='ocrx_word' id='word_1_189' title='bbox 374 2106 425 2139; x_wconf 91' lang='lat' dir='ltr'>non</span> <span class='ocrx_word' id='word_1_190' title='bbox 443 2091 562 2140; x_wconf 84' lang='lat' dir='ltr'>Flaccum</span> <span class='ocrx_word' id='word_1_191' title='bbox 580 2092 607 2141; x_wconf 88' lang='lat' dir='ltr'>id</span> <span class='ocrx_word' id='word_1_192' title='bbox 626 2094 753 2154; x_wconf 85' lang='lat' dir='ltr'>tamquam</span> <span class='ocrx_word' id='word_1_193' title='bbox 768 2090 900 2154; x_wconf 86' lang='lat' dir='ltr'>scopulum</span> <span class='ocrx_word' id='word_1_194' title='bbox 918 2090 1043 2154; x_wconf 79' lang='lat' dir='ltr'>effugisse.</span> <span class='ocrx_word' id='word_1_195' title='bbox 1080 2090 1129 2139; x_wconf 84' lang='lat' dir='ltr'>Sed</span> 
     </span>
     <span class='ocr_line' id='line_1_25' title="bbox 109 2157 1129 2223; baseline 0 -18"><span class='ocrx_word' id='word_1_196' title='bbox 109 2162 227 2206; x_wconf 86' lang='lat' dir='ltr'>tuovnm</span> <span class='ocrx_word' id='word_1_197' title='bbox 245 2158 347 2207; x_wconf 91' lang='lat' dir='ltr'>verbum</span> <span class='ocrx_word' id='word_1_198' title='bbox 365 2159 460 2222; x_wconf 86' lang='lat' dir='ltr'>lingere</span> <span class='ocrx_word' id='word_1_199' title='bbox 477 2159 587 2209; x_wconf 88' lang='lat' dir='ltr'>voluerit</span> <span class='ocrx_word' id='word_1_200' title='bbox 603 2158 752 2223; x_wconf 80' lang='lat' dir='ltr'>vepallida:</span> <span class='ocrx_word' id='word_1_201' title='bbox 770 2157 851 2206; x_wconf 87' lang='lat' dir='ltr'>multo</span> <span class='ocrx_word' id='word_1_202' title='bbox 869 2162 936 2207; x_wconf 87' lang='lat' dir='ltr'>certe</span> <span class='ocrx_word' id='word_1_203' title='bbox 954 2157 1049 2207; x_wconf 88' lang='lat' dir='ltr'>rectius</span> <span class='ocrx_word' id='word_1_204' title='bbox 1067 2162 1129 2217; x_wconf 85' lang='lat' dir='ltr'>erat,</span> 
     </span>
     <span class='ocr_line' id='line_1_26' title="bbox 109 2224 1131 2292; baseline -0.001 -18"><span class='ocrx_word' id='word_1_205' title='bbox 109 2241 163 2285; x_wconf 83' lang='lat' dir='ltr'>arn,</span> <span class='ocrx_word' id='word_1_206' title='bbox 187 2225 239 2279; x_wconf 85' lang='lat' dir='ltr'>imo</span> <span class='ocrx_word' id='word_1_207' title='bbox 256 2228 365 2275; x_wconf 85' lang='lat' dir='ltr'>minime</span> <span class='ocrx_word' id='word_1_208' title='bbox 381 2226 500 2292; x_wconf 87' lang='lat' dir='ltr'>pallida,</span> <span class='ocrx_word' id='word_1_209' title='bbox 523 2227 575 2276; x_wconf 90' lang='lat' dir='ltr'>imo</span> <span class='ocrx_word' id='word_1_210' title='bbox 599 2225 749 2276; x_wconf 74' lang='lat' dir='ltr'>reclinanda</span> <span class='ocrx_word' id='word_1_211' title='bbox 773 2224 944 2289; x_wconf 88' lang='lat' dir='ltr'>significaret,</span> <span class='ocrx_word' id='word_1_212' title='bbox 970 2239 1045 2288; x_wconf 89' lang='lat' dir='ltr'>quam</span> <span class='ocrx_word' id='word_1_213' title='bbox 1063 2225 1131 2289; x_wconf 87' lang='lat' dir='ltr'>quod</span> 
     </span>
     <span class='ocr_line' id='line_1_27' title="bbox 112 2292 1131 2360; baseline -0.001 -18"><span class='ocrx_word' id='word_1_214' title='bbox 112 2294 272 2358; x_wconf 85' lang='lat' dir='ltr'>interpretes.</span> <span class='ocrx_word' id='word_1_215' title='bbox 309 2293 348 2343; x_wconf 92' lang='lat' dir='ltr'>Ve</span> <span class='ocrx_word' id='word_1_216' title='bbox 374 2295 440 2343; x_wconf 88' lang='lat' dir='ltr'>enim</span> <span class='ocrx_word' id='word_1_217' title='bbox 464 2294 493 2343; x_wconf 93' lang='lat' dir='ltr'>in</span> <span class='ocrx_word' id='word_1_218' title='bbox 513 2295 698 2360; x_wconf 80' lang='lat' dir='ltr'>compositione</span> <span class='ocrx_word' id='word_1_219' title='bbox 721 2309 772 2342; x_wconf 88' lang='lat' dir='ltr'>non</span> <span class='ocrx_word' id='word_1_220' title='bbox 791 2292 885 2342; x_wconf 89' lang='lat' dir='ltr'>minuit</span> <span class='ocrx_word' id='word_1_221' title='bbox 903 2293 982 2342; x_wconf 91' lang='lat' dir='ltr'>solum</span> <span class='ocrx_word' id='word_1_222' title='bbox 1001 2298 1027 2341; x_wconf 91' lang='lat' dir='ltr'>et</span> <span class='ocrx_word' id='word_1_223' title='bbox 1044 2298 1131 2356; x_wconf 89' lang='lat' dir='ltr'>negat,</span> 
     </span>
     <span class='ocr_line' id='line_1_28' title="bbox 108 2361 1131 2426; baseline -0.001 -16"><span class='ocrx_word' id='word_1_224' title='bbox 108 2362 223 2410; x_wconf 75' lang='lat' dir='ltr'>ararium</span> <span class='ocrx_word' id='word_1_225' title='bbox 240 2362 317 2412; x_wconf 88' lang='lat' dir='ltr'>etiam</span> <span class='ocrx_word' id='word_1_226' title='bbox 334 2363 416 2426; x_wconf 85' lang='lat' dir='ltr'>ponit</span> <span class='ocrx_word' id='word_1_227' title='bbox 452 2364 493 2412; x_wconf 90' lang='lat' dir='ltr'>lta</span> <span class='ocrx_word' id='word_1_228' title='bbox 511 2378 601 2413; x_wconf 79' lang='lat' dir='ltr'>vecors</span> <span class='ocrx_word' id='word_1_229' title='bbox 618 2367 644 2412; x_wconf 93' lang='lat' dir='ltr'>et</span> <span class='ocrx_word' id='word_1_230' title='bbox 661 2376 773 2410; x_wconf 74' lang='lat' dir='ltr'>veranus</span> <span class='ocrx_word' id='word_1_231' title='bbox 794 2377 845 2410; x_wconf 91' lang='lat' dir='ltr'>non</span> <span class='ocrx_word' id='word_1_232' title='bbox 865 2361 938 2410; x_wconf 89' lang='lat' dir='ltr'>modo</span> <span class='ocrx_word' id='word_1_233' title='bbox 955 2375 1054 2426; x_wconf 77' lang='lat' dir='ltr'>pemani</span> <span class='ocrx_word' id='word_1_234' title='bbox 1073 2376 1131 2409; x_wconf 90' lang='lat' dir='ltr'>cor-</span> 
     </span>
     <span class='ocr_line' id='line_1_29' title="bbox 125 2428 1131 2495; baseline -0.001 -17"><span class='ocrx_word' id='word_1_235' title='bbox 125 2432 189 2479; x_wconf 75' lang='lat' dir='ltr'>cani</span> <span class='ocrx_word' id='word_1_236' title='bbox 205 2429 308 2490; x_wconf 89' lang='lat' dir='ltr'>habens,</span> <span class='ocrx_word' id='word_1_237' title='bbox 328 2430 371 2479; x_wconf 90' lang='lat' dir='ltr'>aed</span> <span class='ocrx_word' id='word_1_238' title='bbox 389 2434 415 2480; x_wconf 88' lang='lat' dir='ltr'>et</span> <span class='ocrx_word' id='word_1_239' title='bbox 431 2430 568 2490; x_wconf 77' lang='lat' dir='ltr'>surianis:</span> <span class='ocrx_word' id='word_1_240' title='bbox 588 2429 733 2495; x_wconf 74' lang='lat' dir='ltr'>vegrandia</span> <span class='ocrx_word' id='word_1_241' title='bbox 751 2445 802 2478; x_wconf 91' lang='lat' dir='ltr'>non</span> <span class='ocrx_word' id='word_1_242' title='bbox 812 2444 910 2494; x_wconf 85' lang='lat' dir='ltr'>param</span> <span class='ocrx_word' id='word_1_243' title='bbox 921 2428 1037 2493; x_wconf 78' lang='lat' dir='ltr'>grandir</span> <span class='ocrx_word' id='word_1_244' title='bbox 1047 2428 1131 2487; x_wconf 89' lang='lat' dir='ltr'>modo,</span> 
     </span>
     <span class='ocr_line' id='line_1_30' title="bbox 108 2496 1132 2563; baseline -0.004 -15"><span class='ocrx_word' id='word_1_245' title='bbox 108 2512 218 2562; x_wconf 80' lang='lat' dir='ltr'>parans.</span> <span class='ocrx_word' id='word_1_246' title='bbox 254 2496 326 2547; x_wconf 89' lang='lat' dir='ltr'>Ovid.</span> <span class='ocrx_word' id='word_1_247' title='bbox 344 2499 413 2548; x_wconf 85' lang='lat' dir='ltr'>Fast.</span> <span class='ocrx_word' id='word_1_248' title='bbox 432 2499 477 2559; x_wconf 89' lang='lat' dir='ltr'>Ill,</span> <span class='ocrx_word' id='word_1_249' title='bbox 496 2500 554 2550; x_wconf 81' lang='lat'>445.</span> <span class='ocrx_word' id='word_1_250' title='bbox 590 2496 687 2563; x_wconf 83' lang='lat' dir='ltr'>„Nunc</span> <span class='ocrx_word' id='word_1_251' title='bbox 705 2512 787 2547; x_wconf 89' lang='lat' dir='ltr'>vocor</span> <span class='ocrx_word' id='word_1_252' title='bbox 805 2496 842 2545; x_wconf 87' lang='lat' dir='ltr'>ad</span> <span class='ocrx_word' id='word_1_253' title='bbox 857 2512 969 2546; x_wconf 83' lang='lat' dir='ltr'>nornen:</span> <span class='ocrx_word' id='word_1_254' title='bbox 994 2496 1132 2560; x_wconf 80' lang='lat' dir='ltr'>vegrandia</span> 
     </span>
     <span class='ocr_line' id='line_1_31' title="bbox 108 2562 1133 2631; baseline -0.002 -17"><span class='ocrx_word' id='word_1_255' title='bbox 108 2566 214 2615; x_wconf 81' lang='lat' dir='ltr'>colonae</span> <span class='ocrx_word' id='word_1_256' title='bbox 232 2564 306 2627; x_wconf 82' lang='lat' dir='ltr'>Quae</span> <span class='ocrx_word' id='word_1_257' title='bbox 329 2567 400 2616; x_wconf 86' lang='lat' dir='ltr'>male</span> <span class='ocrx_word' id='word_1_258' title='bbox 423 2571 580 2627; x_wconf 84' lang='lat' dir='ltr'>creverunt,</span> <span class='ocrx_word' id='word_1_259' title='bbox 606 2580 730 2629; x_wconf 79' lang='lat' dir='ltr'>vescaque</span> <span class='ocrx_word' id='word_1_260' title='bbox 745 2579 834 2631; x_wconf 84' lang='lat' dir='ltr'>parva</span> <span class='ocrx_word' id='word_1_261' title='bbox 852 2570 956 2614; x_wconf 80' lang='lat' dir='ltr'>vocarit.</span> <span class='ocrx_word' id='word_1_262' title='bbox 993 2562 1042 2614; x_wconf 77' lang='lat' dir='ltr'>Vis</span> <span class='ocrx_word' id='word_1_263' title='bbox 1060 2579 1090 2612; x_wconf 92' lang='lat' dir='ltr'>ea</span> <span class='ocrx_word' id='word_1_264' title='bbox 1108 2566 1133 2612; x_wconf 81' lang='lat' dir='ltr'>ri</span> 
     </span>
     <span class='ocr_line' id='line_1_32' title="bbox 108 2633 1132 2697; baseline -0.002 -15"><span class='ocrx_word' id='word_1_265' title='bbox 108 2638 152 2682; x_wconf 80' lang='lat' dir='ltr'>at:</span> <span class='ocrx_word' id='word_1_266' title='bbox 177 2648 227 2682; x_wconf 86' lang='lat' dir='ltr'>cur</span> <span class='ocrx_word' id='word_1_267' title='bbox 252 2649 306 2683; x_wconf 91' lang='lat' dir='ltr'>non</span> <span class='ocrx_word' id='word_1_268' title='bbox 331 2648 380 2697; x_wconf 77' lang='lat' dir='ltr'>ego</span> <span class='ocrx_word' id='word_1_269' title='bbox 397 2633 501 2684; x_wconf 89' lang='lat' dir='ltr'>Veiovis</span> <span class='ocrx_word' id='word_1_270' title='bbox 527 2633 618 2684; x_wconf 84' lang='lat' dir='ltr'>aedem</span> <span class='ocrx_word' id='word_1_271' title='bbox 635 2633 735 2684; x_wconf 81' lang='lat' dir='ltr'>Aedem</span> <span class='ocrx_word' id='word_1_272' title='bbox 758 2648 813 2682; x_wconf 88' lang='lat' dir='ltr'>non</span> <span class='ocrx_word' id='word_1_273' title='bbox 830 2635 925 2697; x_wconf 81' lang='lat' dir='ltr'>magni</span> <span class='ocrx_word' id='word_1_274' title='bbox 940 2634 1061 2697; x_wconf 73' lang='lat' dir='ltr'>suspicer</span> <span class='ocrx_word' id='word_1_275' title='bbox 1078 2647 1132 2680; x_wconf 78' lang='lat' dir='ltr'>esse</span> 
     </span>
     <span class='ocr_line' id='line_1_33' title="bbox 130 2699 1132 2766; baseline -0.002 -16"><span class='ocrx_word' id='word_1_276' title='bbox 130 2701 260 2751; x_wconf 82' lang='lat' dir='ltr'>Ausonius</span> <span class='ocrx_word' id='word_1_277' title='bbox 278 2702 364 2766; x_wconf 86' lang='lat' dir='ltr'>Epist.</span> <span class='ocrx_word' id='word_1_278' title='bbox 381 2701 467 2753; x_wconf 85' lang='lat' dir='ltr'><strong>XXII.</strong></span> <span class='ocrx_word' id='word_1_279' title='bbox 487 2706 519 2765; x_wconf 92' lang='lat' dir='ltr'>[v.</span> <span class='ocrx_word' id='word_1_280' title='bbox 532 2705 572 2765; x_wconf 86' lang='grc'>13]</span> <span class='ocrx_word' id='word_1_281' title='bbox 596 2703 665 2765; x_wconf 88' lang='lat' dir='ltr'>„Hic</span> <span class='ocrx_word' id='word_1_282' title='bbox 682 2717 761 2766; x_wconf 82' lang='lat' dir='ltr'>saepe</span> <span class='ocrx_word' id='word_1_283' title='bbox 778 2699 866 2761; x_wconf 70' lang='lat' dir='ltr'>falsae</span> <span class='ocrx_word' id='word_1_284' title='bbox 882 2701 1008 2750; x_wconf 74' lang='lat' dir='ltr'>messibus</span> <span class='ocrx_word' id='word_1_285' title='bbox 1025 2714 1132 2763; x_wconf 87' lang='lat' dir='ltr'>vegran-</span> 
     </span>
     <span class='ocr_line' id='line_1_34' title="bbox 108 2766 1132 2834; baseline -0.003 -16"><span class='ocrx_word' id='word_1_286' title='bbox 108 2767 207 2819; x_wconf 80' lang='lat' dir='ltr'>Nomen</span> <span class='ocrx_word' id='word_1_287' title='bbox 225 2785 335 2834; x_wconf 82' lang='lat' dir='ltr'>peroras</span> <span class='ocrx_word' id='word_1_288' title='bbox 360 2770 470 2820; x_wconf 86' lang='lat' dir='ltr'>villici.“</span> <span class='ocrx_word' id='word_1_289' title='bbox 504 2770 584 2820; x_wconf 82' lang='lat' dir='ltr'>l&#39;arro</span> <span class='ocrx_word' id='word_1_290' title='bbox 602 2770 633 2820; x_wconf 91' lang='lat' dir='ltr'>de</span> <span class='ocrx_word' id='word_1_291' title='bbox 651 2771 688 2820; x_wconf 89' lang='lat' dir='ltr'>Re</span> <span class='ocrx_word' id='word_1_292' title='bbox 706 2768 813 2819; x_wconf 90' lang='lat' dir='ltr'>Rustica</span> <span class='ocrx_word' id='word_1_293' title='bbox 829 2770 869 2831; x_wconf 92' lang='lat' dir='ltr'>II,</span> <span class='ocrx_word' id='word_1_294' title='bbox 894 2770 917 2820; x_wconf 79' lang='lat'>2.</span> <span class='ocrx_word' id='word_1_295' title='bbox 943 2768 970 2833; x_wconf 66' lang='grc' dir='ltr'>[ξ</span> <span class='ocrx_word' id='word_1_296' title='bbox 991 2770 1031 2830; x_wconf 83' lang='grc'>13]</span> <span class='ocrx_word' id='word_1_297' title='bbox 1068 2766 1132 2831; x_wconf 87' lang='lat' dir='ltr'>„Ve-</span> 
     </span>
     <span class='ocr_line' id='line_1_35' title="bbox 108 2835 1133 2900; baseline -0.001 -15"><span class='ocrx_word' id='word_1_298' title='bbox 108 2854 113 2885; x_wconf 86' lang='grc' dir='ltr'>ι</span> <span class='ocrx_word' id='word_1_299' title='bbox 130 2837 203 2898; x_wconf 85' lang='lat' dir='ltr'>fiant</span> <span class='ocrx_word' id='word_1_300' title='bbox 220 2853 281 2888; x_wconf 69' lang='lat' dir='ltr'>ories</span> <span class='ocrx_word' id='word_1_301' title='bbox 299 2843 325 2887; x_wconf 89' lang='lat' dir='ltr'>et</span> <span class='ocrx_word' id='word_1_302' title='bbox 341 2839 513 2888; x_wconf 85' lang='lat' dir='ltr'>imbecillaa.“</span> <span class='ocrx_word' id='word_1_303' title='bbox 549 2838 619 2887; x_wconf 81' lang='lat' dir='ltr'>Adde</span> <span class='ocrx_word' id='word_1_304' title='bbox 637 2838 703 2888; x_wconf 88' lang='lat' dir='ltr'>illud</span> <span class='ocrx_word' id='word_1_305' title='bbox 720 2837 849 2887; x_wconf 87' lang='lat' dir='ltr'>Martialis</span> <span class='ocrx_word' id='word_1_306' title='bbox 866 2836 917 2898; x_wconf 86' lang='lat' dir='ltr'>Xl,</span> <span class='ocrx_word' id='word_1_307' title='bbox 937 2839 979 2889; x_wconf 75' lang='lat'>73.</span> <span class='ocrx_word' id='word_1_308' title='bbox 1005 2836 1073 2900; x_wconf 89' lang='lat' dir='ltr'>quod</span> <span class='ocrx_word' id='word_1_309' title='bbox 1090 2835 1133 2885; x_wconf 89' lang='lat' dir='ltr'>hic</span> 
     </span>
     <span class='ocr_line' id='line_1_36' title="bbox 107 2904 1134 2972; baseline -0.002 -18"><span class='ocrx_word' id='word_1_310' title='bbox 107 2906 114 2954; x_wconf 95' lang='lat' dir='ltr'>i</span> <span class='ocrx_word' id='word_1_311' title='bbox 139 2921 192 2954; x_wconf 91' lang='lat' dir='ltr'>non</span> <span class='ocrx_word' id='word_1_312' title='bbox 215 2910 333 2955; x_wconf 89' lang='lat' dir='ltr'>meretur.</span> <span class='ocrx_word' id='word_1_313' title='bbox 369 2905 408 2955; x_wconf 82' lang='lat' dir='ltr'>nd</span> <span class='ocrx_word' id='word_1_314' title='bbox 430 2908 492 2955; x_wconf 90' lang='lat' dir='ltr'>hacc</span> <span class='ocrx_word' id='word_1_315' title='bbox 516 2906 644 2972; x_wconf 85' lang='lat' dir='ltr'>exempla,</span> <span class='ocrx_word' id='word_1_316' title='bbox 671 2911 701 2956; x_wconf 88' lang='lat' dir='ltr'>ut</span> <span class='ocrx_word' id='word_1_317' title='bbox 723 2906 774 2955; x_wconf 87' lang='lat' dir='ltr'>ianr</span> <span class='ocrx_word' id='word_1_318' title='bbox 797 2905 882 2968; x_wconf 90' lang='lat' dir='ltr'>vides,</span> <span class='ocrx_word' id='word_1_319' title='bbox 910 2904 1044 2969; x_wconf 81' lang='lat' dir='ltr'>vepallida</span> <span class='ocrx_word' id='word_1_320' title='bbox 1069 2911 1134 2953; x_wconf 88' lang='lat' dir='ltr'>esset</span> 
     </span>
     <span class='ocr_line' id='line_1_37' title="bbox 108 2972 1133 3038; baseline -0.003 -16"><span class='ocrx_word' id='word_1_321' title='bbox 108 2974 278 3035; x_wconf 68' lang='lat' dir='ltr'>savonaria,</span> <span class='ocrx_word' id='word_1_322' title='bbox 301 2973 377 3038; x_wconf 89' lang='lat' dir='ltr'>plane</span> <span class='ocrx_word' id='word_1_323' title='bbox 400 2980 489 3024; x_wconf 89' lang='lat' dir='ltr'>contra</span> <span class='ocrx_word' id='word_1_324' title='bbox 512 2975 623 3024; x_wconf 72' lang='lat' dir='ltr'>auctofis</span> <span class='ocrx_word' id='word_1_325' title='bbox 647 2979 764 3024; x_wconf 87' lang='lat' dir='ltr'>mentem.</span> <span class='ocrx_word' id='word_1_326' title='bbox 801 2973 850 3022; x_wconf 85' lang='lat' dir='ltr'>Sed</span> <span class='ocrx_word' id='word_1_327' title='bbox 875 2988 919 3036; x_wconf 90' lang='lat' dir='ltr'>ve,</span> <span class='ocrx_word' id='word_1_328' title='bbox 943 2972 1080 3035; x_wconf 89' lang='lat' dir='ltr'>inquiunt,</span> <span class='ocrx_word' id='word_1_329' title='bbox 1105 2972 1133 3020; x_wconf 93' lang='lat' dir='ltr'>in</span> 
     </span>
     <span class='ocr_line' id='line_1_38' title="bbox 108 3039 1133 3106; baseline -0.003 -16"><span class='ocrx_word' id='word_1_330' title='bbox 108 3041 191 3091; x_wconf 90' lang='lat' dir='ltr'>itione</span> <span class='ocrx_word' id='word_1_331' title='bbox 209 3041 337 3091; x_wconf 89' lang='lat' dir='ltr'>interdum</span> <span class='ocrx_word' id='word_1_332' title='bbox 356 3048 443 3106; x_wconf 77' lang='lat' dir='ltr'>eriget.</span> <span class='ocrx_word' id='word_1_333' title='bbox 480 3044 558 3092; x_wconf 84' lang='lat' dir='ltr'>Esto:</span> <span class='ocrx_word' id='word_1_334' title='bbox 583 3048 665 3091; x_wconf 90' lang='lat' dir='ltr'>tamen</span> <span class='ocrx_word' id='word_1_335' title='bbox 686 3044 783 3091; x_wconf 87' lang='lat' dir='ltr'>interea</span> <span class='ocrx_word' id='word_1_336' title='bbox 800 3042 916 3106; x_wconf 87' lang='lat' dir='ltr'>ineptum</span> <span class='ocrx_word' id='word_1_337' title='bbox 933 3039 1033 3089; x_wconf 84' lang='lat' dir='ltr'>iaciunt</span> <span class='ocrx_word' id='word_1_338' title='bbox 1049 3039 1133 3088; x_wconf 89' lang='lat' dir='ltr'>Hora·</span> 
     </span>
     <span class='ocr_line' id='line_1_39' title="bbox 109 3106 1133 3173; baseline -0.004 -15"><span class='ocrx_word' id='word_1_339' title='bbox 109 3109 155 3173; x_wconf 94' lang='lat' dir='ltr'>qui</span> <span class='ocrx_word' id='word_1_340' title='bbox 178 3108 252 3159; x_wconf 88' lang='lat' dir='ltr'>nulla</span> <span class='ocrx_word' id='word_1_341' title='bbox 275 3110 426 3159; x_wconf 80' lang='lat' dir='ltr'>necessitate</span> <span class='ocrx_word' id='word_1_342' title='bbox 444 3109 548 3159; x_wconf 79' lang='lat' dir='ltr'>adactus</span> <span class='ocrx_word' id='word_1_343' title='bbox 567 3115 593 3159; x_wconf 90' lang='lat' dir='ltr'>et</span> <span class='ocrx_word' id='word_1_344' title='bbox 610 3126 636 3159; x_wconf 88' lang='lat' dir='ltr'>se</span> <span class='ocrx_word' id='word_1_345' title='bbox 655 3114 681 3159; x_wconf 88' lang='lat' dir='ltr'>et</span> <span class='ocrx_word' id='word_1_346' title='bbox 697 3110 816 3159; x_wconf 87' lang='lat' dir='ltr'>lectorem</span> <span class='ocrx_word' id='word_1_347' title='bbox 833 3106 952 3170; x_wconf 86' lang='lat' dir='ltr'>ambigua</span> <span class='ocrx_word' id='word_1_348' title='bbox 970 3122 1031 3155; x_wconf 90' lang='lat' dir='ltr'>voce</span> <span class='ocrx_word' id='word_1_349' title='bbox 1048 3106 1133 3155; x_wconf 89' lang='lat' dir='ltr'>elusit.</span> 
     </span>
     <span class='ocr_line' id='line_1_40' title="bbox 108 3175 1133 3242; baseline -0.002 -16"><span class='ocrx_word' id='word_1_350' title='bbox 108 3193 136 3226; x_wconf 88' lang='lat' dir='ltr'>ne</span> <span class='ocrx_word' id='word_1_351' title='bbox 154 3176 220 3226; x_wconf 90' lang='lat' dir='ltr'>illud</span> <span class='ocrx_word' id='word_1_352' title='bbox 240 3177 342 3241; x_wconf 88' lang='lat' dir='ltr'>quidem</span> <span class='ocrx_word' id='word_1_353' title='bbox 361 3177 561 3241; x_wconf 81' lang='lat' dir='ltr'>extorquebunt,</span> <span class='ocrx_word' id='word_1_354' title='bbox 587 3177 740 3242; x_wconf 89' lang='lat' dir='ltr'>particulam</span> <span class='ocrx_word' id='word_1_355' title='bbox 765 3192 796 3226; x_wconf 89' lang='lat' dir='ltr'>oe</span> <span class='ocrx_word' id='word_1_356' title='bbox 818 3175 1032 3240; x_wconf 86' lang='lat' dir='ltr'>significationem</span> <span class='ocrx_word' id='word_1_357' title='bbox 1057 3175 1133 3235; x_wconf 87' lang='lat' dir='ltr'>vocis,</span> 
     </span>
     <span class='ocr_line' id='line_1_41' title="bbox 108 3242 1135 3311; baseline 0 -20"><span class='ocrx_word' id='word_1_358' title='bbox 108 3249 190 3295; x_wconf 65' lang='lat' dir='ltr'>,uncta</span> <span class='ocrx_word' id='word_1_359' title='bbox 207 3250 254 3306; x_wconf 86' lang='lat' dir='ltr'>est,</span> <span class='ocrx_word' id='word_1_360' title='bbox 273 3261 379 3309; x_wconf 87' lang='lat' dir='ltr'>usquam</span> <span class='ocrx_word' id='word_1_361' title='bbox 399 3261 499 3310; x_wconf 86' lang='lat' dir='ltr'>augere.</span> <span class='ocrx_word' id='word_1_362' title='bbox 526 3244 629 3311; x_wconf 85' lang='lat' dir='ltr'>Quippe</span> <span class='ocrx_word' id='word_1_363' title='bbox 647 3246 674 3294; x_wconf 88' lang='lat' dir='ltr'>in</span> <span class='ocrx_word' id='word_1_364' title='bbox 692 3245 738 3294; x_wconf 93' lang='lat' dir='ltr'>illo</span> <span class='ocrx_word' id='word_1_365' title='bbox 756 3244 838 3294; x_wconf 86' lang='lat' dir='ltr'>Persii</span> <span class='ocrx_word' id='word_1_366' title='bbox 855 3244 923 3304; x_wconf 87' lang='lat' dir='ltr'>loco,</span> <span class='ocrx_word' id='word_1_367' title='bbox 942 3248 993 3291; x_wconf 90' lang='lat' dir='ltr'>tam</span> <span class='ocrx_word' id='word_1_368' title='bbox 1011 3243 1039 3291; x_wconf 88' lang='lat' dir='ltr'>in</span> <span class='ocrx_word' id='word_1_369' title='bbox 1058 3242 1135 3292; x_wconf 90' lang='lat' dir='ltr'>editis</span> 
     </span>
     <span class='ocr_line' id='line_1_42' title="bbox 108 3311 1136 3378; baseline -0.001 -17"><span class='ocrx_word' id='word_1_370' title='bbox 108 3314 220 3377; x_wconf 80' lang='lat' dir='ltr'>criptis,</span> <span class='ocrx_word' id='word_1_371' title='bbox 243 3314 412 3378; x_wconf 78' lang='lat' dir='ltr'>praegrandi</span> <span class='ocrx_word' id='word_1_372' title='bbox 429 3312 575 3374; x_wconf 82' lang='lat' dir='ltr'>exhibetur,</span> <span class='ocrx_word' id='word_1_373' title='bbox 599 3329 651 3362; x_wconf 92' lang='lat' dir='ltr'>non</span> <span class='ocrx_word' id='word_1_374' title='bbox 675 3311 816 3377; x_wconf 78' lang='lat' dir='ltr'>vegrandi.</span> <span class='ocrx_word' id='word_1_375' title='bbox 852 3312 905 3361; x_wconf 83' lang='lat' dir='ltr'>Sat.</span> <span class='ocrx_word' id='word_1_376' title='bbox 922 3311 944 3375; x_wconf 91' lang='lat' dir='ltr'>l,</span> <span class='ocrx_word' id='word_1_377' title='bbox 962 3312 1004 3363; x_wconf 82' lang='grc'>96.</span> <span class='ocrx_word' id='word_1_378' title='bbox 1040 3313 1136 3374; x_wconf 83' lang='lat' dir='ltr'>„Arma</span> 
     </span>
     <span class='ocr_line' id='line_1_43' title="bbox 113 3377 1134 3446; baseline -0.001 -17"><span class='ocrx_word' id='word_1_379' title='bbox 113 3396 204 3430; x_wconf 77' lang='lat' dir='ltr'>raonne</span> <span class='ocrx_word' id='word_1_380' title='bbox 229 3381 279 3430; x_wconf 81' lang='lat' dir='ltr'>lroc</span> <span class='ocrx_word' id='word_1_381' title='bbox 302 3397 454 3446; x_wconf 76' lang='lat' dir='ltr'>apamenam</span> <span class='ocrx_word' id='word_1_382' title='bbox 473 3387 499 3430; x_wconf 87' lang='lat' dir='ltr'>et</span> <span class='ocrx_word' id='word_1_383' title='bbox 517 3384 616 3431; x_wconf 85' lang='lat' dir='ltr'>cortice</span> <span class='ocrx_word' id='word_1_384' title='bbox 633 3382 748 3445; x_wconf 83' lang='lat' dir='ltr'>pingui?</span> <span class='ocrx_word' id='word_1_385' title='bbox 778 3377 810 3432; x_wconf 78' lang='lat' dir='ltr'>itt</span> <span class='ocrx_word' id='word_1_386' title='bbox 827 3378 930 3429; x_wconf 85' lang='lat' dir='ltr'>ramale</span> <span class='ocrx_word' id='word_1_387' title='bbox 948 3383 1036 3442; x_wconf 82' lang='lat' dir='ltr'>vetur,</span> <span class='ocrx_word' id='word_1_388' title='bbox 1061 3394 1134 3445; x_wconf 87' lang='lat' dir='ltr'>prae·</span> 
     </span>
     <span class='ocr_line' id='line_1_44' title="bbox 119 3445 1134 3513; baseline -0.001 -16"><span class='ocrx_word' id='word_1_389' title='bbox 119 3450 217 3498; x_wconf 79' lang='lat' dir='ltr'>anim</span> <span class='ocrx_word' id='word_1_390' title='bbox 241 3453 370 3499; x_wconf 85' lang='lat' dir='ltr'>coalvm.“</span> <span class='ocrx_word' id='word_1_391' title='bbox 405 3452 488 3513; x_wconf 83' lang='lat' dir='ltr'>Atque</span> <span class='ocrx_word' id='word_1_392' title='bbox 511 3450 588 3499; x_wconf 89' lang='lat' dir='ltr'>etiam</span> <span class='ocrx_word' id='word_1_393' title='bbox 612 3449 635 3497; x_wconf 93' lang='lat' dir='ltr'>si</span> <span class='ocrx_word' id='word_1_394' title='bbox 659 3449 766 3498; x_wconf 84' lang='lat' dir='ltr'>maxime</span> <span class='ocrx_word' id='word_1_395' title='bbox 789 3448 832 3497; x_wconf 85' lang='lat' dir='ltr'>bic</span> <span class='ocrx_word' id='word_1_396' title='bbox 850 3447 984 3512; x_wconf 82' lang='lat' dir='ltr'>vegrandi</span> <span class='ocrx_word' id='word_1_397' title='bbox 999 3445 1134 3512; x_wconf 86' lang='lat' dir='ltr'>legeretur,</span> 
     </span>
     <span class='ocr_line' id='line_1_45' title="bbox 108 3514 1135 3581; baseline -0.002 -16"><span class='ocrx_word' id='word_1_398' title='bbox 108 3517 149 3566; x_wconf 87' lang='lat' dir='ltr'>lde</span> <span class='ocrx_word' id='word_1_399' title='bbox 167 3516 299 3581; x_wconf 80' lang='lat' dir='ltr'>grandem,</span> <span class='ocrx_word' id='word_1_400' title='bbox 318 3523 347 3567; x_wconf 93' lang='lat' dir='ltr'>ut</span> <span class='ocrx_word' id='word_1_401' title='bbox 364 3517 404 3566; x_wconf 90' lang='lat' dir='ltr'>illi</span> <span class='ocrx_word' id='word_1_402' title='bbox 423 3518 520 3580; x_wconf 89' lang='lat' dir='ltr'>volunt,</span> <span class='ocrx_word' id='word_1_403' title='bbox 538 3517 582 3566; x_wconf 89' lang='lat' dir='ltr'>sed</span> <span class='ocrx_word' id='word_1_404' title='bbox 599 3515 732 3566; x_wconf 90' lang='lat' dir='ltr'>minimum</span> <span class='ocrx_word' id='word_1_405' title='bbox 744 3514 859 3565; x_wconf 91' lang='lat' dir='ltr'>suberem</span> <span class='ocrx_word' id='word_1_406' title='bbox 873 3519 981 3567; x_wconf 88' lang='lat' dir='ltr'>notaret.</span> <span class='ocrx_word' id='word_1_407' title='bbox 1007 3514 1135 3564; x_wconf 86' lang='lat' dir='ltr'>Nimirum</span> 
     </span>
     <span class='ocr_line' id='line_1_46' title="bbox 108 3582 1136 3650; baseline -0.001 -18"><span class='ocrx_word' id='word_1_408' title='bbox 108 3585 220 3648; x_wconf 70' lang='lat' dir='ltr'>igrandi</span> <span class='ocrx_word' id='word_1_409' title='bbox 238 3585 342 3650; x_wconf 88' lang='lat' dir='ltr'>scripsit</span> <span class='ocrx_word' id='word_1_410' title='bbox 359 3585 477 3649; x_wconf 90' lang='lat' dir='ltr'>Persius,</span> <span class='ocrx_word' id='word_1_411' title='bbox 501 3586 585 3635; x_wconf 87' lang='lat' dir='ltr'>iocose</span> <span class='ocrx_word' id='word_1_412' title='bbox 609 3587 634 3633; x_wconf 86' lang='lat' dir='ltr'>et</span> <span class='ocrx_word' id='word_1_413' title='bbox 652 3600 697 3649; x_wconf 91' lang='lat' dir='ltr'>per</span> <span class='ocrx_word' id='word_1_414' title='bbox 714 3583 838 3643; x_wconf 83' lang='lat' dir='ltr'>ironiem3</span> <span class='ocrx_word' id='word_1_415' title='bbox 866 3585 888 3633; x_wconf 89' lang='lat' dir='ltr'>si</span> <span class='ocrx_word' id='word_1_416' title='bbox 906 3582 1052 3646; x_wconf 81' lang='lat' dir='ltr'>vegrandi,</span> <span class='ocrx_word' id='word_1_417' title='bbox 1070 3583 1136 3632; x_wconf 90' lang='lat' dir='ltr'>serio</span> 
     </span>
     <span class='ocr_line' id='line_1_47' title="bbox 126 3649 1136 3716; baseline -0.004 -15"><span class='ocrx_word' id='word_1_418' title='bbox 126 3652 271 3716; x_wconf 80' lang='lat' dir='ltr'>respondit.</span> <span class='ocrx_word' id='word_1_419' title='bbox 301 3654 358 3702; x_wconf 86' lang='lat' dir='ltr'>Hoc</span> <span class='ocrx_word' id='word_1_420' title='bbox 377 3652 444 3702; x_wconf 87' lang='lat' dir='ltr'>enim</span> <span class='ocrx_word' id='word_1_421' title='bbox 461 3652 524 3713; x_wconf 89' lang='lat' dir='ltr'>vult,</span> <span class='ocrx_word' id='word_1_422' title='bbox 542 3651 648 3716; x_wconf 84' lang='lat' dir='ltr'>Virgilii</span> <span class='ocrx_word' id='word_1_423' title='bbox 666 3652 754 3701; x_wconf 88' lang='lat' dir='ltr'>stilum</span> <span class='ocrx_word' id='word_1_424' title='bbox 772 3651 839 3700; x_wconf 89' lang='lat' dir='ltr'>nihil</span> <span class='ocrx_word' id='word_1_425' title='bbox 855 3650 972 3700; x_wconf 86' lang='lat' dir='ltr'>inflatum</span> <span class='ocrx_word' id='word_1_426' title='bbox 991 3653 1016 3698; x_wconf 89' lang='lat' dir='ltr'>et</span> <span class='ocrx_word' id='word_1_427' title='bbox 1034 3649 1136 3714; x_wconf 75' lang='lat' dir='ltr'>ploro·</span> 
     </span>
     <span class='ocr_line' id='line_1_48' title="bbox 108 3716 1136 3785; baseline -0.003 -17"><span class='ocrx_word' id='word_1_428' title='bbox 108 3720 164 3769; x_wconf 75' lang='lat' dir='ltr'>iihil</span> <span class='ocrx_word' id='word_1_429' title='bbox 189 3719 294 3770; x_wconf 85' lang='lat' dir='ltr'>corticis</span> <span class='ocrx_word' id='word_1_430' title='bbox 318 3720 465 3785; x_wconf 87' lang='lat' dir='ltr'>suberisque</span> <span class='ocrx_word' id='word_1_431' title='bbox 489 3720 593 3770; x_wconf 87' lang='lat' dir='ltr'>babere:</span> <span class='ocrx_word' id='word_1_432' title='bbox 623 3719 668 3770; x_wconf 87' lang='lat' dir='ltr'>sed</span> <span class='ocrx_word' id='word_1_433' title='bbox 691 3724 773 3769; x_wconf 90' lang='lat' dir='ltr'>totum</span> <span class='ocrx_word' id='word_1_434' title='bbox 798 3735 850 3768; x_wconf 88' lang='lat' dir='ltr'>esse</span> <span class='ocrx_word' id='word_1_435' title='bbox 875 3718 905 3767; x_wconf 90' lang='lat' dir='ltr'>do</span> <span class='ocrx_word' id='word_1_436' title='bbox 929 3716 993 3766; x_wconf 90' lang='lat' dir='ltr'>duro</span> <span class='ocrx_word' id='word_1_437' title='bbox 1011 3723 1036 3766; x_wconf 90' lang='lat' dir='ltr'>et</span> <span class='ocrx_word' id='word_1_438' title='bbox 1054 3716 1136 3766; x_wconf 91' lang='lat' dir='ltr'>solido</span> 
     </span>
     <span class='ocr_line' id='line_1_49' title="bbox 131 3785 1137 3852; baseline -0.004 -15"><span class='ocrx_word' id='word_1_439' title='bbox 131 3790 166 3837; x_wconf 88' lang='lat' dir='ltr'>At</span> <span class='ocrx_word' id='word_1_440' title='bbox 185 3788 218 3836; x_wconf 92' lang='lat' dir='ltr'>ad</span> <span class='ocrx_word' id='word_1_441' title='bbox 230 3789 334 3838; x_wconf 85' lang='lat' dir='ltr'>Festum</span> <span class='ocrx_word' id='word_1_442' title='bbox 350 3805 397 3838; x_wconf 89' lang='lat' dir='ltr'>noa</span> <span class='ocrx_word' id='word_1_443' title='bbox 415 3789 560 3851; x_wconf 86' lang='lat' dir='ltr'>amendant,</span> <span class='ocrx_word' id='word_1_444' title='bbox 579 3787 625 3852; x_wconf 91' lang='lat' dir='ltr'>qui</span> <span class='ocrx_word' id='word_1_445' title='bbox 642 3785 834 3852; x_wconf 81' lang='lat' dir='ltr'>„Vegrande,“</span> <span class='ocrx_word' id='word_1_446' title='bbox 851 3785 945 3849; x_wconf 88' lang='lat' dir='ltr'>inquit,</span> <span class='ocrx_word' id='word_1_447' title='bbox 964 3785 1137 3847; x_wconf 76' lang='lat' dir='ltr'>„significare</span> 
     </span>
     <span class='ocr_line' id='line_1_50' title="bbox 108 3851 1137 3922; baseline -0.005 -17"><span class='ocrx_word' id='word_1_448' title='bbox 108 3860 162 3905; x_wconf 81' lang='lat' dir='ltr'>&#39;rant</span> <span class='ocrx_word' id='word_1_449' title='bbox 185 3856 257 3904; x_wconf 86' lang='lat' dir='ltr'>mule</span> <span class='ocrx_word' id='word_1_450' title='bbox 277 3856 399 3921; x_wconf 87' lang='lat' dir='ltr'>grande,</span> <span class='ocrx_word' id='word_1_451' title='bbox 425 3857 487 3906; x_wconf 79' lang='lat' dir='ltr'>aliis</span> <span class='ocrx_word' id='word_1_452' title='bbox 508 3871 623 3922; x_wconf 89' lang='lat' dir='ltr'>parvum</span> <span class='ocrx_word' id='word_1_453' title='bbox 647 3858 703 3905; x_wconf 86' lang='lat' dir='ltr'>sive</span> <span class='ocrx_word' id='word_1_454' title='bbox 726 3855 885 3904; x_wconf 66' lang='lat' dir='ltr'>nrinvtamf‘</span> <span class='ocrx_word' id='word_1_455' title='bbox 921 3851 1052 3916; x_wconf 89' lang='lat' dir='ltr'>Optimum</span> <span class='ocrx_word' id='word_1_456' title='bbox 1077 3867 1137 3901; x_wconf 87' lang='lat' dir='ltr'>sane</span> 
     </span>
     <span class='ocr_line' id='line_1_51' title="bbox 108 3919 1137 3989; baseline -0.004 -17"><span class='ocrx_word' id='word_1_457' title='bbox 108 3932 173 3984; x_wconf 77' lang='lat' dir='ltr'>mm,</span> <span class='ocrx_word' id='word_1_458' title='bbox 199 3925 243 3973; x_wconf 90' lang='lat' dir='ltr'>cui</span> <span class='ocrx_word' id='word_1_459' title='bbox 261 3924 313 3988; x_wconf 93' lang='lat' dir='ltr'>ipsi</span> <span class='ocrx_word' id='word_1_460' title='bbox 331 3925 381 3973; x_wconf 90' lang='lat' dir='ltr'>alio</span> <span class='ocrx_word' id='word_1_461' title='bbox 399 3935 508 3989; x_wconf 91' lang='lat' dir='ltr'>patrono</span> <span class='ocrx_word' id='word_1_462' title='bbox 525 3941 589 3988; x_wconf 90' lang='lat' dir='ltr'>opus</span> <span class='ocrx_word' id='word_1_463' title='bbox 608 3928 653 3973; x_wconf 87' lang='lat' dir='ltr'>eat.</span> <span class='ocrx_word' id='word_1_464' title='bbox 681 3923 747 3972; x_wconf 87' lang='lat' dir='ltr'>Nam</span> <span class='ocrx_word' id='word_1_465' title='bbox 763 3921 833 3971; x_wconf 89' lang='lat' dir='ltr'>male</span> <span class='ocrx_word' id='word_1_466' title='bbox 848 3919 955 3985; x_wconf 81' lang='lat' dir='ltr'>grande</span> <span class='ocrx_word' id='word_1_467' title='bbox 972 3924 996 3968; x_wconf 90' lang='lat' dir='ltr'>et</span> <span class='ocrx_word' id='word_1_468' title='bbox 1013 3935 1137 3985; x_wconf 85' lang='lat' dir='ltr'>parvum,</span> 
     </span>
     <span class='ocr_line' id='line_1_52' title="bbox 108 3986 1138 4056; baseline -0.005 -15"><span class='ocrx_word' id='word_1_469' title='bbox 108 3992 237 4042; x_wconf 89' lang='lat' dir='ltr'>ntrarium</span> <span class='ocrx_word' id='word_1_470' title='bbox 254 4008 337 4056; x_wconf 90' lang='lat' dir='ltr'>neque</span> <span class='ocrx_word' id='word_1_471' title='bbox 361 3992 424 4042; x_wconf 90' lang='lat' dir='ltr'>adeo</span> <span class='ocrx_word' id='word_1_472' title='bbox 448 3992 590 4054; x_wconf 88' lang='lat' dir='ltr'>diversum,</span> <span class='ocrx_word' id='word_1_473' title='bbox 618 3990 662 4041; x_wconf 91' lang='lat' dir='ltr'>sed</span> <span class='ocrx_word' id='word_1_474' title='bbox 686 3991 754 4040; x_wconf 87' lang='lat' dir='ltr'>idem</span> <span class='ocrx_word' id='word_1_475' title='bbox 777 3988 854 4054; x_wconf 90' lang='lat' dir='ltr'>plane</span> <span class='ocrx_word' id='word_1_476' title='bbox 879 3986 1023 4052; x_wconf 85' lang='lat' dir='ltr'>significare</span> <span class='ocrx_word' id='word_1_477' title='bbox 1046 3988 1138 4041; x_wconf 91' lang='lat' dir='ltr'>solent.</span> 
     </span>
     <span class='ocr_line' id='line_1_53' title="bbox 108 4054 1139 4124; baseline -0.005 -15"><span class='ocrx_word' id='word_1_478' title='bbox 108 4061 161 4109; x_wconf 83' lang='lat' dir='ltr'>rius</span> <span class='ocrx_word' id='word_1_479' title='bbox 181 4064 217 4124; x_wconf 88' lang='lat' dir='ltr'>[p.</span> <span class='ocrx_word' id='word_1_480' title='bbox 239 4062 296 4123; x_wconf 87' lang='grc'><strong>183,</strong></span> <span class='ocrx_word' id='word_1_481' title='bbox 315 4063 348 4113; x_wconf 83' lang='grc'>30</span> <span class='ocrx_word' id='word_1_482' title='bbox 366 4061 454 4122; x_wconf 78' lang='lat' dir='ltr'>Mera]</span> <span class='ocrx_word' id='word_1_483' title='bbox 473 4059 567 4110; x_wconf 88' lang='lat' dir='ltr'>diserte</span> <span class='ocrx_word' id='word_1_484' title='bbox 585 4059 635 4108; x_wconf 81' lang='lat' dir='ltr'>ait:</span> <span class='ocrx_word' id='word_1_485' title='bbox 654 4056 826 4122; x_wconf 59' lang='lat' dir='ltr'>„Vegranda</span> <span class='ocrx_word' id='word_1_486' title='bbox 844 4056 921 4106; x_wconf 88' lang='lat' dir='ltr'>valde</span> <span class='ocrx_word' id='word_1_487' title='bbox 936 4055 1049 4119; x_wconf 78' lang='lat' dir='ltr'>grande.</span> <span class='ocrx_word' id='word_1_488' title='bbox 1085 4054 1139 4105; x_wconf 80' lang='lat' dir='ltr'>La·</span> 
     </span>
    </p>
   </div>
   <div class='ocr_carea' id='block_1_5' title="bbox 108 4115 1140 4261">
    <p class='ocr_par' dir='ltr' id='par_1_8' title="bbox 108 4115 1140 4261">
     <span class='ocr_line' id='line_1_54' title="bbox 108 4115 1140 4191; baseline -0.005 -14"><span class='ocrx_word' id='word_1_489' title='bbox 108 4129 175 4178; x_wconf 87' lang='lat' dir='ltr'>libro</span> <span class='ocrx_word' id='word_1_490' title='bbox 194 4127 289 4178; x_wconf 85' lang='lat' dir='ltr'>XXVI.</span> <span class='ocrx_word' id='word_1_491' title='bbox 321 4123 396 4179; x_wconf 82' lang='lat' dir='ltr'>‘Non</span> <span class='ocrx_word' id='word_1_492' title='bbox 413 4130 512 4178; x_wconf 85' lang='lat' dir='ltr'>iccirco</span> <span class='ocrx_word' id='word_1_493' title='bbox 532 4127 686 4191; x_wconf 73' lang='lat' dir='ltr'>extollitur,</span> <span class='ocrx_word' id='word_1_494' title='bbox 711 4140 760 4176; x_wconf 90' lang='lat' dir='ltr'>nea</span> <span class='ocrx_word' id='word_1_495' title='bbox 777 4128 849 4175; x_wconf 88' lang='lat' dir='ltr'>vitae</span> <span class='ocrx_word' id='word_1_496' title='bbox 865 4122 1000 4189; x_wconf 62' lang='lat' dir='ltr'>ceponii</span> <span class='ocrx_word' id='word_1_497' title='bbox 1022 4115 1140 4173; x_wconf 64' lang='lat' dir='ltr'>datvrr‘</span> 
     </span>
     <span class='ocr_line' id='line_1_55' title="bbox 108 4191 1139 4261; baseline -0.005 -15"><span class='ocrx_word' id='word_1_498' title='bbox 108 4196 179 4247; x_wconf 36' lang='lat' dir='ltr'>,oties</span> <span class='ocrx_word' id='word_1_499' title='bbox 198 4195 284 4247; x_wconf 81' lang='lat' dir='ltr'>fatuus</span> <span class='ocrx_word' id='word_1_500' title='bbox 302 4196 347 4247; x_wconf 86' lang='lat' dir='ltr'>ille</span> <span class='ocrx_word' id='word_1_501' title='bbox 365 4195 511 4261; x_wconf 85' lang='lat' dir='ltr'>turpissime</span> <span class='ocrx_word' id='word_1_502' title='bbox 529 4211 556 4246; x_wconf 90' lang='lat' dir='ltr'>ae</span> <span class='ocrx_word' id='word_1_503' title='bbox 575 4196 626 4257; x_wconf 87' lang='lat' dir='ltr'>dat,</span> <span class='ocrx_word' id='word_1_504' title='bbox 645 4200 671 4244; x_wconf 91' lang='lat' dir='ltr'>et</span> <span class='ocrx_word' id='word_1_505' title='bbox 688 4198 820 4244; x_wconf 89' lang='lat' dir='ltr'>auctorum</span> <span class='ocrx_word' id='word_1_506' title='bbox 836 4191 894 4243; x_wconf 90' lang='lat' dir='ltr'>loco</span> <span class='ocrx_word' id='word_1_507' title='bbox 909 4206 986 4256; x_wconf 90' lang='lat' dir='ltr'>prave</span> <span class='ocrx_word' id='word_1_508' title='bbox 999 4194 1025 4241; x_wconf 90' lang='lat' dir='ltr'>et</span> <span class='ocrx_word' id='word_1_509' title='bbox 1036 4192 1139 4242; x_wconf 90' lang='lat' dir='ltr'>sinistre</span> 
     </span>
    </p>
   </div>
   <div class='ocr_carea' id='block_1_6' title="bbox 0 0 1430 4758">
    <p class='ocr_par' dir='ltr' id='par_1_9' title="bbox 0 0 1430 4758">
     <span class='ocr_line' id='line_1_56' title="bbox 0 0 1430 4758; baseline 0 0"><span class='ocrx_word' id='word_1_510' title='bbox 0 0 1430 4758; x_wconf 95' lang='lat' dir='ltr'> </span> 
     </span>
    </p>
   </div>
  </div>
 </body>
</html>
