2842 4758
167 239 229 311 398
555 262 586 321 e.
608 263 749 310 nossnn
768 262 892 311 micel

230 397 295 463 Sed
315 396 458 479 fulgente
478 396 577 460 trabit
595 396 783 463 eonstrictes
803 397 908 478 gloria
928 417 1021 462 curru

227 483 300 547 Non
321 481 427 546 minus
447 481 574 562 ignotos
595 482 770 562 generosis.
813 501 877 564 quo
899 481 1074 561 tibi,''lilli,

184 567 363 633 resumere
383 567 563 651 depositum
584 567 717 642 elnvom,
737 566 870 649 fierique
892 568 1040 633 tribuno?

225 652 351 717 Invidia
371 652 522 729 adcrevit,
542 651 667 750 privato
689 670 774 733 qnae
794 651 897 716 minor
916 661 1012 718 esset

226 738 309 802 Nem
332 736 524 819 utquisque
544 755 678 803 insanus
699 736 800 817 nigris
820 735 961 800 medinm
982 737 1117 821 inpediit
1138 761 1213 807 orus

225 822 378 897 Pellibus,
400 828 433 884 et
453 822 552 886 latum
574 821 703 887 demisit
723 829 851 906 pectore
871 822 1013 898 olavum3

225 907 326 971 Audit
346 906 511 981 eontinn03
533 905 613 985 Quis
635 907 729 973 homo
750 906 812 982 bio,
833 913 891 970 ant
911 926 974 989 quo
1018 913 1231 977 alienatus?

182 1004 213 1054 ao
226 993 269 1057 Ut
290 992 317 1056 si
339 991 394 1074 qui
416 997 560 1072 aegrotet
580 1011 645 1074 quo
666 991 777 1055 morbo
797 991 927 1066 Barrus,
949 928 1059 1056 brieri

224 1078 268 1143 Ut
288 1078 397 1160 cupiat
416 1076 591 1151 formosum
614 1081 666 1140 eat
686 1094 897 1158 quecumque,
919 1076 1036 1160 puellis

224 1161 349 1226 Iniieiat
370 1179 478 1225 euram
501 1161 674 1242 quaerendi
697 1161 840 1242 singula3
862 1162 950 1243 quali

370 1262 393 1294 v.
411 1248 453 1296 24.
471 1245 546 1309 Vulg.
568 1243 646 1296 Tulli.
681 1247 721 1296 29.
739 1246 789 1295 llic
806 1248 862 1294 est?
895 1248 936 1297 31.
954 1245 991 1295 ut
1007 1260 1063 1310 cup.

160 1347 277 1410 denotat,
302 1346 448 1396 latitudinis
471 1362 571 1396 sensum
595 1347 670 1410 plane
687 1347 792 1411 respuit.
826 1347 863 1396 Et
880 1347 948 1410 quod
967 1347 1046 1412 louge
1062 1346 1101 1396 vel
1120 1348 1278 1412 longissime

159 1430 175 1464 a
191 1431 218 1465 re
228 1416 346 1480 quapiam
355 1420 485 1464 rernotum
497 1421 549 1474 est;
567 1413 634 1464 idem
651 1430 682 1464 ex
697 1414 767 1464 omni
784 1420 856 1479 perte
874 1421 900 1464 et
916 1429 1015 1479 qusque
1031 1431 1118 1465 versus
1135 1416 1167 1465 ab
1186 1418 1273 1469 eadem

158 1498 187 1533 re
204 1490 325 1532 remotum
342 1482 378 1531 sit
394 1497 495 1532 neeesse
511 1487 557 1531 est
591 1482 628 1531 Ut
648 1483 764 1546 ineptum
785 1482 862 1547 plene
877 1483 957 1533 inerit
973 1483 1027 1532 lete
1042 1489 1171 1534 renuntient
1188 1485 1275 1538 dicere

157 1551 233 1616 quid3
257 1551 303 1601 ubi
320 1549 395 1600 semel
412 1549 507 1599 dixeris
524 1550 611 1613 longe.
645 1549 713 1600 Illud
736 1549 828 1600 deinde
850 1557 953 1609 exente,
977 1550 1046 1614 qnod
1068 1566 1154 1601 omnes
1171 1554 1274 1605 codiees

157 1626 185 1669 et
200 1619 327 1669 editiones
343 1617 486 1679 maenlmit,
513 1617 596 1682 „quid
612 1623 717 1682 oportet
732 1616 786 1668 Nos
803 1616 895 1677 faeere
911 1633 928 1668 a
945 1619 1026 1682 uulgo
1044 1619 1123 1683 lorzge
1140 1620 1275 1686 longeque

157 1688 309 1736 νιηιιιιιοεῖ*ί
325 1686 399 1735 Nihil
413 1685 527 1750 proieeto
544 1685 647 1750 pravius
665 1684 804 1750 tetriusque
821 1685 883 1735 vidi.
910 1684 979 1740 Quid
996 1685 1064 1736 enim
1082 1688 1187 1737 narrat?
1204 1688 1274 1754 Nos,

156 1754 205 1804 hoo
222 1760 274 1816 est,
298 1769 356 1804 enm
372 1753 433 1803 aliis
450 1769 478 1802 re
494 1760 547 1802 tam
563 1752 639 1817 longe
655 1768 671 1802 e
687 1752 764 1817 vulgo
780 1754 923 1803 remotum?
949 1769 1055 1818 quemne
1073 1755 1120 1804 boe
1136 1754 1195 1819 ipso
1213 1758 1272 1807 Ser·

155 1838 229 1872 mone
247 1822 381 1872 eonfitetur
398 1823 521 1872 libertino
534 1835 587 1871 esse
599 1826 685 1885 patre,
703 1825 729 1871 et
746 1821 828 1870 uzellis
844 1821 1007 1873 rumonim?
1026 1838 1076 1886 qno
1092 1838 1151 1873 vero
1168 1826 1275 1876 nomine

156 1895 209 1940 tam
226 1892 366 1940 remotum?
392 1905 444 1939 non
461 1904 566 1953 genere,
588 1904 699 1950 neure,
723 1903 775 1938 non
795 1889 853 1939 loeo
875 1898 901 1939 et
924 1889 1078 1941 conditione.
1111 1894 1147 1940 At
1163 1892 1273 1956 ingenio

155 1958 261 2008 fortasse
285 1959 354 2008 dices
377 1964 403 2007 et
418 1958 513 2007 virtute
536 1962 612 2021 etque
635 1956 764 2007 doctrina:
791 1971 871 2022 apage
894 1958 966 2007 sodes
987 1958 1089 2007 inanem
1112 1958 1271 2013 iactantiam

154 2025 214 2076 Non
232 2041 356 2091 regnosco
372 2027 569 2105 llostrumtam
586 2023 722 2089 superbum
739 2029 765 2073 et
781 2024 926 2088 gloriosum.
955 2025 1045 2104 timu,
1068 2025 1092 2075 si
1108 2026 1196 2076 oeulos
1212 2030 1273 2078 nni·

153 2094 408 2226 ttttltjlltlt
424 2109 450 2210 Σ
450 2091 1273 2225 11181ἓρὲἕῖΐὲιῖῗιιᾛῖςὲἓῖὲοὲῗιῗῖιῗ*811188

153 2230 269 2280 homines
285 2246 364 2281 novos
381 2234 407 2279 et
423 2227 565 2292 ignobiles3
582 2232 611 2277 nt
629 2243 677 2292 ego
694 2242 766 2277 mm:
784 2243 892 2293 qnorum
908 2229 1001 2278 multos
1017 2233 1085 2279 reete
1102 2229 1151 2279 tibi
1164 2246 1271 2294 persna-

153 2297 197 2348 des
217 2303 242 2348 et
257 2298 378 2364 privatim
396 2296 488 2361 probos
506 2301 531 2346 et
548 2297 650 2360 egregio
667 2293 770 2360 publioo
787 2297 896 2347 vixisse:
914 2303 1004 2346 eontra
1019 2295 1118 2361 eliquat
1130 2299 1271 2361 praeclaris

152 2366 315 2432 perentibus,
337 2371 368 2415 nt
384 2365 525 2414 Laevinum
541 2363 684 2424 Valerium,
708 2379 759 2412 non
777 2379 828 2413 uno
846 2370 979 2429 propterea
996 2379 1050 2413 asse
1067 2365 1148 2428 pluris
1166 2366 1270 2418 habitos

152 2449 219 2495 esse,
244 2435 283 2484 vel
299 2433 395 2499 populo
412 2434 470 2497 ipso
487 2431 586 2493 iudice,
608 2433 652 2496 qui
670 2432 798 2495 ceteroqui
815 2448 895 2495 genus
913 2439 938 2482 et
953 2448 1075 2496 proavos,
1099 2433 1224 2497 imagines
1241 2442 1270 2485 et

153 2501 250 2560 titulos,
266 2503 374 2551 maxime
391 2501 511 2550 admirari
530 2499 601 2549 solet
636 2499 708 2554 Quod
727 2498 750 2548 si
766 2499 857 2563 vulgus
875 2505 927 2549 tam
943 2504 1012 2569 reete
1028 2499 1140 2561 iudieat3
1168 2509 1267 2566 quanto

212 2570 218 2581 .
244 2570 250 2582 .
1103 2569 1110 2594 ,
1226 2569 1233 2581 .

151 2567 1269 2702 ttettssftttloltdttttlfttllttiff''tlt'‘tdllti,ulttltt

150 2712 225 2755 natus
243 2709 362 2768 parente,
379 2703 423 2753 sed
441 2719 491 2766 quo
508 2702 625 2767 ingenio,
644 2717 694 2765 qna
709 2702 804 2751 virtute
821 2703 869 2764 sit,
900 2719 1019 2767 quaerere
1035 2708 1142 2768 oportet
1179 2706 1265 2756 Sentis

150 2774 243 2838 opinor
265 2772 478 2830 emendationem
502 2785 576 2833 qnam
603 2770 725 2820 orationis
752 2771 830 2820 dnetn
847 2771 980 2836 abreptus,
1003 2771 1151 2835 priusquam
1168 2775 1264 2823 eonsti-

150 2848 256 2901 tuerem,
274 2840 385 2890 insciens
393 2839 476 2904 posui.
503 2837 577 2894 Quod
585 2838 609 2887 si
617 2853 666 2888 uos
674 2837 851 2901 substituatur,
868 2854 967 2905 pessum
985 2838 1035 2889 ibit
1052 2845 1106 2888 tota
1122 2841 1262 2891 sententie:

151 2908 246 2973 qnippe
263 2907 332 2959 haud
349 2923 377 2957 re
393 2908 460 2957 inter
477 2921 611 2971 generosos
627 2909 755 2969 numerat,
780 2906 824 2970 qui
848 2906 879 2956 de
901 2906 1045 2957 hominibus
1063 2907 1136 2957 noris
1153 2909 1265 2959 etndide

150 2985 176 3026 et
193 2991 271 3040 aeque
288 2975 416 3035 iudicent3
442 2974 485 3024 sed
503 2989 529 3023 se
546 2975 603 3023 istis
620 2975 693 3023 noris
710 2979 839 3035 aneenset,
864 2975 1005 3039 quiesque
1022 2973 1148 3024 nobilium
1165 2977 1269 3033 indicia

150 3060 251 3111 sperare
269 3042 319 3093 sibi
337 3049 362 3094 et
379 3042 495 3109 polliceri
512 3043 627 3092 audeant.

216 3114 257 3163 24.
293 3110 350 3174 Quo
374 3112 435 3174 riti,
457 3109 538 3171 Tulli]
573 3109 646 3166 Quod
669 3107 793 3158 editiones
815 3109 938 3159 haetenus
961 3109 1088 3174 possedit,
1118 3108 1205 3172 Tulli,
1230 3128 1264 3163 ex

148 3196 223 3232 versu
240 3194 309 3229 nono
327 3180 427 3230 videtur
443 3178 582 3242 irrepsisse.
614 3181 649 3227 At
665 3175 703 3226 ibi
720 3177 750 3226 de
769 3177 855 3227 Servio
873 3177 958 3226 Tullio
975 3193 1033 3241 rege
1050 3193 1131 3227 sermo
1147 3184 1200 3229 est:
1217 3180 1261 3231 hie

148 3249 179 3299 de
201 3249 303 3299 homine
325 3247 377 3297 ulio
400 3246 486 3297 neseio
510 3261 567 3308 quo.
609 3243 706 3307 Quidni
732 3243 812 3309 igitur
837 3260 981 3294 revocemus
1006 3245 1118 3310 plurium
1144 3247 1261 3298 eodioum

147 3316 292 3375 lectionem,
315 3313 395 3364 Tilli?
413 3320 442 3364 ut
459 3314 490 3364 de
507 3313 560 3362 suis
578 3317 704 3362 testentur
720 3314 898 3373 Rersmsnnns,
915 3312 1079 3374 Pulmenuus,
1099 3314 1260 3366 Torrentius·

147 3400 209 3450 qne:
236 3385 264 3432 in
281 3383 375 3431 nostris
392 3383 434 3432 hio
452 3381 553 3444 quidem
576 3380 674 3430 duobus
697 3381 821 3430 duntaxat
837 3385 955 3446 apparet,
980 3382 1060 3444 Regio
1084 3388 1110 3430 et
1127 3384 1258 3433 Petrenei:

147 3460 174 3503 at
191 3451 259 3502 infre
274 3465 348 3499 versu
368 3452 425 3512 107,
443 3450 470 3499 in
487 3449 616 3508 Leidensi,
632 3448 730 3498 Zulieh.
749 3447 833 3513 Magd.
852 3456 877 3498 et
893 3448 1036 3498 Bettelisno
1054 3452 1130 3501 extat.
1170 3448 1260 3501 Cicero

145 3521 241 3585 Philip.
260 3519 295 3570 ΙΙ.
314 3533 368 3582 cap.
389 3521 428 3569 11.
452 3519 479 3580 [ς
497 3518 540 3579 27]
572 3514 666 3566 Tillius
684 3514 794 3570 Cimber.
818 3516 887 3566 Idem
904 3517 953 3580 Ep.
971 3518 1041 3567 Fam.
1059 3517 1111 3580 Vl,
1134 3519 1163 3569 12
1182 3521 1208 3584 [ξ
1223 3517 1262 3586 21.

140 3589 241 3639 *senua
258 3587 289 3636 ee
307 3587 360 3645 na,
379 3587 427 3646 ιιι,
449 3587 487 3636 ιι.
506 3587 536 3648 [0.
548 3586 585 3636 so
604 3587 620 3649 ,e
638 3585 664 3646 s]
683 3589 708 3633 u
725 3584 808 3648 netu
825 3570 972 3634 ιιιιιιιιιι.
997 3584 1024 3651 [s
1045 3586 1093 3646 ¹2]-
1121 3585 1259 3636 sistemus

145 3657 194 3709 Iul.
212 3672 233 3707 e.
251 3658 283 3707 85
302 3657 333 3718 [o.
349 3655 399 3717 821.
428 3652 529 3703 Cimber
549 3651 658 3703 Tillius:
689 3650 781 3716 quibus
805 3651 921 3701 omnibus
938 3652 967 3702 in
982 3652 1046 3702 loeis
1064 3651 1150 3702 eedem
1167 3669 1196 3703 ee
1214 3655 1256 3703 bie

144 3725 253 3775 variatio
271 3723 353 3774 estin
372 3721 474 3787 seriptis
492 3719 630 3771 eodieibus.
657 3720 779 3769 Gruterus
792 3718 819 3767 in
839 3721 958 3784 Inscript.
981 3723 1016 3785 [p.
1027 3721 1085 3781 584,
1105 3723 1147 3783 10]
1164 3720 1261 3771 AFER.

144 3793 267 3845 TILIUS.
287 3795 312 3842 et
328 3793 366 3855 [p.
386 3792 441 3852 1²0,
462 3792 495 3853 1],
513 3787 543 3844 Q
555 3787 701 3847 TILLIUS,
718 3791 744 3838 et
762 3790 797 3851 [p.
808 3789 880 3849 1158,
902 3790 936 3851 1],
953 3788 989 3838 Μ.
1007 3788 1152 3851 TlLLIUS,
1169 3789 1205 3839 Μ.
1224 3790 1254 3842 L.

143 3861 301 3912 PHANIAS.
329 3858 454 3909 TILLIA.
474 3857 510 3908 M.
527 3857 559 3907 L.
577 3854 731 3906 Leucate.

210 3931 252 3981 29.
288 3927 353 3990 Quis
376 3928 453 3976 borno
477 3927 520 3975 bie
537 3927 593 3974 ert?
620 3939 671 3989 quo
688 3929 768 3988 patre
785 3920 891 3989 natust]
924 3923 965 3971 ltu
982 3922 1042 3972 libri
1060 3922 1172 3988 eliqnotz
1200 3924 1253 3987 elii,

144 3995 210 4059 Quis
227 3997 303 4047 domo
321 3995 382 4044 bie?
399 3993 424 4043 Ε
430 4000 441 4043 t
457 4008 509 4058 quo
520 3997 599 4058 patre
615 3995 715 4045 uului?
732 3992 865 4041 Editiones
880 3995 1001 4052 vetustae,
1019 3988 1084 4052 Quis
1098 3993 1174 4042 bomo
1193 3993 1257 4042 lite?

142 4065 212 4114 Aut
229 4079 296 4129 quot
313 4067 343 4111 nt
361 4062 437 4111 etiem
455 4060 533 4110 oodex
549 4061 652 4124 Regius,
670 4064 695 4109 et
712 4061 822 4124 optimus
840 4057 998 4123 Regluensis.

210 4134 251 4183 31,
286 4130 323 4180 Et
340 4133 433 4193 cupiat
449 4129 592 4190 formosus]
626 4130 667 4177 ltn
685 4126 811 4191 Crnqnius
829 4125 1026 4190 Torrentiusque
1049 4126 1164 4191 exesis,
1190 4142 1255 4192 quos

142 4200 294 4261 posteriores
318 4196 370 4246 iere
393 4196 473 4244 seonti
497 4200 569 4243 sunt:
596 4195 630 4244 st
646 4194 755 4244 Venetae
780 4193 902 4246 editiones
920 4198 946 4242 et
967 4193 1103 4255 Loseheri,
1120 4210 1173 4244 une
1195 4210 1252 4245 eum
