2834 4758
216 261 279 325 316
610 272 641 332 o.
664 270 806 319 nonnum
827 271 950 320 nancel

302 407 473 490 citumque
495 412 579 471 retro
602 406 699 488 solve,
722 407 810 471 solve
832 405 1001 470 turbinem.

301 493 400 558 Movit
421 498 569 577 nepotem
591 491 755 576 Telephus
776 492 941 566 Neretum,
1014 538 1018 544 -

305 581 343 644 In
366 597 461 661 quem
485 576 643 661 superbus
666 575 829 640 ordinarat
850 576 980 656 agmina

259 678 289 728 10
302 665 475 748 Mysorum,
499 660 585 726 etin
607 681 702 743 quem
725 661 790 726 tela
812 668 907 725 acuta
929 667 1075 726 torserat.

302 749 427 812 huxere
448 753 568 812 matres
589 745 669 810 Iliae
692 746 854 810 addictum
878 745 954 809 ieris

302 834 441 899 Alitibus
463 838 561 913 atque
583 831 715 895 canibus
738 830 929 895 homicidam
952 830 1138 908 Hectorem

618 965 641 998 v.
665 951 703 1000 ll.
724 946 798 1013 Vulg.
820 946 933 999 Uenere.

215 1103 294 1138 sacro
312 1088 417 1137 Danais
436 1086 468 1136 de
484 1090 559 1151 poste
576 1076 715 1135 refixum’.“
734 1084 776 1134 eui
794 1083 872 1133 addas
889 1083 968 1132 alium
986 1084 1068 1133 locum
1086 1084 1168 1147 magis
1186 1087 1359 1151 appositum,

215 1156 310 1205 ibidem
320 1156 378 1206 527.
396 1154 483 1216 „caelo
493 1169 538 1202 seu
553 1169 633 1218 saepe
649 1151 726 1202 refixa
740 1150 948 1212 Transcurrunt,
967 1155 1118 1217 crinemque
1128 1152 1252 1203 uetantia
1263 1155 1357 1205 sidera

217 1224 326 1274 ducunt.
362 1223 423 1272 Ideo
441 1227 524 1272 autern
542 1220 630 1282 refice
649 1220 868 1270 incantationibus
887 1219 977 1279 sidera,
996 1221 1056 1284 quia
1074 1219 1170 1284 alioqui
1188 1223 1358 1272 naturaliter

216 1292 306 1354 alfiae
325 1296 392 1340 snut.
424 1290 525 1340 Plinius
544 1289 611 1338 Hist.
632 1289 690 1337 Nat.
709 1289 744 1349 II,
763 1289 786 1340 8.
806 1290 832 1351 [ᾗ
851 1289 894 1350 28]
921 1287 1009 1351 „Hinc
1026 1288 1164 1338 redeamus
1182 1290 1219 1339 ad
1235 1291 1354 1356 reliqua

216 1365 338 1409 naturae.
376 1358 477 1419 Sidera,
497 1373 565 1423 quaa
582 1356 657 1406 affixa
676 1355 794 1405 diutinus
812 1356 930 1405 mundo“
948 1359 994 1404 etc.
1013 1361 1039 1405 et
1056 1356 1164 1417 ibidem,
1191 1359 1228 1408 14.
1252 1360 1283 1422 [ξ
1305 1360 1353 1422 581

215 1426 287 1492 „Sed
305 1426 419 1476 altitudo
438 1429 511 1490 cogit
528 1429 648 1474 errantes
665 1424 756 1473 stellas
773 1426 889 1474 minores
907 1423 972 1472 tuna
987 1424 1088 1474 uideri:
1106 1425 1264 1474 sicutafiixa
1275 1427 1353 1476 caelo

215 1494 279 1545 solis
295 1493 391 1558 fulgor
399 1496 424 1556 *)
443 1493 561 1542 interdiu
579 1507 633 1542 non
652 1493 755 1541 cerni.“

287 1564 326 1613 11.
353 1559 457 1614 Unuere
474 1567 573 1610 matres
591 1560 667 1622 iliae]
703 1559 792 1609 Editio
809 1558 907 1609 Veneta
926 1559 1053 1623 princeps,
1072 1573 1188 1608 unuere:
1215 1564 1241 1608 at
1262 1561 1356 1611 altera

215 1630 277 1679 anni
298 1631 362 1682 1490
380 1645 437 1679 cum
455 1628 628 1678 Lcscheriana
647 1628 752 1677 Intuere:
782 1627 933 1692 posteriores
952 1641 1019 1675 nunc
1037 1626 1092 1685 hoo,
1111 1631 1138 1675 at
1155 1628 1260 1692 saepius
1280 1630 1354 1680 illud

215 1714 262 1764 pro
280 1704 357 1762 captu
376 1698 508 1748 editorum.
536 1698 586 1745 Par
604 1711 703 1760 quoque
722 1695 854 1744 diversitas
872 1696 900 1744 in
918 1692 1049 1743 codicibus
1067 1693 1180 1759 scriptis.
1206 1696 1355 1748 Blandinii

215 1771 349 1833 quattuor,
368 1782 424 1815 cum
442 1765 559 1831 pluribus
577 1763 700 1814 Lambini
716 1770 742 1812 et
759 1763 903 1823 Torrentii,
921 1761 1019 1811 duobus
1036 1762 1187 1823 Pulmanui‚
1206 1780 1260 1812 uno
1280 1766 1350 1815 Bar·

213 1834 265 1884 thii
282 1834 384 1885 Advers.
403 1832 536 1894 XXXVII,
557 1834 596 1884 15.
627 1838 652 1881 et
670 1831 772 1880 Nostris
790 1831 931 1881 Graeviano
949 1830 1048 1880 Zalich.
1067 1830 1224 1893 Batteliano,
1241 1833 1354 1897 Regiae

215 1903 364 1964 Societatis,
385 1901 513 1962 Patrensi,
532 1900 677 1950 Bodleianis
695 1899 807 1961 duobus,
826 1915 936 1948 renuere.
972 1897 1080 1959 Contra,
1098 1904 1199 1963 praeter
1215 1900 1349 1952 Lambini

215 1972 320 2035 aliquot,
342 1976 367 2020 et
379 1970 507 2019 Torrentii
519 1985 605 2029 unum,
624 1968 687 2017 duos
697 1968 833 2016 Pulmanni
853 1973 878 2016 et
888 1966 1037 2015 Bersmanni
1050 1966 1163 2027 totidem,
1183 1967 1352 2035 totidemque

214 2039 342 2088 Lucenses
360 2039 472 2088 omnium
492 2036 684 2096 vetustissimos,
703 2040 742 2095 (ut
759 2039 797 2084 ait
811 2035 921 2085 Michael
938 2036 1042 2097 Brutus)
1058 2034 1192 2084 Leidensis
1210 2041 1301 2087 noster
1320 2045 1351 2088 et

214 2107 354 2165 Galessos,
382 2113 407 2155 et
425 2123 439 2155 a
457 2106 540 2170 prima
557 2119 633 2153 manu
651 2104 819 2167 Baginensis,
847 2111 872 2153 ct
889 2119 935 2167 pro
953 2102 1023 2151 varia
1039 2101 1149 2151 lectione
1166 2105 1300 2155 Petrensis
1321 2112 1351 2156 et

214 2175 368 2224 Bodleianus
386 2174 463 2234 alter,
484 2174 582 2222 iuuere.
613 2175 695 2235 Atque
713 2172 778 2220 hanc
796 2172 929 2221 lectionem
948 2170 974 2219 in
992 2171 1077 2234 priore
1095 2170 1216 2220 Editione
1233 2172 1347 2224 Lambi-

213 2259 262 2292 nus
280 2251 381 2292 seeutus
400 2254 444 2303 est,
463 2246 488 2290 ct
506 2241 606 2305 egregie
624 2240 775 2303 explicavit3
799 2245 887 2304 postea
905 2238 1047 2302 pertinacia
1065 2239 1222 2302 quorundam
1245 2240 1349 2307 latiga-

214 2316 255 2360 tus
273 2316 299 2359 ct
316 2310 399 2360 rictus
418 2315 462 2359 aut
478 2309 588 2358 mutavit
605 2308 765 2366 sententiam,
786 2312 830 2356 aut
848 2312 915 2356 certe
934 2304 1027 2355 dubius
1045 2306 1134 2356 haesit.
1171 2307 1258 2371 Neque
1279 2326 1346 2360 vero

214 2379 306 2429 mirum
324 2385 362 2428 est
379 2379 443 2427 illud
462 2393 578 2439 urescere,
598 2382 686 2440 utpote
705 2376 806 2425 facilius
824 2381 849 2424 et
867 2376 898 2424 de
916 2374 998 2424 medio
1015 2376 1139 2438 petitum,
1158 2375 1243 2439 plures
1260 2377 1345 2429 advo·

214 2454 283 2496 catos
307 2447 438 2512 reperisse.
474 2446 568 2495 Notum
596 2446 663 2493 enim
690 2443 755 2492 illud
781 2443 887 2507 Virgilii
913 2446 985 2505 [Aen.
1003 2442 1053 2506 VI,
1071 2444 1146 2505 21913
1171 2459 1348 2510 „corpusque

215 2515 308 2564 lauant
324 2516 451 2579 frigentis
469 2519 495 2562 et
512 2515 655 2577 unguunt.“
674 2517 699 2561 et
716 2512 780 2560 illud
798 2512 880 2561 Ennii
899 2510 999 2574 [Annal.
1017 2527 1040 2559 v.
1060 2513 1108 2563 156
1126 2511 1227 2573 Vahllz
1252 2512 1345 2567 „Tar-

214 2585 302 2647 quinti
320 2598 417 2647 corpus
435 2583 503 2631 boun
521 2581 622 2641 fernina
642 2581 710 2629 lavit
726 2585 751 2628 et
769 2581 868 2629 unxit‚“
898 2578 1004 2628 Ovidius
1015 2579 1081 2628 Fast.
1093 2579 1137 2640 IV,
1148 2581 1206 2631 853.
1220 2583 1251 2629 de
1262 2582 1339 2633 Remi

213 2649 348 2710 cadavere,
372 2650 558 2712 „Arsrrrosque
577 2654 652 2697 artus
670 2649 760 2697 unxit:
784 2648 871 2708 l'ecere
889 2647 962 2712 quad
978 2647 1038 2709 ille,
1061 2646 1207 2696 Faustulus
1225 2655 1250 2698 et
1267 2664 1342 2700 mae

212 2724 268 2767 stas
285 2717 357 2766 Acce
375 2717 463 2766 salicta
482 2718 596 2764 camas.“
619 2721 644 2765 et
661 2717 744 2780 Epist.
763 2715 889 2764 Ariadnae
914 2716 987 2778 [Her.
1004 2713 1038 2777 X]
1064 2716 1119 2766 122.
1145 2713 1219 2777 „Nec
1236 2720 1344 2781 positos

213 2790 289 2833 artres
306 2789 386 2847 unget
403 2786 490 2833 arnico
508 2786 629 2834 manrts.“
654 2785 711 2847 Ego
729 2799 786 2832 vero
804 2799 858 2833 eam
877 2785 957 2847 ipsam
975 2781 1007 2831 ob
1026 2798 1139 2832 caussam
1157 2785 1203 2832 hoc
1221 2785 1342 2836 aLibra·

212 2852 268 2910 riis,
286 2851 393 2900 alterum
412 2850 570 2900 abductare
589 2850 729 2915 proiectum
748 2867 800 2902 esse
819 2851 904 2901 nullus
923 2849 1020 2900 dubito.
1048 2849 1153 2902 Unuca-e
1165 2854 1234 2901 enim
1254 2853 1342 2917 quivis

212 2920 242 2968 de
261 2919 335 2984 plebe
352 2919 510 2968 literatorum
529 2933 648 2983 reponere
666 2920 765 2984 potuit,
789 2917 896 2969 Lucere
914 2935 987 2968 nemo
1005 2919 1055 2968 nisi
1074 2920 1189 2990 apprime
1213 2922 1338 2971 eruditus.

211 2987 310 3038 Deinde
328 2988 392 3037 illud
409 2988 475 3050 vide,
494 2986 593 3037 Matres
613 2987 678 3037 ltine
695 3002 811 3047 unusne,
831 2988 878 3037 hoc
897 2991 948 3048 est,
967 3003 1056 3037 omnes
1073 2993 1213 3037 mamonae
1230 2988 1337 3040 Iliades.

212 3056 243 3106 Id
262 3073 318 3106 vero
337 3057 381 3123 qui
399 3056 453 3106 fieri
473 3056 576 3119 potuit?
600 3060 644 3104 aut
662 3055 724 3121 quid
741 3056 848 3104 attinuit
866 3056 911 3104 tali
930 3055 1017 3104 officio
1036 3060 1179 3105 tetmarus
1202 3055 1341 3108 adhiberi?

211 3123 347 3189 Urgebant
364 3124 470 3173 cadaver
488 3129 531 3172 aut
551 3123 724 3188 pollinctores,
743 3128 788 3172 aut
805 3124 952 3188 propinqui,
971 3128 1015 3173 aut
1032 3128 1099 3173 certe
1117 3125 1201 3188 pauci.
1228 3125 1293 3174 Inde
1309 3127 1337 3176 in

210 3194 304 3242 Miseni
323 3194 423 3253 funcra,
449 3192 552 3241 Aeneid.
570 3190 620 3252 VI,
640 3193 698 3242 218.
729 3193 808 3255 „Pars
827 3191 928 3241 calidos
946 3192 1038 3241 latices
1055 3196 1081 3240 et
1098 3193 1184 3241 ahena
1203 3193 1338 3244 undantia

210 3262 325 3321 tlarnrnis
344 3261 515 3325 Expediunt,
533 3275 682 3323 corpusque
701 3259 793 3309 lavant
809 3259 948 3322 frigentis,
973 3265 999 3308 et
1016 3264 1160 3323 unguunt.“
1194 3264 1229 3309 At
1247 3277 1340 3311 omnes

211 3328 303 3377 Teucri
320 3328 358 3377 ibi
377 3329 470 3377 latuere
488 3328 621 3388 Misenum,
640 3333 670 3375 at
686 3328 729 3376 hic
745 3343 831 3376 omnes
849 3327 942 3376 iliades
961 3327 1054 3376 latuere
1070 3328 1221 3377 Hectorem:
1239 3346 1262 3378 v.
1277 3331 1335 3381 tlt.

209 3393 285 3458 „Nec
302 3398 389 3444 minias
408 3398 510 3444 interea
528 3393 659 3443 Misenum
677 3398 706 3444 in
726 3395 804 3444 litere
821 3396 912 3444 Teucri
930 3394 1052 3455 Flebant,
1079 3402 1105 3444 ct
1122 3398 1209 3445 cineri
1225 3399 1337 3461 ingrato

210 3477 335 3528 suprema
352 3463 502 3522 ferebant.“
521 3469 546 3511 et
564 3464 621 3513 220.
648 3462 711 3523 „Fit
727 3463 851 3526 gemitus:
870 3468 924 3512 turn
942 3464 1059 3513 menstra
1078 3469 1137 3513 toro
1152 3463 1243 3514 defleta
1259 3481 1339 3531 repre·

210 3531 305 3580 nunt.“
331 3531 411 3580 Recta
428 3529 510 3595 igitur
527 3535 552 3578 et
569 3530 682 3595 genuina
698 3531 775 3580 lectio
794 3537 845 3592 est,
863 3531 979 3593 „Luxere
997 3536 1095 3581 matres
1112 3531 1180 3581 Iliae
1197 3532 1337 3583 addictum

209 3598 277 3659 seris
294 3596 411 3648 Atratus
428 3604 508 3664 atque
526 3599 636 3648 canities
654 3598 814 3649 homicidam
833 3600 1000 3649 Hectorern“:
1019 3598 1087 3664 quod
1104 3600 1255 3649 vocabulum
1272 3603 1338 3651 satis

209 3666 339 3731 significat
362 3666 478 3716 sollemni
501 3667 597 3719 funeris
621 3682 715 3731 pompa
738 3667 873 3716 Hectorem
906 3667 1033 3732 sepultum
1062 3683 1121 3716 asse.
1163 3668 1241 3718 Recte
1267 3669 1334 3719 enim

210 3733 389 3785 animadvertit
406 3733 555 3797 Lambinus,
574 3735 669 3789 trustra
686 3734 713 3783 id
732 3735 868 3803 cavillante
886 3735 1033 3797 Torrentio,
1058 3734 1183 3785 sollennes
1200 3736 1260 3785 illos
1278 3737 1336 3801 plo·

208 3809 279 3853 ratus
298 3810 323 3853 et
339 3804 431 3865 luctus,
449 3820 501 3854 nou
518 3803 570 3855 nisi
580 3808 821 3868 praesentemortuo
834 3819 949 3886 corpore,
964 3819 1017 3853 esse
1028 3803 1116 3852 solitos
1126 3806 1252 3867 usurpari.
1272 3805 1337 3855 Inda

208 3872 285 3921 toties
303 3874 385 3938 poetis
404 3872 513 3922 iunctim
529 3872 693 3939 proferuntur
711 3887 741 3922 ea
758 3871 847 3933 verba,
872 3870 1021 3926 ακλαυστος
1043 3870 1088 3921 sai
1113 3865 1236 3937 ἄταφος,
1261 3872 1337 3923 inds-

208 3941 286 4000 sletus
304 3946 330 3990 et
347 3941 510 4006 insepultus:
535 3941 596 4005 quia
613 3956 751 4003 numquam
770 3940 880 4000 delletus
898 3939 1008 4000 dicitur,
1028 3941 1072 4004 qai
1090 3939 1224 4004 sepulchro
1241 3941 1335 3992 caruit.

207 4007 347 4072 Euripides
365 4009 520 4061 Phoenissis,
540 4013 572 4072 [v.
585 4010 660 4070 1636]
687 4003 784 4072 Εᾷνδ’
798 4004 959 4067 ἄκλαυστον,
978 4002 1099 4075 ἄταφον,
1120 4002 1333 4074 οἰωνοῖςβορᾰν.

208 4074 244 4123 Et
262 4075 299 4124 ita
319 4075 357 4125 bis
376 4082 464 4141 terque
488 4076 564 4138 alibi,
589 4075 684 4126 citante
708 4077 841 4126 Lambino,
878 4074 977 4131 Quibus
1002 4075 1065 4126 adde
1083 4075 1188 4125 Homeri
1211 4075 1279 4125 illud
1302 4076 1336 4127 de

207 4141 336 4205 Elpenore
354 4142 441 4208 Odyss.
466 4146 498 4194 Δ.
516 4161 539 4193 v.
558 4147 599 4195 53.
634 4146 722 4209 Σῶμα
745 4139 800 4211 γὰρ
825 4140 855 4194 ἐν
877 4139 990 4212 μεγάρῳ
1015 4142 1118 4210 Κίρκης
1139 4140 1336 4211 κατελείπομεν

261 4224 281 4270 ’l
296 4221 346 4274 [ser.
361 4226 442 4274 unsa
456 4237 472 4266 e.
486 4224 610 4277 e.suuere]
