2834 4758
235 232 297 294 250
625 247 657 306 o.
680 246 823 294 nonnrn
843 248 968 296 resecr

317 380 360 447 Ni
383 380 446 446 tuis
468 379 571 446 flexus
594 380 792 464 Venerisque
815 389 927 462 gratae

318 467 458 532 Vocibus
480 465 596 531 Divom
619 472 711 551 pater
733 467 901 533 adnuisset

317 552 425 618 Rebus
447 551 577 615 Aeneae
599 551 722 636 potiore
745 551 858 619 ductos

435 636 521 701 Alite
542 656 661 702 muros.

274 732 305 782 ae
318 721 439 785 Doctor
461 727 597 802 argutae
618 720 733 786 fidicen
756 721 890 786 Theline

316 805 455 885 Phoebe,
479 807 535 888 qui
556 806 687 870 Xantho
710 806 792 872 lavis
814 825 908 870 amne
930 803 1035 885 crinis,

316 891 465 956 Dauniae
489 891 624 956 defende
647 892 746 956 decus
769 891 940 969 Camenae,

436 976 532 1041 Levis
554 975 691 1060 Agyieu.

648 1111 672 1148 v.
691 1095 732 1145 21.
750 1092 826 1156 Vulg.
846 1091 947 1143 Victus.

234 1267 283 1312 tem
301 1263 403 1312 habent.
438 1263 477 1313 lta
485 1262 641 1323 Torrentius,
658 1262 814 1312 Pulmannus
831 1263 1051 1325 Bersmannneque
1068 1262 1097 1311 in
1116 1264 1169 1312 suis
1187 1265 1350 1315 invenerunt:

232 1331 269 1382 ita
286 1331 341 1395 ipse
359 1331 387 1379 in
397 1331 547 1395 Graeciano,
559 1331 688 1392 Leidensi,
698 1329 797 1380 Zulich.
809 1329 896 1394 Magd.
906 1330 1030 1389 Petrensi,
1046 1329 1126 1394 Galei,
1139 1331 1246 1397 Vigom.
1273 1333 1349 1389 uuiu-

232 1400 261 1449 ni
278 1399 365 1462 itaque
383 1399 538 1463 recipiatur:
564 1415 672 1464 pronum
695 1399 763 1448 enim
781 1398 831 1448 fait
847 1397 961 1447 librariis
979 1396 1103 1462 pluralem
1120 1399 1163 1448 hic
1182 1417 1213 1451 ex
1230 1401 1350 1466 singulari

232 1468 322 1527 tacere,
342 1467 402 1531 quia
419 1472 591 1531 praecesserat
607 1469 709 1517 nescios
725 1465 785 1527 feri
800 1481 914 1531 prreros:
934 1469 1023 1514 contra
1040 1482 1069 1514 ex
1087 1465 1182 1532 plurali
1201 1470 1349 1535 singularem

232 1536 314 1585 facere
339 1541 364 1584 et
387 1535 518 1584 uarietatis
536 1536 644 1599 gratiam
669 1538 771 1599 captare
796 1549 874 1599 supra
892 1549 978 1583 corum
1003 1539 1106 1598 captum
1123 1540 1186 1587 erat.
1222 1538 1349 1602 Expressit

232 1608 316 1652 antem
334 1606 421 1652 nostor
435 1602 541 1652 Homeri
558 1603 642 1653 locum
660 1602 734 1652 Iliad.
751 1603 778 1651 Ζ.
795 1619 818 1651 r.
829 1604 872 1653 eu.
896 1595 964 1667 μηδ’
984 1603 1120 1651 ΟΝΤΙΝΑ
1137 1605 1251 1675 γαστέρι
1262 1603 1348 1673 μήτηρ

231 1673 342 1738 Κοῦρον
360 1667 441 1721 ἐόντα
460 1669 557 1738 φέροι,
590 1665 721 1738 μηδὈΣ
745 1668 845 1738 φύγοι·
881 1666 935 1720 ἀλλ’
965 1663 1022 1736 ἅμα
1042 1671 1349 1731 ΠΑΝΤΕΣΙλίοοέξα-

231 1731 362 1799 πολοὶατ’,
387 1733 531 1801 ἀκήδεστοι
547 1737 593 1789 καὶ
612 1739 742 1789 ἄθαπτοι.
779 1738 896 1788 Ceterum
919 1753 985 1786 nnus
1004 1738 1148 1803 Torrentii,
1174 1746 1199 1790 et
1218 1742 1348 1791 Pulmanni

231 1807 296 1856 alter
313 1810 454 1857 iacentem:
485 1807 528 1856 sed
546 1805 610 1857 bene
628 1808 706 1857 habet
723 1823 770 1855 vox
788 1811 905 1869 recepta..
935 1806 1030 1855 Seneca
1049 1806 1132 1871 Epist.
1148 1807 1260 1860 CXXIV.
1279 1810 1307 1875 [ξ
1324 1810 1348 1871 8]

231 1874 339 1940 „Siquis
357 1876 456 1926 dicuat
472 1875 549 1925 illum
567 1878 596 1925 in
614 1880 821 1926 matmnoaterc
836 1874 965 1934 latentem,
984 1878 1104 1924 tenerum
1123 1881 1149 1925 et
1167 1877 1349 1943 imperfectum

231 1949 258 1993 ct
274 1943 442 2005 informem.“
478 1948 503 1992 et
526 1943 613 2008 paullo
631 1949 691 2008 post
717 1943 743 2008 [ξ
762 1944 797 2004 8]‚
833 1941 904 2005 „Qui
919 1947 1103 1993 maternorum
1122 1946 1253 1995 aucarum
1269 1946 1348 1996 latens

231 2027 298 2061 onus
316 2015 380 2060 est.“
414 2012 519 2061 Tacitus
536 2012 606 2062 Hist.
618 2012 652 2074 ΙΙ,
668 2014 708 2064 13.
744 2010 827 2073 „Cum
842 2027 894 2077 per
912 2012 1048 2061 cruciatus
1065 2013 1280 2078 interrogarent,
1303 2015 1350 2064 uti

230 2080 317 2141 filiurn
335 2080 468 2130 occuleret
473 2098 484 2142 ,·
501 2080 550 2129 illa
568 2085 674 2130 uterum
692 2079 839 2141 osteudens,
857 2078 936 2128 latere
954 2078 1121 2144 respondit.“

233 2201 235 2205 ,
298 2150 338 2198 21.
357 2147 397 2198 Ni
414 2151 468 2198 tuis
484 2151 580 2210 uictus]
616 2148 676 2197 Sine
694 2146 896 2197 membranarum
913 2162 961 2211 ope
985 2163 1059 2197 nemo
1083 2147 1149 2197 hanc
1167 2148 1298 2198 lectionem
1322 2147 1349 2197 in

231 2214 337 2265 dubium
354 2216 495 2265 vocaverit:
514 2217 623 2266 uocibus
632 2215 699 2266 enim
711 2216 763 2266 sive
769 2217 895 2282 precibus
905 2218 991 2265 uictus
1005 2216 1101 2280 passim
1115 2218 1235 2265 occurrit.
1261 2217 1349 2267 Livius

230 2283 328 2345 XXIII,
340 2286 363 2335 8.
379 2284 405 2349 [ξ
416 2286 442 2346 4]
478 2283 590 2345 „Victus
607 2287 695 2349 patris
711 2286 836 2349 precihus
854 2284 1050 2348 lacrimisque.‘⁴
1086 2289 1112 2333 et
1128 2284 1212 2343 XLII,
1223 2287 1262 2336 22.
1283 2285 1308 2349 [ξ
1325 2286 1349 2346 7]

231 2351 360 2415 „Praetor
377 2352 508 2418 Popillius
524 2352 647 2414 familiae
662 2352 787 2418 precibus
802 2355 912 2403 victus.“
949 2351 1053 2402 Tacitus
1065 2352 1209 2413 Annallv,
1221 2355 1262 2404 57.
1280 2353 1349 2416 „Au

228 2426 324 2483 gustus
341 2423 464 2484 precihus
481 2423 577 2471 uaeris
594 2422 720 2470 evictus.“
747 2417 840 2473 Noster
849 2419 931 2485 Epod.
945 2420 992 2468 ult.
1010 2437 1032 2468 v.
1044 2422 1086 2472 43.
1113 2419 1227 2483 „Castor
1243 2419 1350 2470 Frater-

201 2503 281 2552 *que
306 2491 401 2552 magni
428 2487 545 2538 Castoris
570 2489 634 2538 victi
660 2490 759 2554 prece.“
804 2487 853 2538 Sed
877 2487 1027 2537 Blandiniae
1050 2489 1210 2538 membranae
1236 2487 1348 2553 Oruqrrii,

230 2555 342 2605 omnium
355 2556 556 2619 antiquissimae,
574 2561 715 2621 suggerunt
724 2559 824 2618 sicma:
843 2554 899 2620 „Ni
917 2558 969 2605 tuis
986 2556 1066 2606 flexus
1076 2556 1240 2621 Venerisque
1254 2562 1350 2621 gratae

232 2622 451 2674 VocibusDivum
468 2629 548 2688 pater
566 2624 726 2675 adnuisset.“
747 2623 975 2674 ValeriusFlaccns
986 2626 1034 2687 III,
1047 2626 1105 2676 615.
1130 2624 1222 2689 „Ergo
1233 2628 1349 2675 anicium

229 2691 309 2739 flexus
327 2691 403 2739 dictis
421 2693 572 2740 instantis.“
607 2692 699 2756 Virgil.
713 2693 804 2755 Georg.
819 2692 863 2754 IV,
880 2693 939 2744 399.
974 2690 1062 2753 „Nam
1086 2695 1145 2741 sine
1168 2695 1196 2741 ci
1220 2708 1274 2743 nen
1293 2691 1348 2743 ulla

231 2758 306 2807 dabit
319 2763 479 2823 praecepta,
497 2774 582 2823 neque
599 2759 676 2810 illurn
696 2762 803 2810 Orandc
821 2761 935 2821 flectes.“
970 2760 1016 2810 ubi
1039 2760 1118 2810 codex
1135 2760 1265 2811 Mediceus
1282 2760 1348 2826 apud

231 2824 352 2885 Pieriam,
373 2824 481 2876 Orando
499 2829 601 2887 uinces3
620 2832 649 2876 nt
666 2829 749 2878 nostri
765 2830 808 2878 hic
826 2827 921 2878 habent
939 2830 1032 2878 ciclus.
1068 2828 1175 2878 Ovidius
1192 2829 1277 2894 Epist.
1297 2829 1348 2880 He·

229 2894 309 2943 lenae.
329 2893 400 2957 [Her.
414 2896 451 2956 17,
461 2896 504 2956 92]
539 2896 606 2957 „His
624 2911 673 2960 ego
692 2898 837 2957 blanditiis,
855 2899 880 2945 si
895 2903 1043 2961 peccatura
1060 2896 1179 2960 fuissem,
1197 2897 1347 2948 Flecterer.“

202 2977 204 2981 ¹
229 2962 319 3011 Utram
335 2963 417 3027 igitur
434 2963 569 3013 lectionem
586 2963 769 3029 praeferemus3
788 2981 845 3014 cam
862 2970 969 3028 utraque
987 2965 1067 3029 probe
1085 2964 1138 3015 sit?
1163 2965 1230 3015 Mihi
1249 2966 1348 3030 quidem

228 3033 315 3092 lienus
339 3029 435 3081 arridet
457 3032 551 3096 magis,
576 3048 634 3082 cum
657 3032 688 3081 ob
712 3033 880 3083 venerandam
898 3033 1031 3082 Blandinii
1049 3033 1145 3083 codicis
1163 3034 1346 3094 auctoritatem,

229 3105 282 3149 tum
299 3098 331 3149 oh
351 3116 436 3150 vocem
454 3101 810 3165 quasseqnitnr,Adnuisset.
832 3101 883 3157 uui
892 3102 960 3150 enim
969 3101 1073 3165 adnuit,
1093 3117 1121 3151 eo
1140 3102 1199 3165 ipso
1217 3103 1346 3167 stertitur3

229 3173 254 3217 et
273 3174 376 3218 venuste
394 3169 560 3218 continuatur
578 3170 733 3234 metaphora.
769 3169 836 3224 Quid
861 3169 928 3233 quod
946 3169 1052 3219 Ovidius
1075 3170 1143 3219 hunc
1160 3170 1245 3235 ipsum
1263 3169 1347 3220 locum

228 3236 329 3286 ridetur
346 3237 470 3298 imitatus,
480 3238 534 3287 Art.
545 3240 627 3290 Amat.
637 3240 657 3299 I,
666 3240 725 3289 2141.
761 3237 893 3301 „Hectora
912 3237 1022 3289 donauit
1040 3238 1149 3288 Priamo
1167 3253 1247 3302 prece
1264 3244 1347 3289 metra

230 3305 359 3354 Achilles:
376 3305 503 3354 Flectitur
520 3308 608 3356 iratus
625 3322 685 3356 voce
703 3311 818 3370 rogante
837 3306 927 3357 deus.“
962 3311 987 3356 et
1005 3305 1132 3370 Gorippus
1148 3306 1285 3355 Africanus
1304 3306 1346 3357 lib.

228 3372 248 3422 I.
260 3374 291 3432 [v.
306 3374 362 3435 172,
372 3388 396 3434 p.
408 3375 456 3423 158
475 3373 546 3425 eoI2
565 3373 582 3423 l.
597 3375 612 3425 8
630 3390 645 3423 a
662 3375 704 3423 fin.
717 3374 754 3424 ed.
765 3375 874 3436 Pisaur]
909 3373 1038 3436 „Vocibus
1057 3376 1098 3424 his
1115 3373 1194 3423 flexus
1214 3378 1317 3424 cessit.“

296 3440 337 3489 25.
355 3439 458 3489 Doctor
475 3446 591 3504 argutae
607 3441 705 3502 fidicen
726 3440 847 3505 Thaliae]
883 3442 975 3507 Apollo
1001 3442 1095 3493 doctor
1113 3447 1151 3491 est
1168 3442 1299 3492 Musarum
1324 3447 1346 3492 et

228 3506 374 3556 Po'c'larum:
394 3508 555 3572 quisnegat?
573 3510 693 3559 Lucanus
703 3510 731 3559 in
744 3511 900 3575 Panegyrico
916 3508 1033 3577 [r.156]:
1052 3509 1132 3571 „Sive
1150 3509 1246 3576 cireign
1256 3510 1346 3575 digitis

229 3578 255 3623 et
271 3574 372 3623 ehccrno
389 3576 497 3624 uertere
511 3577 613 3641 prauus,
631 3578 725 3628 Dulcis
734 3578 877 3643 Apollinea
895 3581 1017 3643 reperitur
1035 3578 1166 3628 testudine
1184 3582 1296 3629 cantus.-
1315 3578 1347 3629 ut

229 3647 254 3691 te
272 3642 399 3692 credibile
416 3648 456 3692 est
472 3644 574 3693 Phoebo
592 3646 712 3696 didicisse
729 3647 876 3710 magistro.“
907 3646 973 3701 Quin
994 3651 1019 3696 et
1038 3647 1125 3696 Musae
1143 3648 1286 3711 Po'e'taeque
1305 3663 1346 3699 ar·

226 3713 289 3774 guli
306 3716 373 3776 sunt,
392 3715 422 3760 ut
438 3712 542 3761 Graecis
560 3715 672 3764 Μοῦσαι
689 3713 799 3779 ituriae:
818 3715 912 3765 Noster
920 3715 1004 3779 Epist.
1013 3716 1048 3777 ll,
1058 3717 1082 3778 2,
1093 3716 1134 3767 90.
1169 3714 1244 3777 „Qui
1261 3718 1345 3765 minus

227 3783 330 3844 argutos
348 3785 430 3829 vexat
444 3781 524 3842 furor
541 3784 591 3830 iste
600 3787 688 3845 po'etas
697 3786 726 3831 i‘·
750 3783 878 3833 Martialis
887 3783 979 3848 Epigr.
990 3782 1034 3844 VI,
1045 3785 1085 3834 34.
1097 3786 1129 3845 [v.
1141 3784 1165 3844 Ἰ]
1186 3779 1273 3843 ,,ΝοΙο
1285 3786 1346 3848 quot

227 3851 318 3912 arguto
337 3847 411 3897 dedit
428 3854 542 3898 sacrata
551 3849 652 3898 Catullo
661 3849 783 3901 Lesbia.“
817 3855 843 3901 et
860 3851 933 3913 VIII,
944 3853 982 3903 73.
994 3854 1026 3913 [r.
1040 3853 1065 3912 7]
1085 3850 1188 3914 „Fama
1207 3855 1247 3900 est
1263 3850 1345 3916 arguti

227 3913 346 3966 Nemesis
362 3915 482 3975 forrnosa
506 3916 629 3968 Tibulli.“
664 3920 733 3968 Bene
757 3920 844 3983 itaque
867 3920 963 3969 hahent
979 3919 1082 3969 Ductor
1109 3920 1239 3982 Argutae,
1267 3935 1345 3986 neque

227 3987 319 4034 temere
337 3989 397 4033 sunt
421 3985 451 4034 de
469 3986 525 4035 loco
542 3986 682 4049 movenda,
701 4002 807 4049 querna
825 3988 915 4052 primis
933 3987 1130 4053 Typographiae
1148 3986 1233 4036 initiis
1250 3987 1278 4039 in
1297 3988 1345 4038 edi·

227 4052 340 4103 tionibus
365 4054 463 4104 cunctis
488 4055 663 4118 possederunt.
699 4055 871 4120 Manuecripti
896 4059 979 4106 tamen
1003 4055 1046 4104 hic
1069 4055 1179 4106 variant.
1217 4055 1248 4104 In
1267 4056 1344 4107 tribus

226 4120 279 4168 suis
296 4121 396 4171 invenit
413 4122 561 4172 Torrentius
580 4123 675 4174 ductor
692 4123 824 4187 Argiuae:
852 4128 927 4188 atque
954 4123 1072 4188 equidem
1099 4123 1194 4173 ductor
1211 4124 1268 4189 Ipse
1287 4141 1345 4190 quo·
