2840 4762
179 218 219 279 34
563 227 595 287 q.
618 224 760 275 nonnrn
781 218 904 274 mictu

261 361 395 430 Proeliis
418 361 534 427 audax.
558 380 664 442 neque
684 360 848 435 tamisim,

262 447 367 524 Liber,
390 453 423 511 et
445 445 554 513 saeris
572 445 700 510 inimica
715 445 811 525 ,virgo

261 532 388 610 Beluis3
411 551 470 596 nee
491 537 533 609 te,
554 531 725 596 metuende
747 536 833 594 certa
859 561 862 569 v

414 616 544 683 Phoebe
566 615 718 697 samem,
776 648 779 655 ‚
818 634 821 641 ’

177 773 231 822 tur:
262 774 344 820 temen
363 770 432 820 inter
456 785 542 819 omnes
568 768 623 818 eius
650 767 744 821 liberes
767 767 889 831 maximqs
911 762 1021 817 honores
1044 770 1180 831 consecuta
1196 770 1236 817 eat
1253 765 1311 815 ni-

177 853 262 888 nerve.
295 838 381 900 Vides,
400 838 505 904 opinor,
531 836 625 886 frustra
640 836 683 886 hic
707 828 834 885 laborasse
852 836 1019 899 interpretes-z
1046 849 1127 897 neque
1153 833 1220 883 enim
1244 849 1313 883 cum

176 907 274 956 Iunone
292 905 331 955 vel
349 911 440 971 patruo
459 922 504 955 suo
521 905 642 970 Neptuno
659 909 820 968 omnparotnr
834 898 878 952 hic
897 900 994 962 Pallas3
1022 902 1066 951 sed
1082 918 1140 951 eum
1158 901 1244 951 sobole
1262 902 1312 951 Io·

176 974 215 1023 ris
233 978 357 1037 tantum,
374 974 497 1027 iratribus
513 971 693 1036 sororibusque
710 972 771 1021 suis.
806 973 844 1020 Et
864 970 972 1034 proinde
999 982 1074 1021 nemo
1090 970 1119 1029 in
1136 967 1312 1033 sequentibus

176 1045 336 1102 memoratur,
354 1046 454 1106 praeter
471 1042 531 1090 Iove
547 1038 815 1106 genitos3Baccham,
831 1039 958 1100 Dianam,
974 1038 1133 1102 Apollinem,
1152 1037 1310 1100 Herculem,

176 1108 318 1172 Peliacae,
337 1116 363 1160 et
382 1109 534 1161 Castorem:
565 1124 671 1173 quorum
694 1107 807 1157 omnium
834 1107 889 1156 sine
915 1106 1089 1155 controversia
1105 1104 1312 1154 honoratissimo.

177 1182 231 1227 erat
248 1177 371 1227 Minerva.
406 1177 543 1241 Reliquum
559 1181 607 1239 est,
623 1180 654 1225 ut
685 1191 735 1240 quo
761 1174 868 1225 oonsilio
885 1175 933 1224 hoc
950 1175 1018 1223 inter
1036 1173 1104 1222 Iovis
1121 1171 1207 1222 laudes
1224 1177 1312 1236 poena
1407 1172 1413 1184 ¹

175 1246 299 1309 posuerit,
320 1245 390 1310 quod
407 1245 577 1296 neminemne
595 1244 714 1294 maiorem
732 1243 898 1307 generaverit,
915 1241 1027 1291 breviter
1043 1240 1192 1290 indicemus.
1215 1243 1311 1305 Atque

175 1313 203 1362 id
221 1312 322 1377 qnidam
338 1313 440 1377 gemina
457 1313 488 1362 de
505 1327 581 1362 cenea
598 1311 692 1362 lectum
709 1317 755 1361 est.
777 1313 836 1375 Ipse
853 1311 920 1360 enim
931 1313 1003 1360 crtn's
1020 1310 1138 1369 Saturno,
1156 1309 1236 1357 maior
1256 1324 1314 1359 suc

176 1386 281 1445 parente
298 1387 360 1441 eret,
377 1396 505 1447 regnoque
530 1394 586 1448 eum
609 1379 721 1443 expulit:
748 1395 821 1429 nemo
848 1384 932 1428 temen
957 1394 989 1428 ex
1005 1379 1064 1442 ip'so
1090 1380 1233 1436 natusest,
1254 1378 1309 1440 qni

176 1463 262 1512 parem
280 1449 304 1498 ei
322 1450 401 1501 ricem
419 1450 536 1499 reserretz
554 1448 622 1497 unde
638 1447 759 1510 illumimi,
779 1448 883 1509 invicti,
898 1446 1070 1510 similiumque
1087 1445 1217 1495 nominum
1235 1445 1310 1494 titu-

174 1517 208 1566 lis
226 1517 431 1567 cumuletusest.
458 1517 531 1567 evii.
542 1514 644 1567 Metam.
657 1515 713 1577 XV,
724 1517 780 1567 eet.
799 1515 845 1565 nbi
862 1514 930 1564 Iulie
947 1513 1049 1564 Caesari
1067 1516 1208 1579 Augustum
1224 1526 1309 1576 prae·

175 1584 264 1649 ponit;
282 1584 347 1648 „Sic
355 1587 450 1649 raagni
458 1585 529 1635 cedit
538 1584 624 1634 timlir
631 1586 839 1648 Agamemnonis
845 1583 958 1632 Airera:
968 1582 1058 1645 Aegea
1067 1584 1107 1630 ric
1121 1579 1242 1643 liccem,
1262 1583 1310 1630 ric

174 1651 254 1702 Pelea
272 1655 356 1702 cincii
371 1653 504 1703 Achillae.-
526 1653 654 1717 Denique,
673 1657 703 1701 ai
720 1651 848 1715 eacmplie
864 1654 937 1714 iprae
954 1651 1130 1714 aeqrecatihne
1146 1655 1222 1709 ater,
1253 1648 1312 1699 Sic

174 1725 201 1771 et
218 1720 342 1770 Saturnus
360 1721 444 1770 minor
461 1725 500 1770 eet
516 1721 604 1771 Iova.“
639 1720 688 1769 Sed
706 1724 843 1783 praeterea,
870 1717 1114 1778 caetratique,
1140 1717 1162 1765 si
1179 1717 1311 1781 Iuppiter

175 1804 233 1838 oum
250 1788 370 1849 Thetide,
395 1789 468 1837 cuius
491 1804 575 1837 amore
592 1788 731 1851 flagrabat,
755 1786 941 1848 concubuisset,
958 1792 1104 1835 nasceretur
1120 1784 1220 1834 tandem
1238 1784 1312 1849 ipsc

174 1858 235 1906 Iove
253 1855 340 1917 maior,
359 1856 453 1921 quique
473 1856 504 1906 de
521 1856 593 1906 caelo
610 1871 667 1904 eum
685 1861 711 1904 et
727 1855 815 1904 mundi
832 1854 941 1918 imperio
964 1854 1092 1914 deiiceret,
1117 1857 1146 1901 ut
1163 1853 1216 1916 ipse
1232 1852 1307 1901 olim

175 1926 320 1975 Saturnum.
340 1925 420 1991 Saepe
431 1925 479 1974 hoc
488 1925 544 1973 iovi
555 1924 667 1973 minatur
676 1923 840 1972 Prometheus
849 1922 916 1987 apud
924 1921 1086 1987 Aeschylum:
1095 1923 1164 1983 [907]
1180 1909 1231 1977 ,,,Ἠ
1239 1916 1311 1987 μὴν

175 1988 216 2043 ἔτι
233 1988 314 2063 Zeip,
341 1995 437 2060 καίπερ
465 1986 589 2053 αὐθάδης
614 1991 742 2059 φρενῶν,
769 1993 860 2040 Euros
886 1986 1026 2046 ταπεινὸς,
1056 1977 1115 2037 οἷον
1140 1983 1310 2056 ἐξαρτύεται

174 2058 269 2128 stipor
278 2062 386 2128 γαμεῖν,
406 2053 436 2115 ὃς
454 2056 539 2110 αὐτὸν
556 2057 584 2110 ἐκ
602 2056 890 2125 τυραννίδαςθρόνων
907 2051 928 2106 τ’
950 2053 1046 2107 ἄϊστον
1063 2054 1172 2121 ἐκβαλεῖ,
1190 2053 1313 2120 πατρὸς

175 2124 204 2178 δ’
224 2122 280 2195 ἆρὰ
297 2123 407 2195 Κρόνου
433 2121 488 2177 τότ’
514 2122 564 2188 ἤδη
593 2125 731 2183 παντελῶς
755 2122 955 2196 κρανθήσεται,
985 2128 1029 2173 Ην
1051 2120 1183 2175 ἒκττιτνών
1208 2119 1309 2190 ἠρᾶτο

175 2194 297 2258 δηναιῶν
313 2193 457 2263 θρόνων,“
492 2196 566 2253 Quod
589 2212 646 2245 cum
669 2195 725 2244 Iovi
748 2195 914 2256 innotuisset,
939 2193 1072 2243 Thetidem
1089 2191 1164 2242 Peleo
1186 2196 1314 2256 nuptum

174 2265 252 2317 dedit,
274 2264 459 2316 OvidMetam.
470 2264 516 2324 Xl,
526 2266 585 2316 221.
603 2260 742 2328 „Numae
758 2278 841 2312 renea
853 2261 958 2312 l'ieticli
966 2263 1083 2324 Proteia,
1102 2262 1166 2323 Dea,
1177 2260 1308 2322 dicer-at,

174 2334 270 2397 rendae,
290 2332 420 2399 Concipe:
437 2339 525 2383 maten
541 2335 595 2383 err'e
612 2334 711 2395 ireoerri,
729 2334 777 2396 qai
792 2331 908 2391 fortibus
926 2333 992 2380 actis
1010 2329 1078 2380 Acta
1095 2332 1183 2394 patrie
1199 2330 1310 2393 vincet,

173 2406 313 2466 maiorque
330 2403 469 2451 vocabitur
485 2400 541 2452 illo.
570 2399 653 2464 Ergo,
671 2414 704 2448 ne
722 2402 864 2464 qaicqrrom
881 2398 1064 2448 mrcndnrlove
1081 2397 1162 2446 maius
1180 2397 1309 2461 inter-et,

175 2468 300 2532 Quamvis
326 2469 400 2519 hand
423 2468 525 2534 tepidae
550 2469 722 2533 subportare
746 2471 868 2517 eenrmat
893 2469 980 2530 ignee,
1010 2465 1103 2530 lappil
1117 2481 1133 2514 ν
1149 2479 1312 2528 aeqrcoreae
1411 2524 1415 2537 .

177 2536 295 2588 Thetidis
321 2538 456 2587 connuhio
479 2538 562 2586 citat.-
588 2535 673 2600 lnqae
697 2550 746 2585 nea
764 2534 899 2585 Aeaciden
925 2533 1065 2583 antecedere
1091 2538 1152 2583 coia
1175 2538 1311 2597 nepotem

173 2605 261 2667 licerit,
280 2609 307 2653 et
323 2603 462 2668 omplennce
489 2607 518 2653 in
537 2605 652 2667 virginis
674 2606 715 2653 ire
736 2605 884 2654 marinac.“
920 2604 974 2659 Iam
999 2601 1077 2667 plane
1102 2604 1214 2660 constat,
1241 2602 1305 2651 nisi

173 2673 277 2722 omnino
295 2671 376 2732 fallor,
394 2671 425 2721 de
443 2671 551 2721 coneilio
567 2675 671 2736 poetae3
695 2676 725 2720 ut
742 2670 809 2720 nihil
827 2669 927 2735 quidem
945 2685 961 2719 a
978 2670 1037 2718 love
1054 2673 1200 2733 generatum
1216 2666 1311 2719 fuerit

173 2741 231 2806 ipso
248 2741 338 2801 maius,
362 2740 401 2789 vel
418 2755 522 2804 prorsus
539 2739 622 2788 simile
639 2739 664 2788 ei
682 2744 726 2788 ant
752 2738 903 2790 secundum:
921 2738 1085 2804 occupaverit
1110 2742 1192 2786 tamen
1209 2735 1309 2787 Pallas

172 2808 302 2874 proximos
320 2806 361 2856 illi
378 2808 486 2857 honores
503 2821 565 2872 prae
582 2810 666 2856 cetera
682 2807 751 2856 Iovis
768 2806 861 2858 sobole.

241 2878 283 2927 21.
309 2875 420 2925 Proeliis
437 2875 531 2924 caduca
548 2888 632 2939 neqnc
656 2881 680 2925 ie
697 2876 779 2925 silebo
797 2874 888 2937 Liber]
908 2875 961 2924 lam
985 2872 1046 2923 inde
1069 2887 1084 2922 a
1107 2872 1197 2923 veteris
1215 2872 1309 2924 Scho-

172 2943 262 2993 liastae
274 2943 381 2993 Acronis
399 2941 555 3007 temporibus
572 2959 646 2993 nemo
663 2948 708 3005 est,
727 2943 770 3008 qui
788 2960 840 2993 non
857 2944 905 2992 hoe
922 2939 997 2992 modo
1014 2954 1112 2990 versum
1130 2942 1307 3005 interpunxe-

173 3012 215 3074 rit,
233 3016 362 3076 tamqnam
379 3012 402 3060 si
420 3010 501 3061 Liber
516 3011 626 3076 proeliis
644 3011 737 3061 andan
759 3010 790 3060 ab
809 3011 918 3060 Horatio
935 3009 1069 3060 diceretur.
1105 3008 1179 3065 Quod
1201 3010 1309 3073 supine

172 3079 235 3131 adeo
253 3087 279 3129 et
296 3080 437 3130 oscitanter
454 3078 549 3128 lactum
566 3081 621 3128 iure
639 3079 769 3144 indignari
787 3079 912 3129 debemus.
948 3077 1106 3142 Quemquam
1129 3078 1195 3127 enim
1212 3077 1306 3129 laten·

172 3148 232 3198 dum
249 3154 294 3209 eet,
313 3147 345 3198 ad
361 3147 465 3197 ultimos
483 3147 560 3197 Indos
579 3148 700 3197 victorem
716 3148 844 3198 Bacchum
868 3160 926 3196 cum
943 3146 1088 3212 Satyrorum
1106 3161 1207 3195 snorum
1224 3145 1307 3197 Mae·

172 3217 316 3281 nedumque
333 3217 422 3282 thyaso
437 3221 596 3280 penetrasse:
614 3215 682 3264 unde
698 3231 728 3265 eo
745 3215 847 3266 nomine
865 3214 958 3265 arcdna
975 3218 1080 3264 vocatur
1092 3213 1194 3264 Valerio
1202 3214 1310 3267 Flacco

172 3285 202 3346 V,
220 3287 279 3336 498.
315 3291 448 3349 „qaolqae
480 3288 544 3332 ante
565 3285 651 3333 secati
673 3283 739 3334 Inde
762 3300 810 3333 nec
835 3282 955 3334 audacem
973 3281 1109 3333 Bacchum
1131 3297 1179 3331 nec
1196 3281 1306 3334 Peraea

172 3354 282 3417 reges:“
300 3359 325 3402 et
342 3353 370 3402 in
388 3351 602 3415 Gigantomaehia
618 3351 664 3400 sub
683 3350 765 3401 leonis
781 3350 893 3416 imagine
911 3350 1038 3399 Rhoecum
1056 3349 1189 3400 lacerasse:
1208 3354 1305 3402 tamen

172 3437 223 3470 non
241 3419 272 3469 ab
289 3436 341 3470 uno
359 3420 469 3469 alterove
495 3419 621 3480 facinora,
648 3419 692 3469 sed
718 3425 873 3485 aperpetuo
890 3417 985 3468 Bacchi
1013 3432 1081 3468 more
1106 3422 1132 3467 et
1149 3418 1308 3470 charactere

172 3488 283 3538 dandum
308 3488 351 3537 hic
377 3486 468 3536 luisset
493 3487 632 3553 epitheton.
668 3487 746 3552 Atqui
772 3487 887 3553 apoetis
905 3487 1018 3536 Bacchus
1036 3491 1165 3550 tamqnam
1181 3485 1307 3537 omnium

171 3557 282 3606 Deorum
298 3555 462 3605 mollissimus
480 3560 505 3604 et
521 3554 765 3616 meticulosissimus,
784 3556 835 3605 fere
853 3570 951 3620 semper
968 3553 1118 3604 traducitur.
1136 3552 1201 3602 Vide
1218 3554 1308 3607 modo

169 3624 349 3689 Aristophanis
366 3623 519 3683 Batrachos3
536 3623 582 3673 ubi
600 3623 677 3673 miros
694 3623 768 3673 ludos
787 3623 818 3673 de
835 3623 940 3688 ignaria
957 3622 1011 3672 eius
1030 3627 1055 3672 et
1073 3621 1212 3672 timiditate
1230 3621 1305 3674 facit

168 3697 301 3757 poetarum
318 3691 493 3741 facetissimus.
529 3690 598 3747 Quid
615 3691 713 3741 multa?
741 3690 780 3740 Ad
797 3692 926 3742 Palladem
942 3689 971 3739 id
988 3690 1145 3740 referendum
1163 3694 1214 3750 est,
1239 3705 1303 3742 non

169 3759 200 3810 ad
218 3759 353 3819 Liberum3
372 3766 397 3808 et
413 3758 507 3808 vitiosa
525 3758 659 3808 distinctio
676 3759 827 3824 corrigenda
849 3759 882 3809 ad
905 3759 973 3807 hunc
991 3758 1106 3808 modum:
1132 3757 1306 3821 ,‚l¹roaineas

168 3827 211 3878 ilii
229 3834 317 3878 tamon
344 3829 485 3892 occupavit
502 3826 593 3877 Pallas
610 3830 737 3890 honores,
765 3828 877 3878 Proeliis
901 3826 1000 3877 aadaa.
1036 3824 1128 3891 Neqae
1153 3831 1178 3875 te
1199 3825 1306 3892 silebo,

169 3895 273 3947 Liber.“
309 3894 384 3952 Quod
401 3909 477 3959 quam
495 3895 627 3959 aptissime
644 3895 745 3945 Palladi
762 3894 910 3955 conveniat,
929 3909 1018 3944 caecus
1035 3894 1111 3959 plane
1129 3893 1164 3943 sit
1181 3897 1304 3958 oportet,

168 3964 281 4028 quinon
299 3964 391 4017 rideat.
418 3962 550 4026 Siquidem
576 3978 630 4012 eam
652 3963 747 4028 passim
770 3963 812 4013 his
834 3962 919 4013 titulis
942 3965 1035 4011 ornant
1057 3965 1161 4027 poetae3
1180 3961 1303 4028 Bellica,

168 4032 303 4091 lacticinia,
322 4030 491 4096 bellipotens,
511 4030 638 4094 belligero
656 4036 717 4085 ete:
742 4036 768 4080 et
785 4031 875 4081 itidem
893 4030 992 4080 Graeci.
1025 4029 1150 4094 Virgilius
1166 4031 1229 4079 Aen.
1245 4028 1304 4095 XI,

168 4100 228 4151 453.
253 4100 443 4165 „Armipotens
472 4097 535 4148 belli
561 4112 667 4163 praeese
699 4097 822 4149 Tritonia
840 4099 953 4164 Virgo.“
978 4097 1075 4148 Statius
1085 4097 1147 4149 ailv.
1160 4097 1207 4159 IV,
1217 4101 1242 4160 5,
1252 4100 1303 4152 23.

163 4164 268 4231 Regina
287 4168 418 4218 beliorum
436 4164 567 4230 Viragc.“
601 4167 723 4217 Putidum
750 4174 814 4217 esset
841 4168 917 4233 plura
934 4181 1085 4230 congerere:
1117 4165 1161 4215 scd
1179 4171 1207 4215 et
1223 4166 1303 4219 illud
