2840 4762
512 270 706 320 Dnmcmo.
1149 274 1175 322 V

59 404 192 471 nationis
213 406 327 471 sicario
350 405 477 471 cultello
499 426 671 492 percussus
687 411 752 472 est:
774 405 864 471 irrito
885 405 1015 489 quidem
1031 407 1172 485 vulnere,

59 516 116 581 sed
136 515 221 581 haud
242 515 340 581 dubie
369 515 443 595 (nisi
472 535 627 602 praesens
647 516 776 582 Numen
797 516 984 594 avertisset)
1012 517 1101 583 letali
1129 518 1173 585 ad

57 624 240 710 praecordia
260 626 377 691 futuro.
420 626 498 704 Illa,
519 626 661 709 inquam,
684 626 764 701 dies,
789 646 886 709 quam
907 646 1002 692 carus
1024 627 1172 695 omnibus

57 736 185 813 viveret,
207 736 386 802 certissima
407 735 498 801 dedit
517 737 708 802 testimonia.
753 736 824 815 Quo
845 736 929 801 enim
952 736 1085 818 gemitu,
1107 758 1174 821 qua

56 845 215 911 hominum
238 845 468 932 trepidatione,
491 865 563 912 cum
586 847 715 912 saucius
737 845 780 911 ad
802 854 936 932 penates
959 867 1037 914 suos
1058 847 1172 914 lectica

56 955 179 1021 delatus
194 963 253 1033 est,
275 956 399 1042 primus
420 956 475 1022 ille
496 956 628 1023 nuntius
649 956 888 1042 accipiebatur?
920 957 983 1036 Qui
1005 966 1076 1024 erat
1097 957 1172 1024 civi·

56 1066 130 1132 tatis
151 1067 289 1145 habitus,
313 1066 367 1150 qui
391 1066 590 1148 singulorum
612 1067 725 1146 animi;
759 1066 834 1133 dum
860 1067 893 1132 in
916 1074 985 1132 arto
1008 1067 1063 1134 diu
1086 1068 1171 1133 salu·

55 1178 96 1242 tis
117 1177 291 1261 mortisque
313 1176 447 1243 confinio
470 1176 536 1251 (vix
551 1177 748 1263 Sospitatore
763 1176 818 1243 illo
832 1179 1023 1244 1111111110
1039 1177 1173 1244 laetiora

54 1288 236 1373 promittere
257 1292 349 1366 auso)
372 1287 438 1352 vita
459 1286 511 1353 Illi
533 1285 632 1352 dubia
652 1287 854 1353 traheretur?
875 1288 1116 1353 communitum
1138 1288 1172 1354 in

54 1419 116 1463 uno
139 1397 242 1484 eapite
262 1397 404 1485 periculo
425 1398 476 1465 vel
498 1398 539 1463 ab
562 1397 697 1464 aemulis
719 1398 954 1464 &adversariis
968 1417 1062 1465 veras
1076 1417 1172 1466 voces

54 1508 207 1574 eliciente.
240 1508 303 1589 Qui
324 1528 399 1575 vero
421 1507 529 1594 Ipsius
551 1508 672 1573 interea
693 1508 812 1586 vultus,
834 1528 932 1591 quam
952 1508 1003 1574 sui
1025 1507 1173 1574 consimi-

53 1619 116 1684 lis?
136 1620 164 1684 dc
184 1617 226 1683 ad
247 1625 406 1685 recentem
428 1618 527 1684 ictum
548 1618 720 1701 interritus,
743 1617 828 1684 &ad
845 1619 964 1685 lentam
985 1618 1172 1705 ancipitem·

54 1749 115 1813 que
143 1728 339 1794 curationem
374 1727 641 1815 imperturbatus:
679 1735 841 1811 tamquam
874 1730 926 1794 vel
958 1749 1019 1793 corr
1051 1730 1175 1823 datast

54 1840 169 1912 sulcos,
192 1839 244 1904 vel
259 1839 374 1906 saltem
394 1838 511 1921 ingens
532 1837 652 1904 doloris
673 1839 811 1924 pretium
832 1838 1048 1922 solatiumque
1062 1859 1171 1907 secum

54 1950 164 2029 ferret3
201 1954 274 2014 sirm
301 1948 410 2034 Ipsius
431 1955 559 2035 pectore
587 1948 721 2014 feliciter
748 1954 797 2014 est
824 1949 1051 2034 interceptum,
1085 1949 1172 2033 quod

54 2066 99 2139 [ut
119 2059 249 2125 credere
271 2079 330 2145 par
352 2065 414 2135 est)
434 2058 468 2124 in
490 2058 726 2125 sanctissimum
748 2060 902 2124 11111111
928 2065 1041 2145 pectus
1069 2080 1171 2143 quau-

54 2172 156 2253 doque
178 2169 409 2235 destinabatur.
452 2168 515 2236 Ubi
542 2168 681 2254 primum
707 2188 783 2234 vero
811 2167 978 2236 incolumis
1005 2169 1049 2235 ad
1076 2189 1171 2237 curas

54 2280 196 2365 publicas
218 2279 358 2360 redibat3
381 2298 445 2364 quo
460 2278 519 2347 Ille
541 2298 685 2356 occursu,
707 2298 772 2361 qua
786 2277 1030 2357 adclamatione,
1052 2279 1169 2363 quibus

54 2390 132 2457 uotis
155 2389 397 2474 ominibusque,
425 2387 504 2455 locis
525 2389 672 2455 omnibus
694 2395 847 2474 exceptus
869 2391 941 2455 est?
969 2388 1055 2468 Quid
1076 2396 1170 2458 notes

54 2520 91 2564 ea
104 2498 114 2584 11
134 2506 325 2587 tempestate
339 2497 497 2585 Principis
518 2517 623 2576 voces,
646 2497 725 2581 quid
746 2498 884 2565 Senatus
905 2498 1005 2566 totius
1026 2501 1168 2583 gratulor
1195 2520 1226 2574 p.
1240 2519 1290 2573 uu]

54 2608 154 2676 tiones
175 2612 440 2677 commemorem?
460 2607 493 2674 in
507 2609 649 2675 Annales
670 2609 781 2692 utique
795 2608 906 2688 ituras,
929 2628 1033 2693 neque
1055 2611 1101 2677 sic
1115 2631 1170 2679 su·

54 2722 115 2786 bito
148 2721 341 2804 fortuitoque
374 2739 520 2786 sermone
554 2718 647 2785 nobis
681 2718 880 2786 delibandas.
928 2721 1028 2786 Porro
1060 2727 1169 2790 autem

54 2851 132 2915 quas
161 2837 217 2897 tua
244 2839 336 2899 aetas
362 2831 396 2897 in
419 2829 541 2897 Ounno
569 2835 705 2895 naturae
734 2829 936 2896 doctriuaeve
964 2830 1056 2898 dotes
1083 2832 1169 2900 veris

54 2943 124 3007 ›lim
146 2941 298 3008 laudibus
318 2941 352 3007 in
373 2943 497 3008 caelum
519 2941 658 3019 ferebat;
681 2940 850 3006 sublimem
871 2943 899 3006 du
920 2946 1059 3008 erectam
1079 2942 1169 3009 indo·

54 3071 120 3130 em,
143 3051 309 3135 ingenium
330 3050 532 3118 demerendis
551 3049 734 3117 hominibus
755 3055 876 3130 natum,
898 3051 1018 3134 vigore.
1030 3072 1069 3118 ao
1089 3053 1169 3120 leni·

54 3168 114 3228 ate
134 3161 361 3229 mixtissimum
383 3160 541 3240 animum,
562 3160 775 3226 maximarum
796 3180 945 3228 curarum
967 3162 1028 3228 sub
1050 3160 1169 3229 altissi-

54 3291 120 3338 nae
142 3271 260 3357 quietis
282 3272 389 3358 specie
411 3291 577 3358 capacem,
607 3269 827 3336 diversissima
847 3271 937 3357 Reip.
958 3271 1069 3336 munia
1097 3271 1169 3358 pari

54 3380 155 3449 omnia
185 3382 339 3448 facilitate
370 3381 589 3465 felicitateque
616 3381 802 3460 obeuntem,
839 3381 1003 3446 literarum
1030 3380 1169 3464 denique

54 3494 169 3558 :ultum
191 3499 413 3579 promtamque
435 3511 562 3576 semper
582 3491 615 3555 in
630 3489 773 3557 eruditos
787 3490 1035 3556 munificentiam
1042 3514 1050 3569 ;
1072 3511 1169 3577 parce

54 3602 189 3682 andem,
210 3603 333 3681 Horati,
353 3608 506 3680 metuere,
528 3620 569 3667 ne
591 3621 631 3667 ex
651 3601 732 3679 illis,
767 3608 825 3666 aut
846 3599 940 3684 siqua
960 3600 1026 3668 illis
1046 3602 1170 3668 maiora

54 3719 138 3791 cunt,
167 3717 202 3778 in
232 3714 388 3780 Hsannuo
416 3710 592 3797 quidquam
621 3710 794 3781 desideres.
846 3710 974 3798 Quippe
1002 3711 1169 3779 &Noster

54 3824 86 3890 ul
108 3843 239 3890 summa
260 3823 367 3889 omnia
388 3828 503 3889 natura
524 3823 696 3899 formatus,
728 3821 898 3904 Patrisque
926 3821 1038 3908 optimi
1066 3823 1094 3887 b
1117 3842 1168 3887 sa·

54 3932 238 4001 ›lentissimi
259 3933 439 4021 praeceptis
460 3931 642 4010 innutritus,
664 3931 729 3998 iam
750 3933 906 3999 ateneris
929 3932 1030 3999 ferme
1052 3932 1168 4013 ungui·

54 4045 124 4113 :ulis
147 4063 191 4112 ea
211 4043 270 4112 Sui
292 4043 481 4110 documenta
503 4030 607 4121 dedit3
630 4042 749 4126 quibus
770 4049 837 4109 tum
859 4041 1005 4129 protinus
1027 4048 1168 4125 quantus

54 4154 139 4222 lodie
164 4160 214 4222 est
236 4154 360 4240 sperari
380 4175 419 4220 ac
441 4153 621 4240 praevideri
642 4158 799 4239 potuerat.
837 4152 918 4232 Quis
940 4152 1023 4218 enim
1046 4152 1097 4219 vel
1119 4153 1166 4218 tui
