2840 4762
205 223 246 285 30
603 237 635 297 e.
657 237 799 286 nonem
819 239 943 289 rnaccr

290 371 400 436 Donec
422 370 537 436 virenti
558 371 691 437 canities
714 373 807 438 abest

290 457 432 536 Meresa;
454 475 538 521 nunc
561 461 592 521 et
614 476 756 542 campus,
780 464 812 522 et
833 478 938 538 areae,

310 542 478 624 Lenesqne
501 541 561 607 sub
584 549 708 607 nectem
732 542 855 607 susurri

246 638 278 688 ae
334 625 509 710 Conposita
531 632 717 713 repetantur
737 628 832 693 hora:

291 713 385 776 Nunc
407 719 438 776 et
460 712 590 777 latentis
611 713 756 798 proditor
776 713 887 779 intime

293 796 413 862 Gratus
437 797 564 881 puellae
588 795 672 864 risus
694 798 735 862 ab
758 797 888 879 augule,

309 882 497 965 Pignneque
519 881 685 967 dereptum
708 882 847 961 lacertis,

336 966 401 1031 Ant
423 965 524 1049 digito
547 969 632 1032 male
652 967 817 1054 pertinaci.

560 1220 622 1283 AD
644 1119 955 1289 MER{URIUll.

288 1321 433 1400 Mercuri,
456 1321 594 1386 facunde
615 1341 716 1407 nepos
737 1321 887 1399 Atlantis,

291 1406 353 1486 Qui
376 1406 462 1472 feres
484 1406 589 1472 cultus
611 1406 775 1472 hominum
797 1412 958 1472 recentum
1000 1433 1007 1443 2

287 1492 372 1558 Voce
394 1491 540 1558 formasti
561 1498 661 1570 catus,
685 1498 717 1558 et
738 1492 873 1558 decorae

438 1577 526 1642 More
548 1577 746 1661 palaestrae:

201 1725 230 1777 ix
250 1722 337 1777 Πύλου
356 1722 412 1786 ἄξει
431 1720 588 1795 ἀμύντορας
605 1722 786 1795 ἠμαθόεντος,
805 1731 833 1778 Η
850 1721 897 1794 ὅγε
905 1725 951 1779 καὶ
967 1722 1142 1794 Σπάρτηθεν,
1162 1720 1252 1776 iuriae
1273 1743 1334 1797 περ

201 1789 272 1846 ierat
298 1790 412 1852 airnief‘
448 1797 543 1846 Seneca
561 1797 637 1847 Herc.
661 1798 722 1846 Fur.
749 1799 823 1850 1246.
849 1797 918 1860 „Per
934 1800 1029 1846 renota
1044 1796 1152 1859 generis
1168 1809 1255 1857 saera,
1274 1811 1336 1861 per

201 1867 244 1913 ius
261 1865 377 1913 neminie
398 1861 543 1929 [dirumque
559 1867 655 1929 nestri,
672 1868 728 1914 rice
744 1882 786 1915 me
803 1864 914 1915 altorem
932 1879 1025 1925 cocae,
1049 1862 1102 1913 Seu
1124 1866 1153 1912 tu
1175 1866 1330 1927 parentem.

268 1932 309 1983 24.
337 1931 394 1981 Atat
407 1932 492 1995 diffide
509 1932 580 1982 male
595 1934 740 1998 pertinace]
763 1934 883 1984 Imitatus
906 1936 944 1982 est
967 1931 1035 1982 hunc
1057 1930 1141 1981 lecum
1158 1931 1333 1995 Prudentius,

200 2000 228 2047 in
246 1998 354 2048 Praefat
374 1998 485 2050 Gathem.
499 2001 538 2051 14.
564 1999 657 2064 „lirin
675 2003 767 2064 iurgia
792 2000 1070 2051 teerbideeArmarunt
1086 2001 1197 2060 animes,
1215 2003 1240 2047 et
1254 2000 1332 2050 male

199 2068 318 2131 pertinax
336 2065 469 2118 Vincandi
490 2068 609 2118 cnidiam
630 2070 767 2119 subiacuit
782 2071 887 2120 cambas
910 2069 1037 2133 arperw
1071 2066 1164 2116 Verum
1180 2065 1234 2117 illic
1250 2069 1336 2120 male

197 2139 327 2201 portiana
352 2140 391 2185 est
408 2136 549 2200 praefracte
575 2141 600 2185 et
617 2135 745 2187 obstinate
770 2138 903 2203 pertinax;
929 2136 997 2202 apud
1022 2138 1136 2185 nestrum
1161 2139 1244 2184 auam
1270 2136 1339 2189 alic

198 2220 274 2254 sensu
291 2204 404 2270 ponitur.
439 2204 528 2269 Neque
544 2209 628 2255 aman
646 2209 685 2254 est
699 2221 798 2270 param
813 2207 958 2271 partiam
975 2208 1006 2254 ut
1021 2201 1099 2268 mulge
1116 2206 1256 2267 exponunt3
1280 2206 1334 2257 sed

199 2272 242 2335 qui
261 2272 366 2322 simulat
382 2289 408 2322 se
426 2275 582 2338 pertinacem
600 2288 662 2335 esse,
680 2278 806 2323 ettamen
824 2274 993 2339 pertinaciam
1003 2287 1075 2322 auam
1086 2271 1227 2336 expugnari
1238 2273 1331 2336 cupit

198 2340 379 2391 Eodamaecsu
388 2341 553 2394 Petroniuse.
563 2344 609 2393 at:
628 2341 731 2407 Irrepri
742 2348 838 2405 merten,
857 2348 882 2392 ct
898 2340 964 2390 mele
973 2340 1127 2405 repugnanti
1134 2339 1265 2403 gaudium
1278 2357 1332 2391 erc·

200 2412 273 2460 tersi.
308 2408 345 2460 Et
362 2414 448 2460 nester
464 2409 527 2460 alibi
552 2409 633 2460 carm.
648 2410 684 2472 11,
705 2411 745 2473 12,
765 2411 805 2463 26.
847 2410 902 2473 „lit
918 2409 998 2471 sacili
1010 2410 1122 2459 casada
1138 2412 1228 2472 negat,
1246 2405 1338 2469 Quae

195 2482 321 2544 poscente
337 2479 425 2542 magis
441 2478 561 2542 gaudeat
578 2479 675 2543 eripi.⁴‘

268 2548 290 2597 1.
316 2543 438 2595 Mercetri
459 2545 589 2608 facunde,
615 2560 698 2610 napos
716 2544 843 2607 Atlantia]
861 2544 980 2595 Laudant
1002 2543 1071 2593 hunc
1096 2541 1246 2592 versiculum
1261 2542 1335 2594 Pri·

198 2614 300 2662 sciamus
317 2628 343 2676 p.
362 2614 428 2675 tea,
447 2614 549 2663 Servius
567 2613 600 2663 ad
617 2614 680 2663 Aen.
690 2614 712 2676 Ι,
728 2615 787 2665 521.
805 2617 832 2663 et
845 2613 891 2677 IV,
906 2613 963 2665 558.
999 2610 1131 2661 Caeterum
1147 2610 1175 2659 in
1192 2608 1331 2678 omnibus,

197 2695 259 2745 quas
284 2680 353 2743 vidi,
386 2679 543 2731 editionibus
569 2679 634 2730 male
661 2677 867 2746 interpungitur:
894 2682 932 2732 sic
957 2680 1026 2730 euim
1051 2679 1244 2742 distinguendus
1272 2685 1330 2744 ast,

195 2746 347 2812 „Merertri,
370 2745 488 2807 faciende
504 2763 587 2814 nepem
603 2748 749 2812 Atlantir,“
782 2749 857 2804 Quod
872 2765 931 2800 cum
947 2749 1005 2813 ipsa
1025 2763 1115 2797 senam
1132 2746 1258 2810 elegantia
1276 2747 1332 2798 de-

196 2820 260 2878 ceat,
277 2820 332 2865 turn
349 2819 375 2864 et
383 2815 469 2866 Ovidii
486 2816 558 2867 locus
576 2833 606 2867 ex
624 2820 712 2867 nestro
728 2817 862 2867 manifeste
870 2832 1010 2882 expressus,
1019 2816 1087 2865 Faet.
1097 2815 1128 2877 V,
1136 2816 1194 2867 663.
1222 2812 1335 2878 „Clare
1411 2850 1412 2859 1

196 2899 276 2949 nepos
300 2882 425 2946 issanda,
450 2883 529 2936 ades.-
554 2899 631 2951 qaam
654 2887 789 2936 mentitae
814 2885 878 2936 cirin
895 2885 991 2936 Edidit
1006 2883 1133 2934 Arcadiis
1150 2882 1237 2932 Pleias
1260 2898 1331 2936 una
1411 2946 1412 2953 ἵ

196 2951 281 3005 Ioci.“
301 2950 352 3002 Ubi
370 2952 453 3002 obiter
469 2953 587 3004 mendum
605 2953 807 3004 occultissimum
823 2951 923 3004 abolere
940 2952 1049 3017 peteris:
1068 2950 1135 3017 qued
1151 2951 1230 3000 mirer
1246 2954 1331 3015 equi·

195 3019 252 3069 dem
275 3018 464 3086 sagacissimum
486 3022 624 3073 Heinsium
650 3037 701 3072 non
726 3019 873 3073 advertisse.
909 3021 977 3077 Quid
1002 3021 1070 3070 enim
1088 3023 1126 3070 est
1143 3018 1226 3069 Pleias
1243 3025 1337 3072 aaa?

194 3089 234 3138 An
252 3088 394 3154 perieulum
411 3094 478 3152 erat,
508 3106 538 3141 ce
562 3090 660 3142 duabus
677 3088 802 3140 matribus
827 3089 942 3154 genitum
965 3104 1018 3139 esse
1042 3088 1243 3152 suspicaremur?
1279 3088 1330 3140 Tu

194 3173 253 3206 vere
269 3156 325 3223 lege
342 3174 397 3209 mee
414 3157 543 3224 pericule;
561 3158 675 3223 „Edidit
690 3157 817 3209 Arcadiis
831 3156 1069 3208 Piei'arndaieci.“
1093 3156 1188 3221 passim
1202 3155 1331 3210 Pleiades

194 3226 262 3290 apud
289 3230 377 3291 poetes
404 3242 532 3292 epactae,
559 3226 700 3290 madidae,
731 3226 886 3287 imbriferae
909 3224 1080 3291 appellantur.
1116 3223 1165 3274 Sed
1195 3228 1221 3273 et
1246 3223 1329 3288 ipsae

193 3308 315 3357 personae
324 3294 536 3359 redasdicnutur‚
550 3300 580 3346 ut
590 3294 660 3345 ldcm
672 3294 742 3345 Faat
761 3295 797 3357 11,
810 3295 869 3345 eet.
894 3295 1043 3358 „Dircaeis
1059 3296 1213 3342 annumeret
1228 3307 1334 3346 umnec

196 3358 362 3412 Tiberinides
372 3362 461 3413 cesar
474 3363 509 3413 Et
516 3364 621 3429 Sappho
626 3363 724 3413 Phaoni
733 3380 739 3412 τ
749 3361 893 3425 „ceratiti
902 3367 964 3412 ante
974 3358 1154 3413 cenieelt'ai'ae
1163 3359 1329 3413 udameer.“

262 3432 285 3481 t.
314 3429 351 3479 Et
368 3430 480 3482 decerna
503 3431 580 3482 Mera
601 3431 764 3498 palaestrae]
790 3431 970 3496 Praeterquam
997 3428 1065 3494 qued
1089 3443 1175 3478 omnes
1200 3426 1260 3477 libri
1289 3430 1325 3482 in

194 3494 242 3546 hac
259 3495 369 3548 lectione
387 3499 549 3564 conspirant,
567 3499 666 3551 aceedit
683 3499 759 3548 etiarn
777 3498 889 3561 Servius,
907 3499 952 3563 qui
968 3499 1006 3548 ita
1021 3496 1108 3547 locum
1122 3496 1187 3546 citat
1203 3495 1235 3546 ad
1252 3497 1323 3551 deu.

192 3564 238 3628 IV,
248 3566 305 3617 559.
324 3570 350 3616 at
366 3566 518 3619 Lactantius
537 3568 569 3619 ad
587 3568 665 3619 Statii
683 3565 805 3617 Thebaid.
823 3565 867 3631 vl,
883 3569 941 3619 830.
976 3564 1068 3616 Daniel
1091 3570 1175 3614 umen
1192 3564 1324 3617 Heinsius

192 3647 240 3696 pro
257 3633 335 3683 solita
351 3649 397 3684 sna
414 3634 555 3705 neptepyip
579 3636 720 3687 incrustare
738 3634 794 3685 vult
810 3634 895 3685 locum
912 3635 1054 3694 sincerum3
1083 3638 1108 3682 et
1130 3632 1223 3682 mirum
1240 3647 1323 3697 quam

191 3699 330 3752 infeliciter
347 3702 461 3769 corripit,
485 3710 578 3769 „enim
602 3709 627 3755 et
645 3703 758 3754 decorae
782 3703 893 3754 tremore
919 3703 1096 3769 palaestrne‚“
1142 3698 1201 3752 Mer
1222 3700 1323 3765 palee-

190 3773 269 3832 cirae,
288 3774 327 3819 ast
342 3770 382 3821 lex
392 3778 418 3821 ct
429 3770 576 3823 instinctum
608 3772 743 3831 alternam
769 3776 797 3821 ut
814 3776 882 3821 recte
900 3771 1038 3837 explicarit
1055 3771 1094 3819 vir
1110 3767 1246 3820 immensae
1263 3768 1321 3820 lec-

190 3836 269 3888 tionis
286 3838 406 3890 Barthins
424 3840 526 3891 Adsere.
537 3788 658 3903 xxllttl,
670 3842 692 3893 l.
710 3839 877 3890 Terentianus
894 3839 999 3891 Maurus
1016 3839 1044 3889 in
1061 3838 1169 3889 Praefat.
1182 3841 1223 3890 ta.
1241 3837 1326 3903 „Mea

191 3908 344 3957 certaminis
362 3912 388 3958 et
404 3908 512 3975 medus,
536 3910 626 3960 Sudor
644 3908 707 3959 detra
730 3908 826 3959 coliate
844 3907 919 3958 cadit
933 3907 1018 3959 Natta
1040 3906 1110 3957 mele
1124 3906 1319 3972 palaestrica.“

190 3972 483 4039 attinerenxvmee.
507 3978 670 4041 ‚,(iaeraict
688 3980 738 4028 atti
763 3978 855 4027 ainata
874 3976 917 4027 iic
930 3976 1021 4026 radidi
1029 3977 1182 4025 certaminis
1191 3976 1322 4025 estmoe?

190 4038 228 4088 at
243 4044 318 4093 netis
336 4048 361 4095 st
378 4046 451 4110 epiris
469 4044 548 4097 latrem
568 4060 704 4097 cesaraeae
722 3993 858 4110 talarus,“
891 4044 1042 4095 Lactantius
1055 4042 1174 4094 Placidus
1191 4042 1224 4093 ad
1241 4042 1323 4099 evid.

189 4105 290 4160 Metam.
301 4109 332 4161 X.
351 4112 412 4163 Feb.
421 4112 467 4166 x1.
504 4112 587 4179 ‚stram
605 4112 781 4232 Hippomanes
798 4128 892 4163 meram
914 4114 1068 4163 certaminis
1084 4128 1139 4162 aaa
1157 4126 1320 4176 eapoeerce·

188 4178 255 4227 ret.“
290 4181 372 4245 Atque
390 4181 452 4233 hacc
470 4180 572 4249 quidem
590 4186 644 4234 atta
668 4179 828 4247 tliartlrius,
855 4182 898 4247 qni
915 4180 991 4232 lauda
1009 4196 1055 4231 sua
1071 4179 1175 4230 minime
1192 4178 1317 4230 fraudan-
