2810 4764
434 284 613 334 CARMINUM
625 286 692 335 LIB.
708 289 756 336 111.
777 283 802 336 6.
817 286 841 339 7.

121 430 152 480 45
166 417 330 483 Damnosa
351 416 430 500 quid
450 438 513 483 non
534 418 683 487 inminuit
703 422 795 492 dies?

162 504 261 568 Aetas
282 507 461 587 parentum,
482 502 573 590 peior
593 506 673 584 avis,
696 508 770 579 tulit

204 588 271 653 Nos
293 586 472 671 nequiores,
493 608 569 654 mox
589 589 721 659 daturos

246 673 436 755 Progeniem
458 672 664 742 vitiosiorem.

603 843 672 910 VH.

442 959 513 1028 AD
540 962 834 1034 ASTERIFN.

158 1092 246 1173 Quia
266 1093 334 1171 fles,
355 1094 491 1173 Asterie,
514 1116 609 1179 quem
631 1097 689 1163 tibi
711 1098 839 1166 candidi

158 1178 264 1244 Primo
286 1178 453 1245 restituent
473 1201 548 1246 vere
569 1182 713 1263 Favonii,

201 1264 250 1328 Th
295 1283 316 1328 a
335 1284 441 1331 merce
462 1265 601 1343 beatum,

271 1350 427 1416 oustantis
449 1348 596 1416 iuvenem
617 1350 681 1419 fide

128 1434 299 1518 sGygen‘l
325 1434 385 1501 Ille
405 1435 490 1501 uotis
512 1443 603 1503 actus
625 1439 667 1503 ad
690 1435 818 1502 Oricum

156 1519 236 1585 Post
254 1518 369 1585 insana
389 1518 515 1620 Caprae
537 1520 652 1600 sidem,
674 1521 810 1604 frigidas

197 1605 317 1671 Noctes
337 1624 401 1669 non
423 1626 492 1673 sure
513 1606 623 1673 multis

241 1689 400 1756 insomnis
421 1690 560 1758 lacrimis
582 1690 660 1773 agit

154 1773 254 1857 Atqui
275 1774 431 1841 sollicitae
452 1775 584 1842 nuntius
605 1777 762 1861 hospitae,

112 1871 142 1921 to
157 1859 328 1959 suspirare
350 1860 480 1940 Chloen,
502 1866 536 1925 et
555 1861 706 1928 miseram
728 1861 792 1928 tuis

196 1946 315 2010 Drceus
335 1945 465 2027 ignibus
489 1946 547 2018 uri,

238 2031 357 2094 Tentat
376 2030 464 2096 mille
483 2031 576 2097 valer
596 2028 711 2096 modis.

152 2115 198 2181 Ut
218 2115 369 2180 Proetum
390 2116 505 2180 mulier
526 2115 648 2215 perlida
669 2114 834 2181 credulum

149 2199 260 2266 Falsis
282 2199 315 2264 in
338 2200 433 2266 ulerit
453 2200 648 2280 criminibus,
670 2200 765 2267 nimis

108 2297 137 2347 15
198 2284 296 2352 Casto
314 2222 555 2372 bellerophonti

237 2371 397 2438 Maturare
417 2392 538 2451 necem,
560 2371 667 2438 refert

149 2454 272 2521 Narrat
292 2477 394 2542 paene
416 2456 527 2522 datum
547 2456 646 2523 Pelea
666 2458 811 2534 Tartaro,

147 2541 357 2621 Magnessam
377 2542 417 2608 Hi
442 2543 573 2628 polyten
595 2541 671 2607 dum
693 2541 779 2624 fugit
797 2541 977 2608 abstinenaz

193 2626 235 2691 Et
256 2646 389 2712 peccare
410 2564 553 2695 <fouentis

103 2721 136 2773 to
237 2712 353 2777 Fallax
374 2712 524 2778 historias
545 2718 661 2788 movet,
690 2766 692 2769 ,

148 2796 302 2863 Frustra:
324 2817 400 2862 nam
422 2797 562 2883 scopulis
585 2797 711 2863 surdior
730 2795 814 2861 Icari

146 2882 254 2948 Voces
274 2881 374 2966 audit,
396 2882 502 2947 adhuc
522 2881 657 2965 integer.
679 2887 714 2946 at
734 2881 793 2948 tibi

325 3017 347 3050 v.
366 3002 407 3053 20.
425 3000 510 3064 Forte,
528 3000 629 3051 Pellae.
665 3004 706 3053 20.
724 2999 800 3065 Vulg.
818 2997 923 3051 Mouet..

62 3137 145 3186 oritor-
161 3135 343 3201 probandam,
360 3135 433 3201 quod
449 3137 499 3187 boc
517 3138 596 3186 ctiam
614 3136 725 3187 laudari
740 3135 819 3186 modo
836 3134 910 3198 solat,
927 3139 959 3184 ut
966 3138 1076 3200 proprus
1087 3135 1187 3188 dictam

61 3201 90 3252 id
106 3206 150 3262 cit,
174 3219 228 3269 qao
246 3204 315 3253 nibil
331 3206 450 3254 inveniri
466 3207 552 3269 pascit
567 3204 781 3269 significantias.-
799 3208 830 3254 at
842 3202 906 3254 Cato
921 3201 1000 3265 dicit,
1017 3200 1044 3254 O.
1055 3202 1186 3259 Caesarem

59 3270 91 3321 ari
108 3270 274 3322 evertendam
291 3271 378 3336 Ramp.
398 3270 510 3323 sobrium
528 3272 678 3334 accessisse5
701 3277 733 3322 at
750 3268 890 3336 Virgilius,
908 3270 1050 3320 Deductum
1067 3287 1189 3337 carmen,

60 3344 86 3388 et
100 3339 245 3402 Horatius,
262 3340 350 3389 Acrem
369 3338 466 3401 tibiam,
484 3339 706 3405 Hannibalemque
723 3339 806 3390 dirum
815 3341 832 3368 ‘⁴
1201 3344 1204 3349 ’

127 3409 152 3459 4.
175 3405 328 3458 Constantia
350 3409 471 3458 iuvenem
488 3407 551 3470 tide]
568 3408 704 3459 Editiones
728 3407 873 3473 principes,
897 3405 994 3456 Veneta
1012 3410 1037 3456 at
1054 3406 1186 3473 Loscheri,

58 3472 217 3534 „Constanti
235 3478 354 3525 iuvenem
372 3475 446 3526 fluef‘
473 3480 500 3525 at
516 3476 676 3526 membranas
693 3492 780 3526 omnes
797 3475 957 3539 ubicumque,
978 3472 1143 3538 Constantia
1161 3483 1190 3527 et

59 3541 190 3605 plurimae
206 3543 285 3605 fidei3
311 3548 412 3593 nostrae
435 3548 503 3594 certe
520 3559 621 3604 omnes3
640 3544 692 3594 nisi
709 3543 776 3609 quod
792 3543 1000 3593 Zuliobemiauae
1016 3542 1074 3605 fidi.
1108 3544 1188 3596 Recte

58 3624 118 3661 vcro
136 3611 261 3661 Lambini
279 3611 386 3676 aliquot,
405 3616 430 3665 et
443 3610 551 3678 Gruquii
567 3628 634 3661 unua
649 3610 713 3691 fide,
730 3627 790 3663 casu
807 3611 929 3677 genitivo,
946 3627 1016 3661 mora
1033 3611 1105 3663 illius
1122 3614 1186 3664 acri.

57 3677 96 3728 De
115 3695 169 3744 quo
188 3679 246 3729 virle
264 3680 292 3729 A.
311 3679 421 3731 Gellium
440 3680 552 3743 1Χ,14.,
575 3680 735 3731 Prisoranum
752 3680 802 3730 fine
819 3679 881 3730 libri
898 3679 957 3731 vn.
976 3682 1011 3745 [p.
1030 3681 1104 3742 7801,
1121 3680 1185 3732 Vos·

58 3746 125 3797 sium
144 3747 179 3797 (le
197 3747 321 3812 Analogia
338 3748 382 3811 [IL
396 3750 436 3811 19]
453 3764 478 3814 p.
498 3750 556 3801 170.
580 3748 637 3799 Non
655 3749 740 3815 placet
756 3747 798 3799 hic
816 3748 951 3810 ablativus,
969 3751 1104 3799 constanti
1117 3748 1186 3810 fida,

57 3817 111 3866 tum
132 3815 204 3881 quod
221 3831 306 3867 omnes
323 3816 423 3866 codices
441 3816 612 3880 refragentur,
630 3821 684 3868 tum
703 3817 770 3883 quod
788 3822 925 3868 coartante
936 3817 1036 3878 Noster,
1053 3832 1106 3866 non
1124 3831 1185 3866 coa-

56 3887 152 3947 ctanti,
172 3883 257 3935 &cere
274 3884 409 3940 voluissetz
427 3889 457 3934 ut
474 3899 552 3949 supra
569 3884 668 3935 ostendi
686 3887 718 3936 ad
735 3884 816 3938 carm.
833 3885 854 3946 I,
865 3887 907 3937 25.
925 3900 948 3937 r.
967 3886 1007 3935 17.

128 3954 172 4004 20.
192 3951 291 4003 Fallax
313 3952 440 4003 lictorius
462 3954 562 4014 monet]
597 3951 704 4004 Codices
728 3958 778 4005 tras
801 3952 870 4019 apud
893 3951 1068 4015 Torrentium,
1097 3956 1122 4002 et
1154 3968 1185 4002 ex

58 4021 157 4071 nostris
175 4020 338 4082 Bodleianus,
356 4026 481 4085 mouet,
499 4036 551 4070 nou
568 4026 664 4072 monet.
690 4022 832 4087 Utrumque
849 4025 924 4072 recte.
953 4019 1058 4070 Ovidius
1066 4021 1120 4068 Art
1133 4021 1183 4082 ΠΙ,

57 4090 115 4139 obl.
156 4086 249 4152 „Quid
270 4091 345 4138 iuuat
369 4089 496 4153 ambages
518 4094 714 4154 praeceptaque
730 4104 821 4155 parca
844 4091 979 4140 mouere?“
1013 4087 1082 4138 Illud
1099 4092 1183 4143 taram

58 4156 144 4220 magia
163 4155 262 4221 placet,
285 4160 315 4205 ut
331 4156 467 4221 figuratius
485 4160 511 4207 et
527 4153 757 4224 ποιητικώτερον,
776 4157 910 4208 Historiae
926 4161 1025 4215 movet3
1048 4159 1079 4206 ut
1095 4154 1183 4222 Virgi-

58 4223 110 4275 lius
129 4222 174 4275 bis
195 4227 263 4286 [Aen.
281 4223 340 4290 VII,
359 4226 407 4278 641
427 4230 452 4276 ct
468 4224 501 4288 X,
516 4227 584 4288 1631,
602 4224 734 4290 „Pandite
750 4239 823 4275 nunc
839 4225 975 4287 Helicona,
992 4223 1065 4290 douo,
1082 4229 1184 4278 cautus-

924 4308 978 4360 11*
