2840 4762
104 514 105 517 ¹
204 496 252 545 hoc
262 494 354 554 iaciet;
365 499 409 544 aut
419 494 518 545 samiis
528 500 796 558 quaepraecesscrant,
806 510 858 543 nou
868 493 1024 543 incommode
1033 498 1205 543 connectatur.
1224 493 1335 544 Dixerat

198 279 244 340 24
589 293 621 353 Q.
643 291 784 341 nonum
805 290 929 339 resecr

204 431 254 487 tae,
272 431 327 476 tum
345 427 459 477 rhetores
468 429 493 476 et
501 426 634 476 historici:
653 425 737 476 sedin
747 441 777 475 eo
786 425 835 475 iam
846 425 1010 486 resvertitur‚
1029 440 1062 474 au
1074 425 1107 475 ad
1115 425 1220 475 Horatii
1229 442 1332 475 sensum

204 567 298 623 noster,
311 562 405 613 Pactus
414 578 468 612 csse
479 562 631 623 narrandos,
649 563 744 627 quibus
756 578 840 612 riuum
855 576 921 627 opus
937 566 976 610 est
986 562 1152 611 Athenarum
1167 561 1259 610 lucader
1269 577 1330 626 pcr-

202 637 287 697 peluo
298 633 416 681 carmine
423 632 553 696 prosequi
557 649 567 680 .·
579 629 643 680 adde
651 630 703 678 iam
712 630 818 679 istorum
832 633 1008 689 commentum,
1018 633 1043 679 ct
1052 628 1109 689 dic;
1120 628 1157 679 Et
1166 630 1268 679 Olivam
1276 644 1335 679 om·

202 701 282 749 nibus
292 698 433 749 arboribus
442 697 585 758 anteferre.
602 697 780 761 Numquamne
795 696 896 747 tandem
914 695 1070 762 ineptiarum
1082 696 1201 761 pigebit?
1218 698 1259 746 An
1268 713 1333 761 pcr-

203 771 314 832 petuum
324 765 448 815 eiusmodi
466 765 585 815 carminis
603 769 779 830 argumentum
797 769 852 814 erat
869 763 949 814 Olea?
983 763 1071 819 Quid?
1088 780 1121 814 an
1138 764 1237 829 reliqua
1251 765 1333 815 Athe·

203 850 294 884 narum
311 833 442 897 miracula,
460 848 607 896 quorumns
617 832 754 882 centesima
772 832 894 896 [quidem]
911 847 970 896 pars
989 835 1043 882 orat
1060 831 1122 891 olea,
1141 832 1245 882 silentio
1256 838 1334 882 erant

203 900 405 966 praetereunda?
439 900 505 951 Vide
521 900 596 950 modo
613 915 696 965 pauca
712 901 774 950 haec
792 899 923 950 Ciceronis
940 899 1023 960 verba,
1042 915 1088 964 pro
1104 899 1198 951 Flacco
1215 916 1270 965 cap.
1287 902 1334 954 ld.

203 968 354 1033 „Adsunt,“
372 968 417 1030 ait,
444 969 648 1032 ,‚Allrcaicures‚
672 967 740 1017 unde
757 968 915 1028 humanitas,
940 966 1072 1029 doctrina,
1105 967 1212 1032 religio,
1236 968 1331 1032 fruges,

204 1038 277 1100 iura,
294 1037 363 1101 leges
380 1041 465 1100 ortae,
485 1042 565 1101 utque
589 1040 618 1086 iu
643 1039 729 1086 ansuis
753 1041 840 1086 terras
863 1035 1022 1085 destributae
1036 1038 1205 1101 putantur,·“
1222 1041 1249 1085 et
1266 1051 1334 1100 quae

130 1152 135 1160 ,
203 1109 352 1170 sequuntur.
388 1104 503 1160 Quantus
522 1104 561 1154 vel
578 1105 608 1154 in
624 1104 666 1154 his
690 1103 807 1168 pauculis
832 1112 936 1168 campus
953 1103 1075 1167 aperitur,
1103 1119 1177 1167 quem
1193 1110 1270 1168 poeta
1287 1102 1333 1154 de·

203 1176 302 1225 currat:
321 1187 396 1237 quam
413 1172 538 1222 foecunda
555 1172 658 1221 laudum
675 1172 782 1221 materia
799 1172 841 1220 vix
859 1170 948 1220 multis
964 1169 1038 1221 libris
1054 1170 1232 1221 exhaurienda.
1260 1171 1334 1222 Adde

204 1245 300 1291 veteres
318 1240 447 1300 historias,
465 1240 528 1290 adde
547 1238 697 1289 nobilitatus
713 1237 826 1289 fabulas:
844 1239 906 1289 haec
925 1238 1010 1288 omnia
1026 1238 1126 1289 scilicet
1140 1239 1237 1290 intacta
1248 1244 1331 1289 trans·

203 1307 329 1359 mittenda
347 1312 426 1368 erant,
445 1312 474 1357 ut
490 1312 619 1373 perpetue
638 1311 759 1357 carmine
777 1322 847 1357 suam
865 1306 954 1368 oleam,
973 1307 1046 1371 quasi
1057 1307 1191 1370 repetitam
1203 1304 1335 1369 cramben,

204 1376 244 1426 vel
263 1375 296 1425 ad
312 1390 430 1425 nauseam
450 1391 529 1438 usque
547 1381 678 1440 ponerent.
715 1375 777 1424 Sine
795 1375 873 1425 dubio
891 1374 993 1439 quidem
1010 1374 1036 1423 iu
1061 1375 1108 1424 tali
1125 1379 1242 1439 poemate
1259 1390 1333 1425 suam

204 1449 303 1508 partem
320 1443 411 1493 hahuit
428 1443 558 1493 Minervae
575 1442 644 1504 olea;
663 1446 696 1505 et,
715 1443 737 1492 si
746 1442 773 1492 id
783 1443 933 1492 contendere
944 1441 1014 1503 velis,
1032 1442 1332 1508 habueritpraecipuam.

205 1511 255 1560 Sed
273 1511 335 1575 quid
354 1516 408 1560 tum
425 1512 533 1575 posteat
566 1511 605 1560 Ne
630 1510 677 1562 hoc
702 1511 804 1574 quidem
822 1511 914 1575 posito,
939 1511 975 1560 sic
999 1509 1099 1560 locutus
1122 1510 1200 1559 luerit
1225 1515 1330 1570 nostar3

207 1579 274 1628 Sunt
291 1579 334 1643 qui
353 1578 462 1643 integris
480 1578 555 1628 libris
573 1578 600 1628 id
611 1578 691 1628 solum
701 1579 846 1643 argumenti
855 1578 905 1628 sihi
917 1582 1071 1643 proponunt,
1089 1582 1119 1628 ut
1127 1578 1239 1630 Athenas
1249 1579 1334 1628 omni·

205 1648 253 1696 hus
270 1645 389 1696 laudibus
407 1647 435 1696 iu
454 1646 550 1696 caelum
568 1646 669 1710 tollant,
693 1651 719 1695 et
736 1646 830 1696 olivam
853 1645 961 1696 cuilibet
984 1644 1069 1696 hondi
1087 1645 1244 1697 anteferant:
1262 1647 1336 1710 quod

204 1713 311 1779 perinde
329 1718 394 1763 esset
411 1729 440 1764 ec
465 1714 488 1763 si
506 1713 600 1765 dixerit
616 1715 682 1779 quis,
700 1714 787 1764 Titum
804 1714 908 1764 Livium
926 1712 998 1764 CXL.
1015 1711 1088 1764 libris
1102 1713 1274 1764 Romanorum
1290 1730 1336 1765 res

204 1787 289 1847 gestas
312 1781 449 1845 laudesque
477 1780 623 1845 celebrasse,
651 1787 676 1831 et
693 1783 818 1832 nutricem
835 1781 936 1832 Romuli
955 1782 1062 1846 Lupum.
1097 1781 1217 1831 Viderint
1234 1783 1332 1847 itaque,

204 1850 250 1914 qui
268 1854 319 1898 tam
337 1849 454 1913 putidam
478 1851 619 1900 orationem
644 1855 696 1899 tam
720 1854 850 1900 emunctae
873 1850 943 1899 naris
966 1854 1055 1915 poetae
1076 1854 1184 1914 pergent
1200 1849 1336 1914 affingere.

272 1917 356 1967 Aliam
365 1917 432 1967 viam
440 1917 556 1968 instituit
565 1917 741 1968 celeberrimus
751 1918 859 1967 Thomas
869 1917 932 1967 Gale
943 1912 957 1966 d
970 1913 1131 1985 perspicus,
1152 1921 1177 1967 et
1185 1933 1233 1982 pro
1241 1934 1333 1967 recon-

204 1985 259 2035 dita
277 2001 323 2034 sua
340 1985 458 2035 doctrina
475 2001 566 2035 novam
584 1984 718 2035 lectionem
736 1984 845 2050 protulit
863 2002 893 2036 ex
910 1986 1019 2035 historia
1037 1990 1119 2035 vetere
1137 1985 1187 2034 sibi
1204 1985 1334 2036 oblatam·

204 2068 268 2117 quae
286 2058 325 2103 est
342 2053 502 2113 huiusmodi;
520 2052 663 2117 „Undique
680 2052 832 2118 decerptam
855 2053 921 2103 fonti
936 2069 1104 2119 praeponere
1121 2053 1245 2103 eliaam.“
1279 2055 1333 2103 Fa·

203 2119 265 2170 bula
281 2119 403 2170 nimirum
421 2125 482 2185 erat,
507 2121 574 2186 apud
593 2121 701 2171 Graecos
718 2120 859 2183 decantata,
884 2120 948 2171 Cum
964 2121 1025 2171 olim
1033 2122 1168 2185 Neptunus
1180 2121 1336 2173 ethliuerva

204 2188 235 2238 de
252 2189 411 2239 Athenarum
428 2188 509 2239 tutela
527 2194 667 2248 certarent;
686 2188 813 2254 placm'sse
829 2189 896 2253 Diis,
914 2194 944 2239 ut
961 2191 1016 2239 eius
1033 2193 1099 2238 essct
1116 2188 1184 2250 urbs,
1203 2189 1248 2254 qui
1274 2205 1335 2239 mu·

204 2273 253 2306 nus
269 2256 360 2307 melius
377 2257 529 2307 mortalibus
546 2257 709 2322 protadissett
746 2257 817 2306 Tunc
835 2256 984 2322 Neptunum
1001 2257 1154 2322 produxisse
1171 2258 1272 2317 saulem
1290 2260 1336 2320 (ut

203 2324 286 2374 voluit
303 2323 406 2391 Galeas)
424 2324 565 2375 Minervam
582 2341 641 2375 vero
660 2325 772 2385 eliaam,
791 2329 867 2388 atque
888 2341 942 2374 eam
959 2325 1034 2389 fonti,
1051 2324 1108 2375 Diis
1119 2324 1255 2386 iudicibus,
1275 2341 1336 2375 esse

203 2392 351 2457 praelatam.
386 2393 461 2443 Hanc
482 2393 513 2443 ab
531 2394 641 2443 Horatio
665 2393 811 2443 Historiam
829 2393 901 2457 tangi
919 2392 1056 2443 arbitratus
1080 2397 1118 2441 est
1140 2392 1180 2442 vir
1205 2391 1336 2457 eruditus,

204 2462 308 2525 eiusque
326 2465 441 2511 auctores
459 2459 547 2510 laudat
564 2460 641 2526 (quod
660 2460 790 2524 exipsius
808 2460 895 2510 codice
913 2463 1034 2525 comperi)
1052 2460 1221 2521 Herodotum,
1239 2461 1334 2512 Hime-

203 2529 270 2578 rium
289 2527 443 2593 sophistam,
461 2533 488 2578 ct
505 2528 615 2578 Lucium
638 2528 791 2594 Ampelium.
825 2529 963 2578 Enimvero
986 2528 1067 2578 multa
1089 2532 1157 2591 sunt,
1181 2544 1246 2594 quae
1270 2545 1335 2579 con·

205 2596 330 2646 iacturam
347 2595 412 2645 hanc
431 2595 578 2646 autminus
595 2596 754 2661 probabilem
771 2596 878 2657 faciunt,
897 2595 1066 2646 autiuuditus
1076 2600 1200 2648 evertunt.
1226 2597 1335 2662 Quippe

205 2663 258 2712 alia
275 2663 351 2727 plane
369 2662 470 2713 fabulae
488 2663 564 2713 huius
581 2665 702 2724 narratio,
721 2664 789 2728 apud
807 2664 933 2714 Romanos
951 2664 1107 2729 praesertim,
1132 2664 1250 2726 invaluit,
1276 2680 1333 2715 non

203 2729 305 2791 fontem
329 2730 436 2795 scilieet,
461 2730 504 2780 sed
527 2746 624 2796 equum
649 2731 806 2797 prosiluisse,
829 2748 887 2782 cum
903 2732 1039 2797 Neptunus
1063 2736 1155 2782 terram
1172 2736 1336 2797 percuterem

203 2797 270 2847 unde
295 2797 422 2862 Virgilius
449 2798 540 2863 Georg.
566 2800 587 2861 l,
618 2801 654 2850 12.
698 2804 798 2864 ‚‚tupue
821 2815 845 2861 c,
876 2803 923 2850 cui
950 2802 1042 2865 prima
1065 2800 1221 2861 frcureutom
1245 2799 1334 2852 Fudit

204 2881 296 2930 equum
313 2880 413 2930 magno
430 2865 509 2917 tellus
523 2882 653 2932 parmasu
672 2867 791 2930 ludenti,
808 2865 959 2932 Nepluuc,“
994 2867 1100 2918 Ovidius
1118 2868 1222 2918 Metam.
1232 2868 1276 2930 v1‚
1287 2872 1335 2920 75.

203 2934 301 2996 „Stare
319 2933 404 2983 Deum
420 2934 520 2999 pelagi,
546 2934 679 3000 longoque
696 2936 780 2994 scrire
799 2936 913 2985 tridente
929 2935 1032 3001 Aspera
1050 2950 1119 2985 sana
1135 2933 1212 2999 facit,
1229 2936 1338 2987 madio--

203 3017 255 3065 quc
273 3018 286 3050 e
303 3001 413 3051 perluere
429 3004 495 3051 sacci
511 3001 648 3053 Eailuisre
671 3003 778 3053 lerum.“
812 3001 848 3051 Ut
871 3018 961 3068 parum
988 3001 1125 3054 verisimile
1148 3004 1190 3065 sit,
1213 3008 1334 3055 nostrum

203 3068 235 3118 ab
253 3069 342 3119 amicis
360 3069 414 3119 suis
432 3069 459 3119 iu
477 3070 670 3121 narratiuncula
687 3071 734 3121 hac
758 3069 886 3121 discedere
911 3070 1029 3120 voluisse.
1063 3070 1120 3120 Hoc
1139 3071 1264 3135 primurn:
1284 3072 1330 3123 sed

204 3136 269 3187 illud
286 3138 376 3198 maius,
398 3136 465 3202 quod
483 3153 556 3188 namo
575 3139 708 3202 quisquam
726 3154 740 3190 a
757 3137 878 3202 Neptuno
901 3137 1012 3188 Fontem
1030 3143 1143 3188 creatum
1166 3144 1261 3200 narrat,
1287 3140 1334 3191 scd

204 3204 289 3268 Mare,
313 3206 366 3254 sive
388 3206 507 3267 fluctum.
543 3206 602 3269 Ipse
624 3206 778 3268 Herodotus,
802 3221 815 3256 a
842 3206 920 3256 Galeo
946 3206 1018 3256 testis
1043 3204 1167 3268 laudatus,
1194 3207 1268 3270 VIII,
1287 3211 1335 3262 55.

205 3268 355 3322 Θάλασσαν
372 3288 447 3323 mara
463 3273 587 3334 nominat,
605 3278 630 3324 et
648 3274 767 3324 similiter
785 3273 953 3338 Apollodorus
971 3274 1021 3337 111,
1041 3276 1080 3325 14.
1115 3274 1248 3325 Himerius
1265 3291 1331 3341 quo·

203 3357 251 3403 que
269 3340 337 3405 apud
354 3340 474 3390 Photium
491 3357 516 3406 p.
536 3342 610 3394 1134.
638 3343 720 3408 Κῦμα
737 3344 849 3403 [luctum
866 3341 986 3406 appellat,
1004 3358 1054 3406 quo
1071 3342 1145 3392 modo
1155 3347 1181 3392 et
1189 3342 1337 3395 Pausanias

202 3409 229 3457 in
248 3408 342 3457 Atticis
361 3424 415 3472 cap.
435 3410 476 3460 al.
513 3408 610 3459 Statius
633 3409 750 3474 denique,
774 3410 819 3459 ubi
843 3411 890 3460 hoc
919 3410 1022 3460 deorum
1048 3415 1174 3460 certamen
1197 3417 1334 3475 memorat,

203 3476 281 3525 Theb.
299 3475 356 3537 XlI‚
376 3477 432 3528 632.
468 3476 546 3541 „lpse
563 3492 668 3541 quoquc
685 3480 714 3527 iu
731 3492 838 3542 pugnas
856 3483 989 3528 vacuatur
1006 3477 1090 3540 collis,
1106 3479 1155 3527 ubi
1170 3480 1266 3542 ingens
1282 3478 1335 3530 Lis

202 3540 337 3608 supersim,
361 3542 449 3594 dubiis
473 3544 555 3594 donec
579 3561 649 3596 noca
672 3550 796 3609 surgeret
819 3545 893 3595 arhor
916 3543 1044 3610 llaepibur,
1069 3550 1095 3595 et
1112 3545 1194 3610 langa
1211 3546 1334 3612 refugum

202 3626 272 3660 mare
288 3611 430 3675 [taugeret
446 3612 576 3663 umbra:“
593 3613 656 3663 satis
674 3613 748 3675 clare,
767 3613 865 3678 opinor,
884 3612 990 3674 indicat,
1007 3613 1156 3677 Neptunum
1181 3629 1256 3664 marc
1273 3619 1333 3666 tum

202 3678 339 3729 creavisse:
359 3680 472 3742 quamvis
481 3680 634 3730 Lactantius
650 3681 696 3741 ibi,
714 3695 818 3745 prorsus
835 3685 993 3746 repugnante
1010 3682 1097 3742 Poeta,
1115 3680 1221 3746 Equum
1240 3697 1270 3731 ex
1290 3699 1333 3733 re·

204 3751 277 3811 cepta
295 3746 433 3796 traditione
451 3746 592 3798 substituit.
630 3747 773 3812 ‚‚Collem,“
791 3748 884 3813 iuquit,
904 3749 1068 3815 ‚,Acropoliu
1087 3749 1154 3798 dicit
1164 3764 1252 3799 arcem
1262 3748 1332 3801 Tlos-

203 3816 297 3865 barum
317 3814 402 3875 (immo
420 3831 478 3864 vero
495 3814 559 3880 lege,
577 3817 754 3875 Albanarum)
782 3815 813 3866 dc
831 3815 1020 3882 puaNcptuac
1039 3822 1064 3865 et
1080 3816 1335 3868 Mineruacdr'cr'tur

201 3882 285 3943 fuisso
309 3887 458 3933 certamen:
483 3898 611 3947 percussa
633 3882 759 3949 Neptuno
787 3889 859 3934 terra
877 3883 982 3949 Equum
1007 3884 1080 3934 dedit
1102 3884 1232 3935 iudicium
1256 3886 1333 3951 belli,

202 3950 341 4000 Mineruae
360 3965 421 4000 uero
439 3950 541 4000 Olivam
557 3954 635 4017 pacis
652 3954 765 4016 insigne.
800 3951 1015 4017 Magnitudinem
1033 3952 1138 4002 arboris
1161 3953 1276 4003 ostendit
1294 3971 1334 4005 ao

201 4018 312 4067 umbrae
330 4018 492 4081 aequalitate
519 4034 571 4083 qua
590 4020 743 4070 obscurat.“
778 4017 829 4069 Ubi
854 4020 947 4070 iterum
964 4035 1065 4084 repone,
1091 4021 1201 4071 umbrae
1218 4025 1330 4086 quanli·

204 4090 266 4136 iate.
301 4085 385 4134 Testis
403 4086 494 4135 tertius
512 4086 653 4150 ampelius,
678 4087 772 4136 citatus
791 4103 842 4137 nou
860 4087 1009 4153 respondet:
1027 4087 1095 4139 nihil
1111 4088 1179 4139 enim
1190 4090 1331 4154 quicquam

201 4152 233 4202 de
250 4152 298 4202 hac
315 4168 342 4201 re
359 4158 446 4203 namat
463 4153 494 4214 is,
514 4154 559 4218 qui
576 4170 591 4204 a
609 4154 734 4204 Salmasio
752 4155 780 4203 iu
797 4155 879 4205 lucem
897 4155 981 4205 editus
999 4161 1050 4205 est:
1069 4155 1148 4205 alium
1166 4163 1251 4206 autem
1264 4158 1330 4208 Am-

199 4219 299 4284 pelium
316 4221 410 4273 nescio.
445 4223 498 4270 lam
518 4237 577 4272 vero
595 4222 636 4271 cui
654 4222 801 4286 persuaderi
819 4223 922 4287 poterit,
946 4222 985 4273 vel
1002 4238 1070 4273 mare
1088 4223 1172 4288 ipsum
1190 4224 1230 4275 vel
1247 4224 1333 4278 salsos
