2834 4758
195 253 257 316 268
582 266 614 326 o.
637 265 779 313 nonaum
798 266 925 314 runeer

324 399 461 479 Quantis
482 399 634 482 fatigaret
654 399 765 480 ruinis,

237 499 269 549 ao
401 485 580 550 indomitus
601 504 701 571 prope
723 483 829 567 qualis
850 484 955 551 undas

278 571 415 635 Exercet
435 572 564 645 Auster,
586 569 755 636 Pleiadum
777 570 873 634 ehoro

280 655 451 722 Scindente
472 657 591 734 nubes;
613 654 741 740 inpiger
761 654 902 720 hostium

321 741 447 806 Verere
469 747 602 818 turmas,
626 746 658 804 et
679 742 867 804 trementem

397 825 523 890 Mittere
546 845 664 908 equum
685 824 809 890 medios
831 843 889 909 per
910 822 1005 905 iguis.

235 921 265 972 25
281 909 335 976 Sic
355 909 551 975 tauriformis
572 909 710 976 volvitur
730 908 876 982 Aufidus,

279 995 351 1074 Qua
373 1014 474 1076 regne
494 995 601 1059 Dauni
623 993 773 1080 praefluit
794 992 925 1078 Appuh,

322 1078 403 1144 Cum
426 1080 537 1158 saevit,
559 1079 816 1162 horrendamque
837 1078 931 1143 cultis

395 1164 558 1230 Diluviem
579 1164 744 1229 minitatur
765 1163 868 1245 agris3

371 1299 394 1332 vt
413 1284 454 1334 20.
473 1282 548 1346 Vulg.
568 1281 723 1332 Indomitus.
761 1284 801 1334 26.
821 1280 881 1343 eri.
918 1280 959 1331 28.
978 1277 1132 1330 Meditatur.
1155 1269 1168 1280 ‘

192 1416 219 1465 in
244 1433 295 1481 qno
318 1415 375 1466 loeo
399 1417 527 1482 aequiores
552 1416 652 1467 codices
676 1415 771 1467 habent
789 1419 904 1477 eineres,
931 1424 958 1466 ut
981 1415 1023 1465 hie
1047 1414 1135 1466 nostri.
1170 1415 1329 1467 Retinemus

191 1486 277 1534 tamen
296 1487 406 1549 eineres,
425 1490 454 1535 ut
471 1485 566 1534 vitetur
582 1482 745 1552 κακοφωνία
763 1501 819 1534 rem
837 1485 931 1544 fucere.

261 1554 302 1604 te.
327 1552 440 1615 Quantis
462 1552 596 1616 fatigaret
617 1555 714 1616 ruinis]
750 1553 907 1602 Graevianus
930 1554 1016 1601 noster
1045 1555 1071 1600 et
1087 1550 1242 1615 Baginensis
1270 1567 1328 1601 eor-

192 1625 281 1686 rupte,
306 1620 448 1683 fatigarat.
485 1621 607 1671 Nicolaus
631 1621 753 1672 Heinsius
785 1622 813 1669 in
837 1637 882 1670 ora
905 1620 946 1668 sui
968 1618 1037 1683 libri,
1061 1616 1192 1682 ‚,Fcrte,“
1223 1620 1328 1684 inquit,

191 1688 363 1753 „fatigurit.“
399 1689 449 1738 Sed
475 1696 577 1753 recepta
597 1689 677 1738 lectio
703 1704 766 1738 sane
783 1694 828 1738 est.
867 1690 906 1738 Ilo
930 1688 986 1752 ipso
1013 1691 1124 1751 tempore
1148 1687 1325 1751 spectandus,

191 1763 245 1808 tum
263 1772 321 1806 eum
338 1754 476 1821 fatigaret.
513 1757 542 1806 Si
558 1756 653 1821 legeris
671 1756 807 1821 fatigarit,
826 1762 879 1806 tum
897 1756 944 1804 hoc
963 1754 1040 1817 dices,
1058 1752 1139 1804 Nunc
1155 1756 1325 1819 spectandus,

191 1825 294 1890 quantis
311 1824 394 1874 ruinis
412 1825 476 1874 elim
493 1825 647 1889 fatigaverit.
684 1825 757 1881 Quod
774 1824 859 1889 priore
876 1823 924 1873 illo
943 1823 1054 1872 deterius
1072 1826 1118 1872 est.

259 1894 301 1946 20.
335 1892 483 1942 indomitus
508 1908 594 1957 prope
618 1893 715 1956 qualis]
751 1892 882 1943 Tiberium
904 1893 1026 1941 victorem
1055 1892 1149 1940 Austro
1179 1895 1324 1956 comparat,

190 1962 302 2012 Rhaetos
325 1960 408 2009 undis.
444 1960 509 2010 Vide
533 1961 635 2024 itaque,
660 1977 710 2025 quo
737 1960 844 2010 oonsilio
867 1960 894 2009 id
916 1958 1033 2024 protulit,
1058 1958 1215 2021 „Indomitas
1232 1974 1325 2024 prope

190 2029 279 2094 qualis
304 2029 385 2078 undas
410 2028 529 2078 Exercet
552 2029 676 2080 Auster‚“
717 2029 776 2078 Seio
808 2028 924 2092 equidem
953 2026 1066 2091 generali
1096 2027 1210 2091 epitheto
1243 2042 1325 2077 marc

190 2097 350 2147 indomitum
368 2097 452 2161 poetis
470 2095 529 2158 diei,
548 2101 577 2145 ut
595 2096 689 2146 Ouidio
709 2095 786 2146 Trist.
804 2096 826 2159 Ι,
843 2097 878 2147 12.
899 2098 939 2159 [ll
960 2111 982 2145 v.
1002 2096 1044 2157 39]
1071 2094 1179 2212 „lueth
1198 2097 1226 2144 in
1246 2095 1324 2144 indo·

190 2165 253 2215 mito
279 2164 395 2215 trientali
418 2164 476 2214 luce
500 2163 654 2230 profundo.“
698 2163 802 2214 Tibullo
825 2165 859 2225 ll,
884 2165 908 2216 3.
928 2166 961 2225 [v.
980 2165 1023 2224 45]
1050 2161 1164 2225 „Claude
1200 2167 1227 2213 et
1244 2163 1324 2212 indu·

189 2233 280 2283 mitum
297 2233 379 2282 meles
396 2236 490 2281 mare.“
508 2238 534 2281 et
543 2233 577 2295 11,
596 2234 620 2284 5.
640 2235 673 2296 [v.
683 2234 725 2295 80]
745 2232 892 2296 „Prodigia
910 2230 1042 2281 indomitis
1053 2246 1144 2295 merge
1160 2231 1207 2280 seth
1225 2246 1325 2296 aequo·

189 2300 286 2350 ribus.“
312 2300 405 2351 Verum
423 2300 487 2350 illud
505 2301 532 2349 in
550 2301 598 2350 hac
616 2301 805 2364 comparatione
823 2299 952 2364 displicet3
976 2299 1042 2364 quod
1056 2298 1175 2365 Rhoetus,
1194 2300 1323 2362 qnosiam

189 2371 278 2420 ruinis
301 2368 434 2433 fatigatos
461 2369 575 2432 dixeram
598 2372 687 2432 postea
710 2368 853 2418 indomitos
878 2366 997 2432 appellet.
1033 2365 1200 2422 Quamobrem
1218 2367 1322 2428 dubito,

189 2452 273 2487 annon
292 2436 327 2498 id,
351 2436 418 2500 quod
436 2441 538 2501 recepta
554 2437 632 2486 leutio
652 2436 758 2486 Rhaetis
776 2436 898 2500 assignat,
923 2433 1027 2484 Tiberio
1048 2435 1136 2499 potius
1153 2432 1323 2486 tribuendum

189 2506 230 2566 sit,
254 2505 322 2554 huuc
346 2504 373 2553 in
397 2504 512 2554 modum:
542 2505 665 2569 „Deuotu
686 2506 769 2554 morti
789 2508 899 2568 pectora
924 2503 1022 2553 liberae
1048 2502 1162 2565 Quantis
1183 2503 1323 2568 fatigaret

189 2575 284 2633 minio,
303 2571 442 2622 indomitus
457 2585 544 2637 prope
561 2573 649 2636 queue
666 2572 755 2622 uades
771 2571 889 2621 deterret
904 2570 1029 2620 Auster.“
1054 2569 1128 2625 Quod
1145 2575 1171 2620 et
1188 2586 1218 2620 eo
1235 2571 1322 2636 magis

188 2641 288 2705 placet3
307 2640 367 2703 quia
388 2640 504 2703 geminus
530 2639 590 2688 huic
608 2644 633 2688 et
651 2656 786 2703 germanus
804 2644 843 2689 est
861 2638 945 2688 Ovidii
963 2638 1042 2701 locus,
1059 2638 1178 2704 Epistola
1197 2638 1321 2704 Sapphus

190 2708 261 2770 [Her.
280 2706 346 2769 XV],
364 2723 387 2756 r.
406 2708 430 2759 9.
448 2705 544 2768 „tirou
563 2712 601 2769 ut,
626 2707 758 2757 indomitis
783 2708 869 2772 ignem
896 2707 1070 2757 exercentibus
1096 2706 1183 2768 Euris,
1206 2706 1320 2757 Fertilis

197 2777 314 2825 accensis·
344 2774 470 2823 messibus
500 2774 579 2824 ardet
608 2778 701 2838 uger·,“
740 2775 818 2827 Vides
848 2773 889 2826 hic
913 2774 1055 2825 indomitos
1079 2774 1167 2824 liures
1191 2790 1321 2826 eaereere

189 2845 287 2908 iguem,
311 2840 387 2907 plane
410 2846 440 2891 ut
463 2842 531 2908 apud
555 2841 676 2892 Flaccum
703 2860 734 2893 ex
756 2848 844 2893 nostra
868 2843 1024 2894 correctione
1048 2843 1193 2892 indomitus
1217 2843 1320 2893 Auster

194 2914 302 2960 exercet
319 2909 411 2959 rtudua
447 2910 484 2959 lu
500 2909 614 2976 profecto
639 2928 695 2961 eum
713 2912 775 2962 haee
794 2910 915 2961 scriberet
935 2911 1010 2973 Naso,
1029 2910 1106 2960 verbe
1122 2911 1187 2976 ipsa,
1205 2910 1236 2960 de
1261 2911 1319 2976 qui·

187 2977 236 3028 bus
261 2977 367 3042 agimus,
393 2977 421 3028 in
440 2984 524 3029 mente
541 2979 638 3029 hahuit.
675 2978 744 3035 Quin
764 2984 789 3029 et
806 2979 966 3046 Porphyrion
983 2979 1021 3028 ita
1039 2978 1108 3040 olim,
1127 2982 1156 3027 ut
1172 2994 1240 3028 nune
1260 2996 1317 3044 nos,

187 3046 280 3112 legisse
304 3045 443 3097 censendus
468 3052 513 3098 est.
549 3047 592 3097 Sic
616 3046 684 3097 enim
708 3042 894 3115 παραφράζει,
921 3045 1032 3110 ,studiis
1056 3052 1095 3096 eet
1118 3047 1231 3111 Auster,
1255 3062 1318 3097 eum

188 3121 251 3165 ertu
260 3113 442 3183 Virqiliurum
459 3131 505 3165 seu
524 3115 662 3165 Pleiadum
680 3116 824 3165 concitatus
842 3119 948 3165 exercet
965 3114 1083 3164 undae“:
1101 3113 1147 3163 ubi
1164 3116 1318 3166 concitatus

187 3183 338 3248 respondere
361 3183 462 3233 videtur
485 3184 524 3246 rui
548 3183 705 3244 indemitur3
730 3183 817 3233 undas
842 3199 899 3232 vero
923 3184 1037 3249 epitheto
1056 3186 1132 3232 earet.
1167 3183 1246 3232 Porro
1265 3184 1317 3233 Ga-

186 3250 275 3301 leanus
300 3255 386 3300 noster
408 3251 529 3301 mendose
547 3252 658 3315 praefert
676 3251 826 3313 indomitos,
845 3251 912 3315 quod
930 3250 995 3300 forte
1013 3250 1044 3300 ab
1063 3251 1209 3301 indomitus
1225 3256 1317 3301 natum

186 3335 239 3369 esse
257 3318 380 3368 videatur.

254 3386 294 3437 24.
320 3384 421 3436 Medios
445 3401 493 3451 per
517 3388 603 3450 ignee]
638 3385 749 3448 Mallem,
775 3385 797 3435 si
828 3386 918 3451 scripti
951 3385 1047 3436 codicis
1078 3386 1217 3435 auctoritas
1243 3400 1317 3436 ecce·
1410 3430 1411 3437 ,

187 3453 264 3513 deret,
289 3455 422 3518 ,impiger
445 3454 560 3503 hostium
586 3453 694 3504 Veoeare
718 3459 833 3515 turmas,
862 3460 888 3503 et
911 3452 1066 3514 frementem
1091 3452 1197 3504 Mittere
1217 3468 1317 3518 eurtum

186 3520 286 3570 medios
310 3535 358 3585 per
381 3524 480 3571 enses.“
521 3520 604 3571 liures
633 3522 700 3571 enim
731 3530 787 3571 eum
815 3523 930 3572 hortium
963 3525 1058 3572 tunnis
1081 3522 1167 3586 aptius
1190 3521 1316 3588 coniungi
1378 3553 1383 3563 ·

185 3588 311 3650 videntur,
324 3603 399 3652 quem
408 3590 490 3653 ignes.
505 3588 603 3639 Statius
612 3588 732 3652 Theou,
743 3592 800 3642 709.
810 3592 880 3652 [714]
899 3593 933 3652 ‚‚i,
946 3589 1049 3655 praelia
1058 3591 1195 3639 miseePer
1201 3589 1317 3639 Danaas

186 3660 264 3720 ecies,
282 3656 427 3721 mediosque
445 3672 491 3721 per
509 3657 600 3707 obuius
619 3660 717 3708 enses.“
744 3658 815 3708 idem
825 3658 883 3721 VII,
901 3659 959 3709 488.
980 3659 1050 3720 [487]
1069 3659 1226 3723 ,precipiam
1238 3658 1315 3721 iussi,

185 3725 331 3791 mediosque
355 3741 401 3789 per
424 3740 496 3775 enses
513 3725 588 3793 Durat
605 3728 683 3776 iter.“
718 3730 744 3776 et
756 3726 851 3777 ibidem
871 3727 928 3777 280.
964 3724 1069 3790 ,Mucia
1087 3728 1176 3775 animo
1195 3728 1314 3775 iuuenis:

185 3794 281 3845 medios
302 3798 388 3859 purat
403 3796 444 3843 ire
461 3809 506 3858 per
524 3809 595 3843 enses
613 3791 747 3859 Nudaque
764 3810 814 3860 pro
834 3796 904 3844 euris
922 3808 1057 3858 opponere
1073 3798 1183 3858 pectora
1201 3795 1315 3843 mrcrr‘c.“

186 3862 265 3913 Silius
289 3861 347 3912 Ital.
371 3862 418 3912 Ill.
446 3865 479 3924 [v.
505 3863 561 3923 120]
592 3864 667 3923 „ruis
690 3863 759 3926 ipsos
785 3878 846 3912 acer·
871 3862 899 3910 in
924 3877 1010 3923 enses,
1037 3861 1208 3926 Obieetusque
1232 3867 1317 3926 eaput

186 3931 270 3982 telir.“
302 3930 392 3995 Virgil.
418 3931 478 3981 den.
498 3927 546 3991 IX,
564 3931 622 3982 400.
642 3945 694 3994 „uu
718 3946 773 3980 sese
797 3930 893 3980 medios
917 3933 1065 3979 moriturus
1088 3930 1116 3978 in
1141 3927 1243 3979 enses*l
1262 3927 1314 3978 dn·

184 3998 269 4061 serat,
295 4003 322 4048 et
346 3998 488 4063 palearem
509 4002 637 4064 properet
658 4013 708 4062 per
726 3998 838 4047 vulnera
861 3999 999 4046 mol·tem.“
1032 3995 1102 4047 Idem
1119 3997 1208 4061 Eclog.
1227 3995 1259 4060 X,
1270 3998 1312 4047 45.

184 4065 263 4129 „Tela
280 4066 349 4115 inter
366 4065 456 4129 media,
476 4071 557 4129 ulqrce
574 4064 700 4115 uduerros
718 4066 817 4115 detinet
833 4067 946 4115 'eostur‘
965 4069 990 4115 ct
1007 4068 1070 4116 Aen.
1089 4064 1122 4126 X,
1140 4065 1197 4116 237.
1217 4078 1313 4128 „metro

184 4130 314 4197 fossisque
339 4137 428 4182 luetur
451 4132 512 4181 Tela
535 4133 602 4182 inter
620 4133 711 4194 media,
730 4138 810 4198 utque
833 4134 967 4183 tenende
991 4131 1078 4182 Marte
1095 4130 1232 4183 Latinor.“
1250 4129 1313 4196 XlI,

236 4213 259 4263 ⁶)
275 4214 342 4265 [enses
357 4214 452 4262 Servius,
466 4216 533 4255 testu
547 4215 605 4257 Med.
621 4217 644 4256 et
657 4215 716 4256 Rom.
734 4215 794 4257 eodd.
810 4218 833 4257 et
846 4214 915 4267 serr]
