2810 4764
306 268 489 317 CARMINUH
509 270 575 317 Lm.
598 266 684 319 1v.1.
706 265 730 319 2.

90 405 122 467 'ee
141 406 251 466 certare
271 406 361 468 ruvat
381 422 479 482 mero,

99 487 158 552 Nee
176 484 288 552 vincire
309 486 400 553 novis
422 494 566 574 tempora
587 487 729 558 floribus.

90 571 118 637 ed
138 590 189 636 eur
207 570 282 637 beut
305 571 469 653 Ligurine,
492 593 549 639 eur

97 656 195 721 Manat
213 676 285 721 rara
305 676 396 723 meas
416 658 549 724 laerima
569 680 628 746 per
648 665 773 744 genas?

90 762 122 805 ur
140 741 270 806 facunda
291 762 404 827 parum
427 743 541 809 deeora

95 828 175 892 Inter
193 827 288 892 verbu
310 826 396 893 eadit
416 827 528 911 lingua
550 829 700 898 silentio?

90 910 215 977 saturnis
236 932 297 994 ego
320 912 451 979 somniis

94 997 158 1061 Iam
179 1003 302 1082 captum
325 1003 427 1076 teneo,
450 997 515 1063 iam
537 1000 697 1067 voluerem
720 1020 837 1086 sequor

90 1104 99 1148 r
119 1102 173 1167 per
192 1081 335 1163 gramina
356 1082 461 1148 Martii

97 1167 211 1253 Campi,
233 1174 264 1232 te
286 1187 345 1253 per
365 1188 478 1251 equas,
501 1169 590 1248 dure,
612 1170 773 1240 volubilis.

496 1339 538 1405 II.

230 1455 296 1519 AD
325 1452 597 1524 ANTONIUM
624 1459 794 1526 IULUM.

90 1589 215 1654 odarum
238 1586 385 1672 quisquis
408 1591 515 1656 studet
536 1593 700 1673 aemulari,

90 1677 125 1750 le,
149 1672 260 1739 ceratis
283 1693 344 1759 ope
364 1676 532 1742 Daedalea

90 1761 165 1825 titur
185 1758 307 1844 pennis,
322 1760 429 1826 vitreo
451 1762 586 1829 daturus

163 1843 299 1910 Nomina
322 1852 428 1929 ponto.

90 1936 151 1994 mte
173 1929 343 1995 decurrens
365 1931 453 1997 velut
474 1930 587 2011 amnis,
610 1933 728 2001 imbres

90 2036 148 2080 rem
172 2034 269 2099 super
290 2023 382 2080 netas
404 2017 514 2083 eluere
536 2018 633 2104 ripas,

91 2104 170 2175 rvet,
192 2098 421 2183 inmensusque
443 2103 507 2167 ruit
527 2104 685 2189 profundo

161 2183 320 2251 Pindarus
342 2205 414 2264 ere3

92 2289 172 2335 urea
195 2270 363 2343 donandus
385 2271 573 2357 Apollinari,

90 2377 107 2419 u
131 2375 191 2440 per
211 2355 344 2420 audaeis
366 2376 449 2422 nove
471 2357 692 2442 dithyrambos

90 2441 149 2505 rba
172 2439 322 2518 devolvit,
345 2442 549 2526 numerisque
571 2444 672 2508 iertur

161 2526 253 2608 Lege
276 2526 404 2592 solutis:

90 2631 105 2673 u
127 2611 229 2689 Deos,
252 2630 385 2692 regesve
408 2611 493 2678 eenit
514 2614 656 2678 Deorum

90 2695 255 2777 eguinum,
277 2716 335 2782 per
356 2718 437 2781 quos
460 2697 602 2764 eeeidere
623 2699 709 2765 iusta

349 2815 372 2848 v.
393 2801 431 2851 13.
451 2798 524 2866 Vulg.
547 2799 690 2867 liegarqae.

90 2914 239 2966 Nocturnis
264 2921 289 2965 ie
312 2932 361 2982 ega
377 2920 496 2980 somniis]
532 2918 600 2968 lllnd
619 2924 643 2968 te
649 2957 657 2982 ,
684 2918 751 2983 quod
774 2918 899 2968 editiones
917 2916 1038 2968 Lambini
1056 2923 1082 2968 et

104 2982 226 3044 obsedit,
250 2989 326 3048 etque
350 2984 410 3035 inde
434 2985 461 3035 in
485 2985 570 3050 plures
588 2987 727 3036 derivatum
751 2990 803 3048 est,
829 3002 879 3037 non
904 2990 1032 3051 comparet
1054 2987 1084 3036 in

91 3057 121 3101 ut
140 3051 299 3116 Oraquiaua.
335 3054 423 3117 Neque
447 3058 589 3117 agnoscunt
612 3055 708 3118 seripta
731 3053 783 3104 iere
807 3053 969 3118 exemplaria.
1004 3054 1083 3104 Grae·

90 3137 138 3169 :nm
158 3120 303 3169 Bodleiano
326 3120 420 3180 alter03
445 3119 610 3183 „Neetmrn‘r
634 3136 682 3187 ego
708 3127 733 3173 te
750 3124 887 3171 samaiir.“
921 3122 1083 3186 Reginensis,

90 3192 117 3237 is
138 3193 165 3238 te
183 3190 322 3238 sornntef‘
339 3190 452 3254 Apparet
468 3189 496 3239 in
513 3205 608 3255 paucos
625 3188 725 3240 eodiees
743 3205 773 3240 ex
791 3189 859 3239 notis
876 3189 1083 3240 interlinearibus

90 3274 93 3304 :
113 3257 143 3305 in
164 3256 260 3305 ceteris
278 3272 323 3306 nee
341 3258 398 3307 vola
416 3258 470 3307 eius
488 3274 533 3307 nee
552 3258 687 3323 vestigium
705 3261 750 3307 est.

90 3325 146 3374 elat
165 3327 265 3387 amate,
283 3327 380 3375 irubrea
399 3326 479 3389 Quem
496 3342 577 3391 seper
594 3330 672 3376 notae
689 3327 781 3376 aluere
798 3326 882 3390 ripas]
918 3325 1023 3375 Frustra
1041 3341 1082 3376 ee·

90 3393 154 3442 rium
174 3393 307 3442 veterrimi
324 3393 476 3444 Blandinius
494 3393 615 3458 Cruquii,
633 3393 766 3444 Leidensis
784 3396 810 3443 et
827 3392 1000 3457 Graevianus,
1019 3392 1084 3446 Cam

90 3467 126 3511 tas
144 3461 250 3512 saliere
267 3463 349 3527 ripas,
370 3462 409 3512 vel
426 3463 537 3512 saluere.
575 3462 668 3513 Seneca
685 3463 762 3512 Here.
783 3461 843 3512 Fur.
862 3464 952 3515 esee.
976 3463 1084 3524 „nullus

90 3528 280 3580 riveNutritus
299 3544 380 3594 agros
397 3532 478 3580 amnis
496 3546 599 3581 euersos
617 3531 731 3581 tralat.‘⁴
768 3529 866 3580 Statius
875 3530 968 3582 Aehill.
978 3532 1013 3594 11,
1024 3533 1083 3584 429.

90 3602 158 3647 7mau
177 3599 240 3647 ibat
257 3596 384 3647 Imbribus
402 3597 515 3648 assiduis
532 3603 620 3664 pastus
638 3599 795 3663 nivibusque
812 3598 906 3649 eolate'e
915 3598 1086 3665 Sperabiue.“

90 3706 91 3713 ,
118 3666 149 3728 Ι,
175 3667 239 3718 282.
275 3664 416 3728 „Flamina
434 3666 595 3730 abundanti,
626 3666 698 3731 qaod
726 3669 834 3731 magnis
857 3666 981 3718 imbribus
1008 3671 1085 3732 auget

98 3747 137 3781 ear
156 3733 225 3783 altis
243 3747 359 3799 magnas
377 3733 496 3783 decursus
514 3736 621 3798 aquai‘.“
655 3736 733 3786 Reate
751 3735 834 3800 igitur
850 3751 877 3785 se
894 3733 971 3786 hebet
982 3740 1085 3800 reeepta

90 3816 147 3850 ere.

90 3869 133 3917 lea
152 3868 230 3918 Deos
249 3883 375 3933 regesque
393 3870 478 3933 canit]
512 3870 553 3920 lta
571 3871 634 3922 editi
651 3869 761 3935 ubique
787 3870 830 3921 sed
848 3885 941 3934 repone
959 3884 989 3919 ex
1006 3867 1084 3918 Lam·

90 3936 182 3997 sdam,
204 3935 305 3986 duobus
314 3937 472 4001 Bersmanni,
491 3942 517 3988 et
526 3938 626 3988 Nostris
637 3939 787 4000 Graeviano,
798 3938 953 4000 colbertino,
971 3935 1085 3988 Galeano

90 4022 133 4054 mo
153 4004 251 4067 altero,
275 4019 434 4069 regesve,
458 4010 486 4055 dt
503 4006 571 4056 inira
589 4024 610 4056 v.
631 4010 677 4069 17,
701 4006 805 4070 „Sive
822 4021 887 4071 quos
905 4005 990 4055 ΕΜ(
1006 4032 1042 4041 -
1060 4009 1087 4056 et

90 4072 161 4122 ebila·
168 4087 289 4138 sponsae
299 4075 462 4124 iuvenemve
477 4077 611 4140 raptam.“
628 4075 716 4140 Neque
726 4075 794 4124 euim
804 4089 855 4122 uno
864 4073 984 4123 earminis
992 4088 1085 4137 genere

90 4145 118 4190 et
144 4139 238 4204 Reges
262 4141 314 4190 sive
337 4141 435 4191 Heroas
459 4142 553 4192 eeeiuit
576 4143 715 4206 Pindarus,
739 4142 783 4192 sed
806 4141 864 4191 illos
888 4142 915 4190 in
940 4137 1036 4207 ὕμνοις
1060 4146 1087 4192 et

93 4209 147 4258 hos
167 4209 198 4257 in
219 4208 288 4259 aliis.
323 4208 614 4274 NosterGarm.I,12,
635 4214 656 4262 1.
694 4210 794 4276 „Quem
812 4212 912 4270 virtum,
940 4213 984 4260 aut
1002 4211 1085 4262 berea
