2840 4762
195 117 216 177 2
456 120 459 126 '
583 133 614 193 q.
637 132 779 180 noanru
800 133 924 181 rancor

255 265 414 332 enuere
434 223 522 345 rotis,
544 267 717 352 palmaque
738 265 855 332 nobilis

284 355 456 417 Terrarum
479 352 625 418 dominos
647 352 782 419 evehere
804 351 847 417 ad
868 352 971 418 Deos:

616 486 639 520 v.
659 473 683 524 6.
700 469 775 534 vulg.
797 469 898 520 Evaluit.

196 604 250 653 dati
269 604 391 654 sermonis
414 604 455 653 lex
472 608 498 654 et
515 605 678 659 consuetudo.
714 603 778 655 Cum
801 605 870 655 enim
886 604 988 668 integra
1012 604 1152 666 sententie,
1175 603 1326 669 palmaque

194 673 293 722 uetitis
313 670 458 722 Terrarum
482 672 603 723 dominer
627 673 714 724 evehit
736 673 774 723 art
792 672 867 736 Deos,
891 672 959 722 inter
981 669 1058 722 verba
1080 673 1131 722 ista
1153 672 1323 733 interveniet;

195 756 332 804 numquam
351 739 411 790 ullis
428 740 554 790 machinis
571 740 679 800 efficies,
697 744 726 790 ut
745 737 774 790 τὸ
793 743 870 791 iuuat
886 756 932 805 per
949 740 1089 790 sententiae
1106 739 1182 789 istius
1200 739 1327 789 interval·

195 808 247 857 lura
273 808 304 859 ed
327 809 399 858 tuac
420 823 501 872 usque
523 808 572 859 rite
598 808 731 859 transduci
747 809 835 874 possit
870 808 960 859 Restat
982 808 1071 869 tertia,
1097 810 1171 871 (qnae
1188 808 1324 873 Rutgersii

196 877 343 925 coniectura
359 879 427 937 erat;
454 879 480 925 et
504 876 593 926 itidem
619 876 697 926 Isacii
719 876 846 937 Pontani,
873 879 993 926 narrante
1016 880 1042 925 et
1066 874 1203 940 plaudente
1226 891 1325 940 magno

196 943 322 992 Gatakero
340 943 540 995 AdversPosth.
560 960 580 994 c.
590 943 671 1008 XVI.)
689 947 719 993 ut
735 944 901 994 distinctione
919 943 1061 993 constituta
1081 948 1140 1007 post
1163 942 1256 1007 palma
1274 959 1322 993 ue·

195 1011 263 1072 attur,
283 1013 369 1060 evehit
385 1011 418 1061 ad
435 1012 568 1075 sequentia
585 1012 717 1063 referetur.
740 1010 838 1061 Evaluit
855 1011 891 1061 ad
906 1012 977 1062 Deae
995 1012 1073 1074 hume,
1091 1012 1114 1059 ei
1134 1011 1242 1061 honores
1260 1026 1325 1061 con·

196 1079 325 1142 sequitur:
352 1079 374 1128 si
391 1079 511 1141 diritius,
536 1080 622 1132 illum.
657 1079 707 1130 Sed
725 1085 750 1129 et
767 1080 829 1129 haec
847 1080 1018 1141 constructio,
1042 1076 1171 1143 prioribus
1189 1078 1251 1129 licet
1268 1078 1327 1128 illis

195 1146 327 1210 aliquanto
350 1147 518 1208 commodior,
541 1163 592 1197 non
616 1163 668 1197 uno
691 1147 795 1197 nomine
819 1147 945 1213 displicet.
982 1146 1063 1202 Quam
1086 1146 1227 1196 violentum
1252 1146 1323 1196 enirn

196 1219 221 1263 et
238 1218 362 1278 coactum,
381 1218 410 1264 ut
425 1214 517 1280 palma
535 1215 671 1265 divellatur
688 1213 719 1264 ab
738 1216 832 1278 evehit,
858 1231 915 1264 curn
933 1215 990 1279 ipsa
1007 1214 1131 1263 orationis
1149 1215 1227 1264 series
1244 1215 1326 1264 artis·

195 1282 257 1332 sime
275 1298 304 1331 ea
322 1282 474 1332 connectat?
509 1281 592 1338 Quam
608 1283 723 1333 ieiunum
746 1298 822 1348 porro
847 1287 873 1333 et
890 1283 989 1332 aridum
1012 1282 1131 1346 omnique
1148 1282 1246 1332 Venere
1264 1298 1328 1347 spo·

194 1349 292 1410 liatum,
315 1350 406 1415 palma
424 1349 536 1411 nabilis3
552 1351 604 1400 nisi
621 1350 720 1415 reliqua
738 1349 919 1400 subiunxeris?
953 1349 1022 1413 Illud
1047 1350 1134 1400 evehit
1155 1365 1264 1415 quoque,
1291 1354 1326 1399 ut

194 1418 265 1467 verbi
282 1417 459 1483 impersonalis
482 1417 526 1467 hic
543 1419 599 1468 viee
616 1418 751 1483 fungatur,
775 1418 832 1481 quis
849 1418 978 1484 patienter
1001 1417 1083 1467 ferat?
1118 1418 1235 1482 Denique
1253 1417 1327 1468 unde

195 1486 281 1535 datum
299 1485 393 1546 sumis,
417 1490 446 1536 ut
476 1486 521 1549 qui
551 1502 668 1550 magnam
690 1487 742 1536 rim
764 1487 886 1536 frumenti
908 1486 937 1535 in
959 1486 1057 1536 horreis
1074 1485 1128 1535 suis
1145 1485 1323 1546 occultaverit,

194 1554 316 1603 continuo
335 1569 364 1603 ea
382 1553 412 1603 de
429 1569 517 1603 caussa
536 1554 572 1604 ad
579 1555 650 1604 Deos
667 1555 830 1604 immortales
848 1555 924 1605 evehi
940 1553 1058 1603 dicatur?
1074 1552 1153 1602 Haud
1164 1553 1324 1604 credideram

194 1626 246 1671 tam
262 1620 364 1671 facilem
382 1622 518 1685 tritamque
535 1622 613 1673 fuisse
631 1622 663 1671 ad
681 1622 790 1687 Superos
808 1622 882 1671 riam.
904 1621 1042 1686 Indignum
1060 1636 1126 1683 vero,
1153 1621 1176 1670 ei
1193 1622 1327 1686 triparcos

193 1689 251 1738 illos
272 1687 428 1752 Ummidior,
451 1688 589 1756 Fufidius,
611 1689 762 1752 Stator-ior,
788 1689 906 1755 Opimius
929 1693 954 1739 et
979 1688 1129 1739 immundas
1146 1686 1245 1739 Nattae
1267 1690 1323 1739 iarn

193 1757 286 1807 Noster
302 1760 408 1822 propter
431 1757 487 1806 auri
511 1762 536 1807 et
558 1758 679 1807 frumenti
704 1773 806 1807 acervos
824 1758 892 1807 iuter
908 1757 979 1806 Deos
998 1758 1040 1806 hic
1058 1756 1180 1819 collocet,
1203 1772 1268 1820 quos
1291 1757 1322 1806 in

194 1825 286 1874 Satiris
302 1825 345 1873 vix
364 1826 500 1875 hominum
517 1825 573 1875 loco
591 1830 636 1875 aut
652 1841 757 1875 numero
774 1829 907 1875 censuerat
921 1823 1057 1877 habendos.
1084 1824 1237 1888 Numquam,
1255 1825 1322 1875 mihi

195 1893 276 1954 crede,
295 1892 332 1942 sic
349 1893 456 1942 Flaccus
475 1892 595 1959 desipuit.
630 1894 664 1943 nt
682 1894 704 1943 si
722 1893 769 1943 illa
786 1894 822 1943 sic
841 1893 989 1960 conjungis,
1014 1898 1042 1943 ut
1059 1894 1150 1957 palma
1167 1893 1266 1942 mobilia
1284 1893 1328 1943 ad

192 1960 263 2010 Deos
281 1961 389 2022 eeehat;
407 1960 460 2010 iam
476 1966 544 2009 recte
562 1960 611 2011 erit
629 1965 654 2011 et
672 1961 702 2010 de
720 1976 797 2022 mere,
816 1965 844 2011 ut
861 1960 907 2025 qui
916 1960 1033 2026 Olympia
1041 1960 1159 2020 uicerint,
1176 1960 1235 2010 Diis
1252 1976 1327 2010 com-.

192 2033 323 2092 parentur.
357 2029 451 2078 Noster
468 2026 532 2077 alibi
550 2027 630 2078 Germ.
647 2029 691 2087 IV,
708 2031 732 2090 2,
749 2031 788 2081 ll.
821 2028 901 2092 „Siue
924 2044 990 2093 ques
1006 2028 1071 2078 Elea
1089 2028 1195 2077 domum
1212 2028 1324 2078 reducit

191 2096 280 2146 Palma
298 2096 445 2147 caelestes.“
480 2094 569 2146 (licere
592 2112 638 2162 pro
655 2096 748 2146 Finem
766 2112 787 2146 c.
799 2098 837 2148 13.
872 2097 975 2161 „Heme
998 2096 1096 2146 motilie
1119 2095 1216 2145 Atinas
1237 2095 1325 2162 pugil

194 2164 408 2230 Olympionices.-
426 2165 476 2215 trec
499 2169 538 2214 est
560 2163 636 2228 apud
654 2161 768 2214 Graecos
787 2180 873 2230 prope
899 2166 987 2214 maius
1012 2169 1037 2213 et
1051 2162 1212 2228 glorierius,
1238 2178 1326 2228 quam

191 2229 290 2282 Hamae
308 2233 511 2297 triumphassef‘
536 2231 614 2282 Vides
631 2233 678 2283 hos
695 2231 811 2282 Victores
828 2232 910 2298 pluris
933 2230 1002 2296 apud
1020 2232 1129 2281 Graecos
1146 2231 1216 2291 fieri,
1242 2247 1323 2295 quana

191 2300 286 2350 Romae
303 2300 520 2365 Triumphateres.
545 2301 600 2349 Iam
617 2316 685 2362 vero,
704 2301 749 2364 qni
766 2301 860 2350 Romae
878 2297 1078 2365 triumphabant,
1101 2314 1158 2348 cnm
1175 2298 1234 2348 Diis
1252 2315 1323 2348 com-

191 2366 355 2434 parabantur,
373 2374 402 2418 ut
419 2369 513 2418 iterum
520 2368 613 2418 Noster
629 2368 715 2432 Epist.
725 2369 746 2429 l,
758 2370 797 2429 17,
809 2370 851 2428 33,
868 2366 935 2430 „lter
942 2382 1038 2430 gerere
1049 2372 1075 2417 et
1083 2371 1174 2431 captos
1185 2367 1323 2417 ostendere

191 2436 290 2485 civibus
308 2438 394 2486 tractes
411 2437 531 2500 Attiugr‘t
547 2436 643 2486 retium
661 2434 732 2485 leuis
750 2440 777 2484 et
792 2436 911 2485 caelestia
929 2436 1039 2485 tentat“
1073 2435 1143 2499 Ergo
1161 2439 1206 2483 aut
1222 2436 1322 2485 maiore

191 2507 236 2552 aut
253 2504 310 2568 peri
328 2504 417 2553 saltem
434 2504 490 2553 iure
508 2503 698 2568 Olympionieae
716 2503 748 2553 ad
766 2504 832 2553 Deos
850 2503 971 2552 evehendi
990 2506 1070 2554 erant.
1106 2502 1175 2568 Quin
1192 2502 1231 2552 illi
1250 2503 1324 2567 apud

190 2571 334 2620 Lucienum
344 2572 372 2620 in
384 2570 524 2620 Anacharsi
536 2573 567 2621 10
581 2572 658 2637 plane
672 2570 828 2621 ΙΣΟΘΕΟΙ
836 2571 896 2621 Diis
908 2570 1031 2635 aequales
1040 2569 1221 2635 perhibentur:
1240 2586 1320 2620 unus·

191 2650 239 2701 que
259 2653 289 2688 ex
307 2639 340 2687 iis
357 2637 494 2703 Philippus
512 2643 571 2703 post
588 2637 693 2700 obitum,
712 2638 777 2688 alter
792 2639 944 2704 Euthymus,
962 2639 1039 2688 etiam
1056 2638 1129 2687 vivus
1146 2639 1319 2702 sentiensque,

190 2706 291 2755 divinos
307 2707 416 2755 honores
433 2709 583 2756 consecutus
600 2711 651 2767 est;
678 2707 717 2755 uti
735 2711 822 2756 narrat
838 2706 992 2765 Herodotus,
1009 2706 1126 2767 Plinius,
1142 2705 1245 2770 aliique.
1281 2706 1323 2756 Ut

189 2774 297 2837 proinde
320 2772 392 2823 nullo
416 2773 491 2822 modo
513 2773 635 2824 audiendi
660 2774 712 2823 sint
730 2774 881 2839 Rutgersius
908 2774 1048 2837 ceterique:
1073 2788 1155 2837 neque
1174 2774 1261 2823 coedit
1279 2773 1322 2824 art
1410 2792 1411 2813 ι

190 2842 260 2890 Beer
287 2840 339 2890 alio
366 2840 539 2902 referendum,
569 2857 644 2906 quam
662 2842 694 2891 ad
711 2841 825 2891 Palmam
842 2842 1023 2908 Olympiacam.
1058 2840 1128 2896 Quid
1150 2841 1238 2906 *igitur
1254 2841 1320 2891 flet?

190 2909 328 2958 Enimvero
346 2909 501 2959 correctione
517 2909 589 2959 locus
606 2910 731 2959 iuvandus
747 2914 793 2971 est,
811 2910 960 2976 priusquam
978 2910 1058 2959 ullam
1074 2908 1134 2958 inde
1152 2909 1208 2959 sani
1223 2909 1321 2960 coloris

190 2977 342 3026 sententiam
361 2976 495 3026 extuderis.
530 2978 597 3027 Eum
615 2977 652 3027 sic
676 2978 785 3042 aposita
801 2977 943 3043 proiectum
967 2993 1020 3027 esse
1046 2983 1179 3042 procerte
1197 2976 1321 3042 polliceri

189 3045 283 3094 ausim:
302 3045 387 3108 „Sunt
405 3060 467 3108 qnos
485 3045 620 3096 crtrmcule
639 3045 774 3109 puluerem
793 3045 960 3112 Olympicum
980 3043 1121 3109 Celtegtrre
1137 3044 1216 3106 iuvat,
1233 3051 1319 3095 meta-

189 3128 240 3177 que
257 3112 369 3173 tuerere
385 3111 495 3163 Ecttata
512 3115 593 3176 retis,
618 3112 761 3179 palmaque
778 3113 875 3164 nabilis
896 3111 1041 3163 Tem-amem
1068 3112 1189 3162 dominor
1211 3114 1323 3163 evehere

189 3180 227 3230 ad
242 3181 327 3231 Deos.-
344 3179 430 3241 Hunc,
448 3184 474 3230 st
488 3181 625 3235 mobilium
643 3209 675 3218 -
693 3181 778 3243 illum,
795 3184 820 3230 ri
835 3181 976 3247 preprio“,
993 3185 1041 3230 cte.
1067 3179 1119 3229 Ubi
1137 3180 1198 3229 ordo
1216 3183 1241 3229 et
1259 3197 1323 3230 sen·

189 3249 271 3298 tentia
289 3253 339 3299 est:
366 3249 488 3310 Diversa,
506 3264 521 3296 o
538 3249 686 3313 Maecenas,
710 3254 771 3299 sunt
787 3250 920 3299 hominum
937 3248 1035 3298 studiat
1063 3251 1226 3312 sunt-quer
1243 3248 1325 3299 iurat

185 3316 280 3380 palma
298 3315 458 3381 Olympiaca,
483 3332 548 3380 quae
565 3315 660 3366 nobilis
685 3321 724 3365 est
740 3316 781 3365 vel
804 3317 837 3366 ad
855 3317 922 3366 Deos
948 3315 1103 3366 immortales
1120 3316 1243 3365 victorem
1261 3332 1318 3366 eve-

189 3384 254 3433 here.
291 3384 368 3433 Huac
393 3384 476 3448 iuvat,
502 3385 525 3434 si
542 3385 651 3433 honores
676 3382 854 3448 consequitnr;
881 3384 966 3447 illum,
989 3384 1012 3433 si
1030 3383 1147 3433 divitias:
1175 3383 1324 3447 agricolm.

188 3466 326 3514 numquam
344 3452 516 3515 persuaseris,
541 3457 571 3501 ut
588 3455 713 3501 mercator
729 3452 788 3512 fiet;
817 3468 898 3517 neque
915 3467 1003 3501 rursus
1026 3453 1184 3514 mercatori,
1209 3456 1239 3500 ut
1256 3469 1320 3502 rure

189 3518 277 3583 degat3
296 3523 417 3584 est-qui
432 3520 511 3569 vitam
527 3519 697 3585 voluptariam
714 3520 842 3584 aequitum
859 3520 957 3571 multas
974 3518 1070 3568 militia
1087 3520 1166 3577 iuvat,
1185 3519 1321 3583 quosdam

187 3586 301 3636 venatio:
321 3602 369 3649 me,
387 3587 410 3637 si
427 3602 518 3638 nomen
537 3591 561 3637 et
578 3588 671 3636 famam
688 3593 778 3652 poetae
795 3587 882 3654 Lyrici
905 3587 1140 3652 nanciscipossum.
1157 3587 1217 3636 Hoc
1233 3588 1317 3637 totius

188 3654 313 3704 cretionis
330 3654 409 3715 filum,
426 3656 488 3705 haec
498 3654 624 3705 Carminis
642 3671 712 3705 mens
730 3659 781 3715 est;
800 3655 831 3705 de
845 3655 964 3716 Pindaro,
983 3659 1013 3703 ut
1029 3654 1137 3716 videtur,
1156 3654 1323 3716 adumbrate„

726 3722 836 3789 piricum
845 3724 932 3790 Pyrrh.
941 3718 1037 3789 Hypot'.
1055 3739 1079 3788 p.
1092 3724 1131 3774 18.
1150 3715 1324 3779 „'Aslleuo-.

331 3747 360 3902 ἣ
726 3806 766 3840 ων
784 3789 860 3859 τιμαὶ
883 3787 929 3841 καὶ
956 3789 1004 3842 art
1029 3805 1106 3839 arec·
1148 3785 1217 3844 Τοὺς
1234 3783 1262 3838 δ’
1284 3786 1319 3841 ἓν

726 3874 799 3909 retae
823 3856 853 3909 dt
870 3857 917 3909 καί
939 3875 980 3914 τις
1035 3852 1043 3871 ’
1071 3848 1142 3924 eldu’
1161 3851 1240 3907 ἅλιον
1256 3854 1321 3908 Ναῒ

726 3942 730 3975 ι
749 3929 844 3976 iaceat
860 3929 991 3978 velocium
1011 3941 1131 3990 equorum
1155 3926 1270 3976 teneres
1288 3933 1319 3976 et

727 3997 781 4044 ita:
798 3994 927 4059 Est—qui
937 3998 1016 4044 etiam
1026 3993 1181 4056 delectatur,
1199 3996 1224 4043 rt
1232 3994 1318 4044 celeri

182 4066 219 4133 p*
234 4065 244 4089 ‘
262 4054 292 4095 (ν’
305 4054 397 4105 “M
466 4016 519 4091 h
732 4078 809 4117 τινας
826 4062 940 4113 dedimus
963 4078 1010 4128 pro
1027 4055 1087 4124 τιν’,
1112 4059 1143 4110 ob
1166 4061 1232 4112 illud
1250 4058 1316 4118 τοὺς
