2834 4758
222 250 284 316 288
614 263 646 323 q.
669 263 814 312 nonaum
835 266 964 316 nnaeer

267 411 297 462 55
311 394 541 464 Formidolosis
563 395 638 461 dum
662 397 762 463 latent
785 399 875 467 silvis
897 403 994 482 ierac,

346 480 441 546 Dulci
466 500 584 566 sopore
606 481 795 564 languidae:

306 568 432 643 Senem,
460 566 547 648 quod
569 585 680 633 omnes
702 567 835 643 rideant,
859 570 1040 637 adultarum

345 653 479 717 Latrent
500 649 689 717 Suburanae
711 672 816 732 canes,

303 735 413 804 Nande
435 741 633 821 perunctum,
657 738 753 820 quale
774 759 838 804 non
859 741 1032 826 perfectius

262 835 293 886 55
349 822 440 887 Meae
462 821 637 886 laborarint
657 842 783 889 manus.

305 906 390 987 Quid
412 905 551 971 accidit?
572 927 629 971 eur
650 906 720 972 dira
743 909 898 976 barbarae
920 910 1026 977 miuus

346 993 479 1057 Venena
498 990 631 1057 Medeae
653 992 781 1059 valent?

306 1077 430 1156 Quibus
453 1098 491 1142 su
515 1077 624 1141 erbam
647 1078 732 1159 fugit
753 1079 821 1144 ulta
843 1079 1000 1164 pellicem,

346 1161 455 1243 Magni
506 1163 625 1228 reontis
646 1162 761 1241 filiam3

262 1262 292 1314 65
308 1247 388 1314 Cum
412 1247 509 1332 palla,
532 1247 606 1311 tabo
628 1267 745 1312 munus
766 1248 923 1328 inbutum,
945 1269 1061 1316 novam

347 1331 496 1396 lucendio
518 1336 651 1416 nuptam
674 1333 816 1404 abstulit.

305 1415 404 1498 Atqui
425 1435 484 1481 nee
505 1416 604 1481 herba
626 1426 685 1482 nee
705 1417 809 1484 lateus
830 1419 864 1484 in
885 1417 1010 1505 asperis

348 1500 452 1565 Radix
474 1500 588 1565 tetellit
607 1522 659 1567 me
681 1502 769 1569 locis.

305 1585 461 1651 Indormit
482 1586 585 1652 unctis
607 1587 747 1652 omnium
770 1587 928 1657 eubilibus

262 1685 293 1736 rc
350 1669 516 1737 Oblivione
538 1670 698 1756 pellicum.

305 1756 394 1821 Ahal
418 1755 543 1821 solutus
565 1756 710 1822 ambulat
731 1756 893 1823 veneficae

349 1841 533 1907 Scieutioris
554 1841 703 1908 carmine.

304 1929 378 1994 Nou
401 1925 537 2002 usitatis,
559 1927 654 2002 Vara,
678 1924 862 2012 potionibus

348 2012 388 2085 (Ο
410 2011 512 2077 multa
533 2009 680 2076 fleturum
704 2015 828 2096 caputl)

263 2111 293 2160 ia
307 2095 357 2161 Ad
379 2116 431 2161 me
453 2115 612 2162 recurres:
635 2115 694 2161 nee
716 2102 830 2161 vocata
852 2115 943 2162 mens
967 2100 1023 2160 tua

347 2179 462 2247 Marsis
485 2179 601 2245 redibit
622 2180 770 2246 vocibus:

304 2266 409 2332 Maius
430 2266 567 2351 parabo:
590 2265 695 2330 maius
716 2265 884 2330 infundam
907 2263 964 2329 tibi

347 2350 538 2417 Fastidienti
560 2351 719 2435 poculum.

304 2437 462 2518 Priusque
485 2435 609 2501 caelum
631 2435 715 2502 sidet
739 2433 873 2499 interius
893 2430 985 2512 mari,

262 2533 292 2583 so
349 2522 478 2586 Tellure
500 2524 683 2606 porrecta*)
707 2539 813 2604 super,

305 2604 409 2685 Quam
432 2625 494 2669 uon
517 2624 625 2670 amore
647 2603 694 2671 sic
714 2605 778 2668 mei
800 2604 929 2686 flagres,
952 2601 999 2667 uti

348 2689 494 2755 Bitumeu
518 2689 596 2755 atris
619 2689 759 2770 ignibus.

544 2806 567 2839 v.
587 2793 626 2840 71.
646 2789 720 2854 Vulg.
740 2790 790 2851 As,
809 2789 852 2839 ab.
888 2789 928 2839 81.
947 2784 1013 2838 Mac.

223 2890 347 2954 carcinio,
372 2888 527 2948 Salsrnaum
551 2893 633 2940 cernit
655 2906 728 2940 exeso
752 2890 785 2940 rte
806 2892 905 2939 uertice
927 2887 1056 2949 fumumf‘
1094 2889 1136 2937 Ita
1159 2887 1253 2938 adedit
1274 2887 1345 2952 ignis

221 2956 346 3008 familiare
364 2958 438 3008 bonis
456 2957 616 3020 auctoribus3
640 2958 671 3010 de
689 2974 739 3023 quo
757 2957 814 3009 vide
832 2958 916 3023 ipsum
933 2956 1071 3007 Heinsiom
1088 2955 1120 3005 ad
1139 2955 1226 3006 Ovidii
1243 2956 1344 3005 Amores
1399 2960 1400 2965 ’

221 3026 244 3090 Ι,
254 3028 293 3079 15.
313 3028 407 3089 [ulli

289 3096 329 3147 55.
349 3093 540 3145 Formidoloair
558 3094 620 3144 dum
639 3094 723 3144 latent
739 3093 815 3143 silvia
832 3092 917 3155 farae]
936 3091 1059 3143 Loschari
1077 3090 1158 3142 editio
1176 3089 1344 3141 1555555ᾱοὶ5-
1399 3074 1400 3103 .

220 3164 257 3212 sir
274 3162 360 3224 citcir5
387 3164 430 3213 cui
448 3163 571 3213 accedunt
589 3161 717 3212 Torrentii
742 3161 853 3225 aliquot,
880 3160 1014 3210 Blandiuii
1037 3162 1132 3210 veteres
1159 3162 1197 3219 (ut
1215 3174 1245 3208 ex
1263 3156 1344 3209 verbis
1399 3222 1400 3227 ¹

221 3229 327 3295 Cruquii
345 3236 429 3297 patet,
448 3231 562 3295 quamvis
581 3246 651 3280 secas
669 3230 703 3280 sit
720 3229 826 3293 editum)
845 3228 979 3279 Leidensis
996 3232 1022 3278 55
1043 3227 1194 3292 Baginensis
1213 3226 1304 3289 nostri,
1321 3228 1345 3275 at

220 3298 380 3348 Battelianus
398 3299 524 3364 prosarie
542 3298 660 3348 lectione.
685 3296 769 3348 Ceteri
787 3313 844 3347 cum
863 3296 975 3347 editione
990 3296 1072 3361 prima
1089 3293 1344 3355 formidolosae
1399 3330 1400 3349 ,

220 3364 302 3425 farae.
338 3367 427 3415 Utram
445 3367 496 3416 iam
512 3366 647 3417 lectionem
665 3365 762 3416 maris?
787 3364 988 3415 Formidolorua
1011 3362 1129 3427 ambigue
1153 3362 1297 3426 significat,
1321 3363 1345 3410 at
1399 3388 1400 3415 ;

221 3434 265 3495 qui
283 3431 410 3495 formidat,
428 3439 454 3483 55
471 3434 516 3498 qui
533 3433 699 3484 formidatur:
725 3448 832 3499 quorum
849 3438 967 3482 neutrum
985 3430 1105 3481 convenit
1122 3429 1202 3493 feria,
1227 3429 1288 3479 dum
1305 3444 1345 3480 eo·

219 3513 286 3563 pore
304 3500 451 3565 languidae
468 3505 535 3553 sunt.
559 3502 647 3552 Placet
664 3502 745 3566 igitur
762 3500 951 3564 semiieiunia,
968 3504 999 3549 ut
1007 3503 1156 3565 perpetuum
1175 3498 1209 3548 sit
1226 3498 1345 3548 silvarum
1399 3496 1400 3535 l

221 3566 361 3633 epitheton.
394 3568 485 3633 Virgil.
511 3570 602 3634 Georg.
627 3570 672 3634 IV,
687 3571 744 3622 458.
778 3568 832 3632 „Et
855 3568 1016 3633 caligantem
1040 3570 1122 3632 nigra
1145 3565 1282 3616 tormidine
1307 3566 1345 3616 la·
1399 3580 1400 3621 l

221 3638 307 3687 cnm.“
335 3640 360 3686 55
377 3638 439 3686 Aen.
458 3637 481 3700 Ι,
502 3639 558 3690 lca.
584 3642 660 3701 „tum
683 3638 758 3687 siluis
780 3651 860 3686 scena
884 3638 1001 3686 coruscis
1025 3635 1158 3701 Desuper,
1182 3634 1344 3699 horrentique
1399 3648 1400 3681 ι

221 3709 310 3755 anum
334 3720 425 3755 namur
448 3707 570 3755 imminet
592 3707 714 3755 55555555.κ
754 3704 852 3755 Statius
876 3702 954 3754 Theb.
973 3702 1003 3765 V,
1027 3704 1085 3755 567.
1119 3716 1182 3766 „seu
1205 3707 1234 3752 tu
1258 3700 1345 3766 paridi
1399 3704 1400 3765 ζ

220 3771 297 3854 serua
319 3773 408 3869 inepta
425 3772 491 3837 luci,
516 3772 578 3825 Siue
596 3772 687 3824 deur.“
713 3772 834 3823 Lucanus
853 3772 902 3836 III,
920 3774 978 3824 411.
1014 3770 1180 3834 „Arboribus
1201 3784 1267 3820 suaa
1285 3771 1344 3820 bon

220 3856 268 3890 ror
285 3847 449 3971 bybbsbiuibus
465 3909 606 3974 superbam
624 3908 698 3973 sugit
714 3907 772 3958 ulta
780 3909 912 3975 pellicem]
922 3906 1162 3957 Editioncsvetares
1180 3919 1236 3955 eum
1247 3906 1344 3955 Acrona

221 3974 376 4038 Scholiasta,
401 3981 427 4026 ct
450 3976 556 4027 dimidia
580 3981 652 4042 parte
676 3976 804 4039 codicum,
828 3977 857 4027 in
881 3973 974 4040 quibus
991 3973 1143 4038 Baginensis
1168 3977 1194 4022 55
1210 3972 1344 4024 Leidensis
1399 3982 1400 4015 1

221 4042 315 4106 nostri,
355 4044 473 4108 „Quibus
497 4045 606 4109 superba
628 4042 730 4109 fugit.“
761 4045 798 4094 ita
826 4047 852 4094 55
874 4043 942 4109 apud
965 4043 1086 4092 Senecam
1109 4039 1207 4091 (iherus
1231 4040 1345 4091 Medeam

219 4112 360 4174 superbam
377 4117 459 4173 vocat,
476 4128 499 4162 v.
519 4113 576 4163 855.
612 4111 727 4175 „Vubm
745 4115 842 4163 citatus
859 4113 903 4161 ira
920 4108 1011 4174 diget,
1029 4114 1055 4160 et
1072 4113 1155 4175 caput
1170 4108 1258 4170 feraci
1275 4106 1344 4172 Qua·

288 4192 313 4255 *l
332 4192 472 4255 [Portenta
485 4213 529 4253 pro
543 4193 669 4248 Proiecta
681 4203 787 4245 Bentleias
795 4208 892 4255 praefat.
905 4205 981 4256 reponi
992 4202 1062 4255 tassii]
