2840 4752
182 216 185 223 ⁴
206 238 268 300 496
591 250 622 309 e.
644 250 786 299 nonum
806 216 930 299 reieci

270 386 395 470 Sparge
418 383 568 450 subinde:
591 390 632 461 et,
654 384 681 447 si
703 384 846 469 paullum
869 391 961 469 potes
982 383 1192 461 inlacrimare,
1218 392 1277 452 est

270 470 398 536 Gaudia
419 470 605 555 prodentem
627 469 747 532 voltum
769 469 882 534 celare.
927 470 1109 554 sepulcrum

277 590 332 640 lot.
370 586 474 638 Gurtdin
491 587 646 651 prodentem
664 587 765 636 rrrltnm
783 587 879 650 celere]
914 588 998 637 Locus
1016 604 1075 637 sene
1092 586 1181 637 scaber
1197 596 1226 638 et
1248 606 1335 639 moro·

207 671 263 715 sus;
287 657 335 706 etsi
361 657 516 720 Interpretes
537 671 623 704 secure
646 655 719 704 illum
742 656 941 720 praetervolent:
964 657 1088 721 „Sparge
1103 657 1238 707 sutnrre:
1261 663 1296 707 et
1312 660 1337 705 er*

204 723 328 789 puellum
344 730 426 789 potes,
444 724 618 774 rtteemmere.
652 722 701 772 Est
720 721 824 774 desidie
841 723 995 787 prodentem
1013 724 1115 773 ercitum
1134 725 1257 775 celere.“
1294 726 1336 774 Ita

207 807 275 841 nuno
292 791 369 857 vulgo
386 791 563 854 distinguunt,
588 798 618 840 ut
635 791 799 841 ilteerr‘mere
816 791 851 840 sit
866 791 936 841 modi
953 791 1099 857 imperativi
1115 793 1147 842 ab
1166 793 1336 852 illoerimor,

207 870 260 908 turn
278 865 362 910 autem
380 860 429 910 tin
446 856 540 908 valebit
558 858 627 921 lieet,
645 854 740 916 ἔξεστι,
760 856 878 908 δυνατόν
896 854 961 909 ἔστι.
989 859 1085 914 Quidni
1104 866 1187 909 autem
1196 863 1337 928 possibile

207 934 246 976 est
262 928 363 978 vultum
381 928 486 978 celere?
504 924 642 977 dubiumne
659 926 687 976 id
704 927 823 990 cuiquam
839 928 896 976 est?
922 927 1013 992 putida
1030 927 1133 992 quidem
1150 931 1290 979 sententia
1309 936 1336 979 et

206 995 315 1045 Horatio
331 995 445 1060 indigne.
482 995 565 1051 Querc
581 996 647 1045 eliae
664 994 788 1045 editiones
805 996 843 1045 sio
860 996 1060 1060 interpungunt‚
1084 1002 1141 1058 „et,
1157 1000 1184 1046 rt
1194 998 1337 1066 paullum

205 1067 288 1128 poter,
306 1063 480 1124 itiner-imore,
499 1070 537 1113 ert
556 1062 661 1115 Gordia
676 1063 833 1128 prodentem
849 1063 952 1113 ruitum
970 1064 1083 1114 celere.“
1099 1070 1130 1114 ut
1146 1066 1209 1116 ordo
1226 1066 1278 1124 sit,
1299 1066 1336 1114 Et

206 1130 365 1194 illacrimare,
383 1133 405 1180 si
423 1131 536 1199 paullum
554 1137 635 1196 potes,
653 1138 692 1181 est
708 1131 789 1181 celare
806 1131 903 1181 vultum
918 1131 1066 1197 prodentem
1076 1133 1177 1196 gandia.
1203 1135 1249 1183 Ita
1271 1135 1337 1184 itte·

207 1201 291 1249 crime
309 1205 464 1266 usurparunt
481 1200 584 1264 Livius,
601 1200 740 1264 Virgilius,
759 1199 874 1249 Valerius
892 1200 998 1253 Flaccus
1015 1200 1117 1264 aliique.
1153 1201 1250 1251 Melius
1271 1218 1336 1267 pro·

207 1266 273 1316 lecto
291 1269 338 1317 hoo
356 1284 430 1332 quam
449 1267 565 1317 alterum.
599 1269 680 1318 Fictis
704 1268 770 1318 enim
795 1268 906 1316 lacrimis
930 1268 1132 1317 commodissime
1151 1269 1273 1320 celantur
1292 1273 1336 1321 iu·

206 1335 278 1384 clusa
294 1338 386 1385 mentis
404 1336 505 1400 gaudia.
531 1337 651 1386 Lucanus
660 1335 706 1396 IX,
727 1338 799 1388 toto.
817 1336 848 1385 de
857 1334 962 1385 Caesare
978 1335 1092 1401 loquens,
1112 1338 1227 1403 Pompeii
1247 1344 1336 1404 caput

207 1401 333 1453 abscisum
351 1410 495 1468 spectante,
523 1405 669 1469 „laer-rmus
691 1420 746 1454 non
762 1409 857 1469 sponte
874 1403 998 1454 redentor
1013 1404 1132 1467 Effudit,
1155 1410 1336 1471 germineque

207 1474 340 1536 expressit
354 1478 461 1537 pectore
479 1473 564 1523 laeto:
590 1471 652 1523 Non
676 1472 756 1522 aliter
778 1471 921 1531 rrrenr'fertu
944 1477 1042 1536 putens
1059 1472 1212 1523 abscondere
1228 1476 1334 1524 mentis

207 1539 321 1602 Gaudia,
339 1556 414 1604 quam
431 1539 569 1590 lacrimis.“
604 1540 712 1600 Tamen,
730 1539 769 1590 rel
785 1540 832 1589 bne
851 1541 990 1600 sententie,
1009 1541 1045 1590 sic
1063 1542 1150 1605 potius
1168 1541 1333 1606 scripserim,

207 1607 315 1657 nitidius
334 1608 420 1673 paullo
445 1615 470 1658 et
487 1607 595 1668 clarius3
621 1609 745 1673 „Sparge
761 1607 888 1658 subinde:
915 1614 940 1656 et
957 1623 998 1657 src
1019 1608 1142 1674 punilnrn
1165 1616 1238 1673 potes
1267 1612 1334 1661 itta-

207 1677 336 1739 ern’mere,
362 1693 396 1725 nr
416 1675 522 1727 Gaudia
543 1676 697 1742 prodentem
716 1676 818 1725 onltnm
841 1676 954 1726 celere.“
988 1675 1122 1752 Sequuid
1140 1675 1205 1727 illud
1222 1679 1332 1728 demum

208 1748 259 1803 est,
278 1743 364 1793 cetere
381 1744 483 1794 vrettnm
498 1744 604 1808 gandia
621 1744 794 1810 prodentem?
819 1745 880 1794 haec
898 1743 1017 1794 videntur
1034 1739 1177 1797 retorem
1195 1751 1221 1795 et
1237 1763 1331 1796 seeum

207 1812 356 1876 pugnantia.
393 1813 494 1878 Quippe
517 1813 539 1863 si
563 1812 647 1862 vultus
672 1812 788 1874 celetur,
815 1811 938 1876 quomodo
961 1812 1071 1876 proditi
1105 1812 1197 1862 Vultus
1220 1816 1332 1877 quidem

206 1894 281 1944 saepe
298 1879 390 1946 prodit
407 1885 515 1930 secretos
538 1881 616 1930 animi
635 1881 751 1940 effaetum
777 1888 806 1929 ut
823 1884 918 1931 Seneca
935 1880 1041 1945 Hippoi.
1060 1882 1117 1932 361.
1142 1887 1188 1944 „et
1203 1883 1331 1933 inclusus

207 1962 318 2014 quoqne,
337 1947 462 2011 Quemvis
480 1954 594 2014 tegetur,
613 1948 730 2012 proditur
749 1948 820 1998 vultu
837 1947 941 2009 furorf‘
970 1950 1087 1997 Lucanus
1101 1949 1150 2008 111,
1169 1951 1228 2002 356.
1244 1967 1330 2013 ,mrem

208 2016 315 2067 turbato
334 2020 387 2066 iem
405 2017 506 2081 prodita
523 2016 596 2066 vultu
612 2017 659 2067 Ire
677 2015 767 2075 decis,
796 2016 901 2065 tendere
926 2022 1021 2066 testate
1039 2021 1078 2065 ert
1094 2032 1157 2066 uoce
1175 2018 1331 2068 delorem.“

207 2083 286 2134 Silius
309 2084 416 2134 italicus
433 2086 482 2147 Vl,
508 2087 566 2139 384.
602 2083 764 2147 „Ser-cedem
787 2084 873 2133 vultus
896 2083 984 2143 duem,
1012 2089 1038 2133 et
1061 2085 1196 2148 prodentia
1222 2103 1329 2137 sensum

206 2151 331 2216 Lumine,
356 2157 382 2202 et
404 2154 497 2202 obtutu
518 2154 670 2219 perstabam
688 2156 805 2202 intentes
822 2152 937 2201 eodem.“
971 2154 1067 2201 Auctor
1084 2151 1275 2204 Consolationis
1294 2156 1329 2204 ad

206 2220 321 2281 Liviam,
345 2239 368 2270 v.
387 2222 428 2273 87.
463 2219 604 2284 „Vidimus
628 2224 770 2270 attonitum
787 2220 910 2280 fraterno
927 2225 1012 2270 morte
1028 2218 1162 2270 Neronem
1180 2221 1330 2287 Sqnellr'da

206 2292 338 2354 promisee
352 2292 420 2351 ltere
435 2305 484 2354 per
501 2305 550 2339 ore
568 2304 652 2351 coma,
673 2288 885 2352 Dissimilemqne
900 2291 945 2338 eni
960 2287 1033 2336 vultu
1050 2288 1185 2352 profitente
1202 2291 1325 2341 dolorem.

207 2356 257 2406 Hei
279 2358 360 2422 otini,
388 2372 467 2421 quern
492 2364 545 2408 toto
571 2358 658 2407 lectus
681 2359 709 2405 in
732 2372 779 2405 ore
802 2357 892 2415 fitted‘
918 2353 969 2406 Ubi
986 2354 1108 2405 Heinsius
1127 2351 1141 2405 i
1160 2352 1235 2407 πάνυ
1251 2359 1328 2409 malit

206 2424 348 2489 profitente
366 2425 479 2475 colorem
498 2425 536 2475 vel
554 2423 683 2489 prodente
701 2424 823 2474 retorem.
859 2422 927 2478 Quid
944 2424 1012 2473 eninr
1030 2429 1068 2473 est
1092 2423 1328 2477 intercederetis

205 2494 267 2542 ani?
286 2493 378 2556 laeter,
397 2494 478 2543 credo.
514 2494 576 2557 quid
593 2497 678 2557 potest
694 2490 846 2541 absurdius?
870 2493 959 2556 Neque
976 2492 1044 2542 euim
1062 2493 1198 2556 quicquam
1216 2511 1261 2544 nos
1279 2495 1326 2545 ad-

207 2560 278 2611 iuvat
295 2562 335 2610 vir
352 2562 499 2625 ingeniosus
516 2567 542 2611 et
559 2559 680 2623 celebris,
698 2559 744 2609 sub
762 2559 822 2608 licto
839 2559 936 2609 Goralli
953 2561 1056 2611 nomine
1071 2560 1194 2610 editionis
1210 2578 1326 2627 nuperae

207 2635 309 2688 auctor3
334 2629 386 2694 qui,
405 2630 518 2693 quemvis
535 2628 630 2678 latetur
649 2627 749 2677 uultum
767 2628 810 2676 hio
828 2627 980 2677 dissimilem
997 2631 1041 2677 reti
1057 2628 1109 2677 dici
1127 2628 1252 2693 debuisse,
1270 2648 1324 2681 non

207 2696 339 2760 dolorem,
358 2704 440 2747 tamen
458 2698 508 2747 hoc
526 2711 571 2762 per
587 2694 744 2746 ,iterantem
762 2696 875 2745 excusari
893 2711 966 2760 posse
983 2696 1072 2747 eredit.
1109 2696 1227 2747 Placetne
1245 2701 1326 2749 vero?

207 2780 266 2828 ergo
290 2766 371 2815 omnis
396 2778 484 2835 opera,
514 2764 674 2815 recensendis
696 2763 770 2813 libris
793 2765 920 2827 impensa,
947 2764 1041 2813 frustm
1065 2768 1091 2813 et
1117 2764 1245 2814 incassum
1264 2769 1323 2818 erit.

207 2833 314 2888 Quidvis
332 2835 443 2884 enimzsr
461 2835 622 2897 quantumvis
646 2834 760 2896 ineptum
785 2832 821 2880 sio
839 2833 934 2895 poterit
950 2831 1065 2881 delendi:
1092 2836 1181 2882 omnin
1198 2839 1326 2898 pretinm

208 2902 268 2951 aide
286 2909 373 2964 erunt,
401 2907 426 2951 et
449 2903 549 2952 favente
572 2901 645 2950 modo
668 2901 779 2964 Figurae
797 2900 906 2950 alicuius
923 2901 1041 2962 numine,
1071 2896 1147 2949 Scire
1165 2901 1228 2951 lieet
1242 2907 1326 2967 gigni

206 2984 282 3034 poree
306 2987 340 3021 en
362 2986 416 3020 nen
439 2972 558 3021 eonsibnr
581 2984 680 3019 seneen.
716 2968 784 3023 Quin
808 2967 875 3017 nihil
898 2968 939 3017 bic
963 2984 1027 3033 opus
1051 2973 1151 3017 estant
1178 2969 1255 3019 huius
1281 2987 1325 3020 ex·

206 3040 345 3100 curatione,
364 3044 408 3088 ant
424 3038 495 3088 illius
514 3038 676 3088 correctione.
704 3036 806 3101 Quippe
818 3036 970 3086 dissimilem
988 3039 1031 3086 sni
1047 3051 1127 3099 nequo
1145 3036 1178 3086 ad
1196 3038 1324 3103 dolerent,

207 3121 254 3155 noo
272 3106 303 3155 ad
321 3107 435 3156 colorem
452 3106 573 3168 retertur,
596 3121 682 3155 verum
700 3105 731 3154 ad
748 3104 887 3153 Neronem:
914 3105 1041 3167 vidimus,
1065 3104 1163 3168 inquit,
1189 3104 1323 3157 Neronem

207 3177 350 3223 attonitum
367 3175 490 3235 fraterne
507 3179 599 3235 morte,
617 3172 847 3237 „dissimilemque
863 3175 920 3234 eni‚·
940 3172 1014 3221 onitu
1024 3172 1167 3237 profitente
1178 3173 1324 3226 dolorem.“

207 3241 250 3290 Sic
268 3241 344 3291 verba
361 3240 497 3304 distingue.
533 3241 639 3289 Ovidius
656 3241 757 3290 Metam.
775 3239 827 3300 Xl,
846 3241 904 3291 273.
939 3239 1083 3303 ‚,Lneifero
1099 3244 1226 3302 genitore
1240 3250 1322 3306 seties,

204 3312 377 3373 patriumque
394 3311 507 3369 nitorem
518 3308 568 3357 Ore
577 3308 666 3369 serene
676 3308 749 3374 Cepn
755 3327 765 3370 ,·
784 3308 830 3356 illo
849 3311 896 3372 qni
913 3314 1030 3372 ternpore
1046 3314 1161 3357 maestus
1171 3310 1323 3362 Dissimilis·

207 3392 256 3440 que
274 3378 327 3438 sui,
353 3376 467 3437 lintrem
486 3376 595 3441 lugebat
612 3375 769 3426 adrentum.“
803 3376 930 3425 Nimirum
948 3376 1011 3426 alter
1028 3376 1178 3425 alterutrum
1195 3379 1238 3428 hie
1257 3396 1323 3430 com·

206 3444 313 3509 pilavit3
330 3446 392 3494 adeo
410 3445 511 3508 gemina
528 3447 588 3493 sunt
605 3444 669 3495 loca.
695 3444 774 3492 Porro
786 3444 928 3509 profitente
943 3444 985 3493 bic
1002 3444 1065 3508 lege,
1083 3460 1134 3493 non
1146 3460 1202 3494 curn
1215 3447 1323 3498 Heinsio

204 3513 342 3578 prodente.
369 3512 436 3562 Nero
454 3512 521 3562 euim
538 3528 590 3563 uon
608 3514 708 3562 inuitur
725 3511 849 3576 prodebat
859 3512 977 3574 dolorem,
995 3512 1038 3561 sed
1050 3513 1139 3561 volens
1149 3514 1322 3576 profitebatur.

207 3582 264 3641 Sed,
282 3581 323 3633 his
340 3582 432 3645 missis,
451 3584 496 3645 qur
512 3581 564 3642 flat,
583 3586 612 3630 ut
629 3582 679 3630 iam
697 3580 760 3642 dixi,
778 3586 808 3629 ut
825 3585 851 3629 et
860 3581 945 3629 vultus
954 3582 1054 3645 prodet
1068 3582 1180 3642 affectus,
1200 3589 1226 3631 et
1240 3590 1321 3634 tamen

206 3650 319 3714 celetur,
338 3649 424 3700 nullus
441 3649 556 3714 equidem
574 3650 655 3700 video.
691 3648 791 3709 Mutila,
810 3653 840 3697 at
857 3648 970 3710 videtur,
989 3650 1070 3697 oratio
1088 3657 1139 3713 est,
1165 3652 1244 3700 etita
1263 3669 1322 3717 sup·

206 3718 272 3782 pleri
289 3718 378 3780 debet3
398 3717 615 3782 deterrendum,
634 3717 730 3780 alioqui
745 3716 900 3782 prodentem
918 3716 1029 3780 gundre.
1057 3716 1105 3766 Sed
1123 3733 1173 3780 quo
1191 3719 1254 3781 iure,
1274 3737 1321 3785 qua

206 3786 287 3846 venia,
306 3804 354 3837 vox
371 3786 511 3837 sententiae
530 3791 581 3835 tarn
599 3786 740 3835 necessaria
758 3785 895 3834 desiderari
912 3790 940 3834 et
958 3784 1116 3848 subintelligi
1132 3789 1237 3850 potest?
1254 3786 1322 3843 Quiri

207 3859 232 3903 et
249 3855 314 3904 illud
342 3856 429 3905 cetere
446 3855 547 3904 nnltnm
565 3853 607 3902 vix
624 3854 711 3903 videor
733 3852 886 3917 intelligere.
921 3853 979 3902 Non
997 3853 1064 3902 eninr
1081 3852 1153 3901 iubet
1170 3854 1250 3918 pallio
1268 3857 1321 3905 vul·

206 3927 259 3972 tuur
278 3923 394 3988 obtegere
407 3929 433 3974 et
444 3922 532 3972 velare.
559 3920 651 3971 Vultus
669 3923 755 3985 itaque
774 3937 823 3970 non
843 3921 946 3971 celetur
962 3922 1014 3972 nisi
1031 3920 1081 3969 alio
1096 3920 1169 3970 vultu
1187 3924 1321 3976 simulato:

206 3992 354 4052 sadotem,
374 4007 424 4040 111
443 3991 552 4053 celatur,
572 3990 615 4039 sed
632 3995 766 4039 mutetur:
783 3993 814 4038 nt
830 3989 924 4038 Noster
941 3990 1020 4040 Serm.
1040 3989 1073 4048 lI,
1092 3990 1114 4040 8.
1134 4004 1156 4036 v.
1176 3992 1217 4042 84.
1250 3991 1321 4055 „Nn

206 4060 314 4121 eidiene,
333 4059 404 4109 redis
420 4063 532 4116 mutatae
549 4058 668 4110 frontis.“
688 4062 713 4106 11
731 4057 865 4107 Terentius
883 4057 946 4106 Hec.
965 4058 1013 4117 ΙΙΙ,
1031 4060 1054 4109 3.
1074 4072 1096 4107 n.
1114 4059 1137 4107 e.
1173 4060 1246 4122 „Sed
1263 4077 1322 4111 eon·

208 4131 283 4177 nnnc
308 4127 409 4176 arritum
432 4142 524 4176 earnm
547 4128 618 4176 sensi
643 4124 771 4174 immutari
796 4128 940 4175 1111111ηὲι
980 4124 1104 4189 Equidem
1129 4127 1205 4176 enlin
1228 4129 1320 4191 celere,

209 4200 304 4257 tegere,
323 4194 481 4242 abscondere
499 4192 605 4256 aliquid,
624 4208 697 4256 saepe
715 4192 818 4242 memini
835 4193 931 4257 legere,
950 4195 1033 4259 ipsum
1051 4194 1151 4242 vnltnm
1169 4196 1258 4246 celere
1274 4198 1320 4248 heo
