2842 4758
185 195 248 256 370
591 207 622 266 o.
645 206 786 253 uounuu
807 205 931 252 saraam

251 340 354 420 Quam
377 345 496 406 temere
517 339 549 404 in
572 345 697 405 nosmet
717 340 821 421 Iegem
846 339 1006 404 sancimus
1028 338 1187 422 iniquam!

250 429 334 492 Nam
356 425 442 491 vitiis
464 445 557 491 nenio
580 426 649 490 sine
670 426 825 489 nascitur:
849 425 988 509 optimus
1010 426 1063 489 ille
1086 434 1144 499 est,

254 511 317 590 Qui
338 511 478 576 minimis
501 518 664 591 urguetur.
694 511 815 575 amicus
838 511 950 584 dulcis,
973 517 1008 573 ut
1029 530 1168 591 aequum
1191 518 1248 583 est,

208 610 240 659 ao
255 597 335 661 Cum
357 617 431 662 mea
452 605 636 680 compenset
657 595 742 660 vitiis
764 596 862 659 bona:
885 595 1032 680 pluribus
1055 595 1142 658 bisce

189 750 277 799 sistere
295 749 361 798 hano
377 765 459 814 posse,
478 747 603 796 iudicavit
619 747 767 797 Lambinus.
803 746 905 811 Quippe
923 747 1071 812 impellere,
1090 762 1146 796 curn
1165 746 1199 796 ad
1215 762 1329 810 corpus

188 818 304 880 refertur,
323 821 361 867 est
378 819 432 866 ictu
451 816 558 880 quodam
576 832 672 879 urgere,
691 814 798 878 tradere,
817 815 964 879 percellere:
987 830 1043 865 cum
1061 815 1093 865 ad
1110 815 1231 875 animum,
1247 830 1328 863 sua-

188 887 254 946 dere,
271 901 378 944 movere,
396 884 516 934 incitare:
536 899 642 945 quorum
660 883 783 933 utrumvis
798 898 813 931 a
827 882 963 932 locihuius
977 899 1052 932 seusu
1065 883 1179 932 alienum
1189 882 1323 931 credidit.

188 953 271 1009 Quare
288 953 355 1002 idem
372 954 486 1018 reposuit
504 951 633 1016 appellet,
661 952 793 1016 ingeniose
818 951 918 1014 quidem
935 956 962 1000 et
978 951 1065 1000 docte:
1091 953 1118 1000 in
1138 967 1189 1016 quo
1207 950 1238 1000 ab
1253 966 1328 998 uno

188 1021 274 1071 codice
293 1022 389 1086 scripto
407 1036 433 1070 se
450 1020 565 1069 adiutum
583 1025 678 1080 narrat,
695 1023 785 1084 utpote
803 1019 848 1082 qui
865 1019 983 1068 babuerit
1000 1019 1128 1084 appellat.
1165 1020 1203 1068 De
1221 1018 1329 1068 codice

188 1095 271 1139 autem
290 1089 437 1150 (nonenim
453 1088 577 1144 criminati
601 1087 663 1136 fides
685 1102 763 1151 penes
781 1093 909 1135 auctorem
928 1092 995 1135 esto:
1022 1093 1132 1136 ceterum
1151 1086 1223 1136 valde
1240 1087 1327 1135 favet

188 1157 248 1208 huie
266 1157 417 1206 conectioni
435 1158 518 1204 Aaron
538 1154 803 1213 Scholiastes,·cuius
826 1155 901 1204 verba
925 1161 997 1214 sunt;
1025 1154 1074 1216 „Si
1097 1157 1157 1219 qra'e
1183 1155 1266 1204 litere
1291 1158 1326 1203 ei

187 1229 246 1275 riae
262 1227 445 1274 obseruatione
463 1226 588 1286 temporis·
606 1222 772 1287 appellaverit
791 1225 904 1271 amimam
914 1238 991 1271 auram
1002 1225 1128 1287 -aiquir
1138 1223 1326 1286 estsimpleoe,

187 1298 220 1343 at
236 1293 373 1356 legentem,
390 1296 439 1341 aut
455 1294 615 1355 cogitantem
633 1289 757 1340 materias
772 1290 935 1356 interpellet,·
951 1294 1041 1340 atatim
1057 1306 1114 1339 earn
1128 1305 1223 1339 oerore
1240 1305 1327 1339 eam-

190 1363 268 1410 muai
289 1374 368 1408 seara
390 1359 529 1411 dicimaa.“
564 1360 641 1409 Recte
664 1374 724 1422 ergo
750 1364 776 1407 et
799 1359 915 1422 apposite
940 1359 972 1407 ad
990 1359 1140 1408 seutentiam
1158 1357 1325 1408 Lambinus.

189 1427 253 1477 Vide
272 1433 363 1486 tamen,
382 1427 466 1491 siquid
484 1432 509 1476 et
527 1442 573 1475 nos
587 1428 732 1486 afferamus3
751 1427 817 1491 quod
835 1432 879 1475 aut
896 1426 985 1475 melius
996 1431 1041 1475 aut
1053 1432 1184 1476 eertenon
1197 1425 1327 1475 deterius

188 1508 242 1545 esse
264 1495 388 1544 rideatur.
423 1495 492 1558 Lego
516 1495 617 1558 itaque,
647 1499 696 1556 „ut
717 1495 788 1554 farte
812 1495 940 1558 legentem
963 1495 1020 1543 Aret
1043 1498 1152 1544 tacitum
1175 1494 1324 1559 impediat,

189 1566 282 1628 puaoia
295 1577 415 1611 semaam
425 1564 574 1611 materam·
599 1562 734 1612 Enimvero
751 1562 799 1611 hoc
817 1562 940 1611 commodi
957 1563 1033 1611 babet
1049 1570 1136 1611 nostra
1152 1563 1326 1622 coniectura,

189 1630 256 1695 quod
280 1647 296 1679 a
319 1636 421 1696 recepta
446 1630 555 1680 lectione
577 1631 710 1679 minimam
728 1630 853 1679 abscedit:
881 1646 963 1693 aeque
986 1646 1045 1679 vero
1068 1630 1182 1694 precario
1205 1631 1323 1679 admitti

190 1698 319 1764 postulat,
345 1699 387 1748 sed
411 1714 457 1747 suc
480 1699 536 1747 iure
558 1703 584 1747 et
607 1698 707 1762 magnis
731 1698 876 1747 auctoribus
894 1715 920 1748 se
938 1702 1030 1762 tuetur.
1066 1696 1195 1747 Charisius
1212 1697 1260 1747 lib.
1280 1698 1322 1746 V.

189 1782 214 1832 p.
233 1769 292 1819 261.
311 1769 345 1831 [p.
365 1768 422 1826 294,
442 1767 474 1817 18
492 1765 560 1826 Keil]
585 1765 632 1815 ubi
649 1768 777 1815 idiomata
796 1769 943 1815 dementini
959 1781 1036 1816 carate
1053 1772 1173 1824 recenset,
1192 1766 1323 1830 impedio

190 1836 318 1900 legentem
341 1834 450 1899 exempli
474 1833 531 1882 loco
554 1834 657 1898 profert.
693 1833 724 1882 ld
747 1838 830 1883 autern
854 1850 884 1884 ex
907 1834 955 1883 hoc
978 1835 1065 1884 Flacci
1087 1835 1144 1883 loco
1165 1835 1321 1883 desumtum

189 1918 242 1953 esse
261 1902 392 1962 videatur,
418 1907 467 1964 „ret
483 1904 554 1962 torte
571 1902 695 1966 legentem
713 1902 770 1951 Aret
788 1905 898 1951 tacitum
915 1903 1052 1966 impediat,
1079 1905 1172 1967 quovis
1188 1916 1325 1951 ammone

188 1971 346 2022 molestus“:
364 1975 394 2019 ut
411 1970 478 2033 quod
497 1969 591 2018 ibidem
610 1973 643 2034 [p.
663 1971 721 2029 294,
743 1972 773 2020 14
790 1970 859 2032 Keil]
877 1971 994 2031 adducit,
1014 1973 1137 2020 cammeia
1157 1971 1263 2033 lectam,
1282 1986 1323 2019 ex

189 2040 236 2089 hac
260 2040 318 2104 ipsa
333 2038 432 2103 Ecloga
454 2039 564 2104 petitum
588 2043 627 2086 est
649 2053 672 2085 v.
690 2039 732 2088 90.
767 2036 939 2098 „comminxit
961 2037 1054 2087 lectum
1070 2043 1164 2104 potua,
1187 2053 1323 2087 mensave

192 2108 329 2157 catinum“
347 2111 395 2158 eto.
429 2106 500 2155 Adde
517 2105 578 2154 huic
595 2106 741 2154 Diomedem
759 2121 783 2171 p.
803 2107 859 2157 ist.
879 2109 914 2171 [p.
931 2108 988 2167 315,
1008 2108 1022 2157 8
1040 2106 1110 2168 Keil]
1128 2107 1173 2169 qui
1190 2106 1325 2155 similiter

189 2177 334 2225 inamatiai
357 2174 487 2224 idiomata
517 2189 671 2233 memorans,
698 2173 812 2238 impedio
837 2174 968 2236 lectorem,
994 2173 1077 2223 babet.
1119 2174 1234 2238 Impedit
1250 2189 1324 2224 vero

190 2244 318 2307 legentem
341 2248 386 2292 ant
409 2242 593 2303 meditantem,
621 2241 665 2304 qui
683 2242 771 2304 quovis
789 2258 902 2291 sermone
919 2242 1039 2291 molestus
1057 2241 1203 2306 interpellat
1221 2246 1247 2291 et
1265 2243 1317 2291 ob·

189 2310 284 2361 turbat.
319 2310 398 2360 Porro
416 2325 490 2374 quam
514 2309 626 2374 proclive
643 2310 721 2359 fuerit
737 2308 863 2359 Librariis
887 2310 1010 2374 Impellat
1032 2325 1077 2374 pro
1102 2310 1233 2374 Impediat
1250 2311 1319 2359 snb·

190 2380 309 2438 stituere3
336 2378 375 2428 vel
401 2378 460 2427 inde
484 2377 579 2438 discas,
607 2377 674 2441 quod
698 2376 760 2426 elias
783 2379 837 2427 vice
860 2393 932 2427 versa
955 2378 1068 2442 Impedit
1090 2394 1244 2444 supposuere
1263 2394 1322 2443 pro

190 2446 313 2511 Impellit,
323 2446 391 2511 apud
401 2442 521 2496 Senecam
530 2447 567 2494 De
578 2445 721 2494 constantia
728 2445 864 2510 Sapientis,
874 2461 895 2496 c.
906 2448 928 2497 9.
939 2446 966 2510 [ξ
974 2448 1017 2507 53]
1027 2446 1139 2509 „Adiice
1146 2462 1227 2507 natac,
1238 2446 1322 2510 quad

190 2517 320 2564 iniuriam
338 2529 412 2563 racana
431 2517 540 2563 immota
558 2519 644 2562 inmite
661 2516 773 2578 accipit,
795 2513 843 2563 sed
865 2514 902 2563 ad
922 2529 1026 2563 aenaim
1044 2517 1100 2563 eirca
1116 2517 1320 2578 perturbatur.-

190 2587 265 2632 caret
287 2587 374 2631 atatem
396 2583 600 2646 perturbatione
623 2584 666 2629 uir·
683 2587 798 2644 erectae,
825 2583 980 2631 moderatur·
996 2585 1054 2642 cui,
1082 2582 1152 2632 altae
1170 2585 1268 2646 quietis
1289 2589 1322 2631 et

189 2649 319 2715 placidae.
355 2646 426 2698 Nam
443 2652 468 2698 ai
484 2649 560 2699 illum
578 2652 667 2713 tangit
683 2651 804 2711 iniuria5
832 2655 858 2698 et
872 2654 972 2708 mouet,
997 2656 1023 2705 et
1040 2650 1175 2714 impedil.“
1209 2650 1260 2699 Ubi
1279 2650 1319 2699 li·

190 2717 268 2782 quido
284 2716 419 2780 legendum
442 2721 494 2777 est,
513 2721 540 2766 et
554 2723 654 2780 meoet,
673 2722 698 2765 et
714 2717 877 2782 impellit.
912 2717 1028 2767 Ceterum
1045 2734 1122 2783 penes
1139 2717 1258 2767 lectorem
1278 2720 1321 2767 sit

189 2783 329 2844 iudicium,
356 2785 458 2833 cuinam
482 2798 513 2832 ex
535 2783 576 2832 his
599 2783 752 2834 lectionibus
770 2785 865 2849 priores
883 2791 966 2849 partes
984 2786 1087 2837 deferat.
1123 2786 1192 2835 Illud
1210 2790 1316 2835 tantum

189 2866 293 2912 monem
317 2851 339 2900 si
357 2852 398 2901 cui
416 2851 448 2899 ab
467 2851 651 2917 exemplaribus
669 2853 773 2916 scriptis
791 2853 919 2903 discedere
936 2854 978 2903 hio
996 2854 1087 2918 religio
1105 2862 1156 2913 est,
1174 2855 1212 2912 is,
1231 2856 1318 2903 sime

189 2920 291 2981 audiet,
317 2914 348 2969 τὸ
367 2920 488 2984 impellat
505 2920 541 2970 sic
560 2920 712 2985 explicabit3
740 2928 768 2969 ut
786 2922 934 2986 ampliator
950 2921 1007 2981 ille,
1027 2924 1071 2985 qui
1088 2922 1130 2971 hic
1149 2921 1317 2983 describitur,

189 2989 315 3053 legentem
332 2988 430 3052 siquem
448 2992 493 3037 aut
508 2987 672 3037 meditantem
691 2989 831 3051 offenderit,
848 3005 925 3039 manu
941 2989 980 3038 vel
998 2989 1085 3039 cubito
1102 2989 1174 3055 prius
1191 2990 1269 3039 feriet
1286 2997 1318 3040 et

189 3057 317 3121 impellat,
336 3061 362 3106 et
379 3056 469 3105 deinde
488 3056 525 3105 sic
544 3055 680 3105 excitatum
697 3056 781 3106 verbis
799 3057 924 3122 appellet:
949 3057 994 3122 qni
1010 3058 1086 3107 hodie
1103 3058 1268 3108 rusticiorem
1286 3064 1317 3108 et

189 3125 355 3188 agrestiomm
373 3125 504 3174 hominurn
521 3138 575 3173 mos
593 3131 638 3173 est.
665 3127 743 3173 Porro
761 3125 823 3189 quid
841 3124 889 3175 sibi
908 3125 950 3175 hic
962 3125 1027 3175 uelit
1044 3140 1135 3175 emmae
1153 3128 1312 3186 cummunis,

189 3206 241 3241 non
270 3193 331 3241 satis
355 3191 473 3243 viderunt
490 3193 658 3256 Interpretes:
687 3193 753 3242 varic
777 3193 845 3242 enim
868 3193 936 3258 apud
960 3195 1043 3242 varios
1067 3195 1202 3258 accipitur.
1244 3194 1312 3244 Vide

190 3258 336 3309 Ciceronem
353 3274 400 3322 pro
418 3260 512 3311 Planco
529 3275 553 3310 c.
572 3261 612 3312 13.
638 3261 666 3325 [ξ
684 3262 727 3323 31]
746 3266 771 3309 et
791 3263 831 3314 14.
855 3261 881 3326 [ὅ
900 3263 942 3324 34]
970 3262 1001 3311 dc
1018 3262 1123 3311 Oratore
1140 3262 1161 3323 Ι,
1180 3264 1204 3314 3.
1224 3263 1251 3327 [ᾗ
1269 3264 1313 3325 12]

189 3327 336 3377 Iuvenalem
353 3328 395 3375 ΙΙΙ
413 3328 504 3391 [VIH]‚
524 3329 570 3378 73:
589 3328 710 3377 Senecam
726 3329 810 3393 Epist.
830 3331 853 3380 5.
873 3330 899 3391 [ᾗ
917 3333 943 3391 4]
962 3334 987 3379 ct
1008 3331 1053 3381 too
1073 3330 1149 3394 [ᾅδῃ
1166 3330 1313 3380 Phaedrum

189 3393 253 3445 Feb.
270 3394 334 3442 VIII
352 3395 389 3456 [Ι,
408 3398 438 3456 1,
456 3396 495 3457 4];
522 3394 671 3445 Lucretium
694 3397 721 3456 Ι,
745 3399 809 3448 412ε
844 3397 1032 3451 Quintilianum
1050 3397 1113 3447 Inst.
1132 3399 1153 3457 1,
1172 3399 1187 3449 2
1207 3400 1235 3463 [ξ
1254 3401 1311 3461 201:

190 3461 331 3511 Arnabium
348 3461 392 3510 IV.
411 3479 436 3527 p.
449 3465 503 3515 too.
523 3469 548 3512 et
567 3466 622 3515 166.
641 3464 771 3514 Editionis
788 3464 895 3515 Heraldi
913 3467 943 3527 [c.
963 3468 977 3517 2
996 3474 1022 3515 et
1039 3468 1110 3528 o.9]:
1129 3465 1241 3515 Gellium
1250 3466 1315 3527 XII,

191 3533 230 3582 12.
256 3532 284 3596 [ξ
302 3533 328 3592 4]
352 3528 397 3579 ubi
425 3524 615 3591 ἀκοινονοητοὶ
639 3535 773 3582 communi
795 3548 873 3581 senaa
898 3539 1017 3583 carentes
1039 3534 1104 3583 verti
1127 3533 1211 3584 debet.
1252 3534 1312 3583 Nisi

188 3599 276 3664 potius
293 3599 321 3648 in
339 3597 395 3648 loeo
414 3598 493 3648 Gellii
509 3599 642 3664 legendum
661 3601 768 3650 situum
786 3600 899 3650 Henrico
917 3601 1059 3667 Stephano,
1088 3596 1312 3670 ἂνοικονόμητυι,

189 3670 360 3717 aeconomiae
376 3669 501 3732 imperiti.
529 3666 579 3717 Adi
596 3672 622 3716 et
638 3667 751 3717 Marcum
767 3668 923 3717 Antoninum
933 3670 954 3730 Ι,
975 3673 1019 3730 16;
1038 3674 1064 3719 et
1080 3669 1118 3719 ibi
1133 3670 1312 3720 doctissimum

190 3734 353 3797 cerasorum,
379 3733 425 3784 abi
441 3730 692 3801 κοινονοημοσύνην
709 3742 816 3786 enarrat.
853 3736 926 3786 Certe
943 3737 1005 3787 haec
1022 3739 1108 3787 omnia
1124 3738 1189 3802 loca,
1206 3739 1235 3788 in
1254 3740 1312 3803 qui·

190 3801 238 3851 bus
254 3817 347 3852 ammae
365 3806 512 3853 communia
529 3803 649 3864 occurrit,
667 3819 717 3853 non
736 3810 795 3853 sunt
812 3820 864 3854 uno
882 3809 907 3854 et
924 3807 1051 3855 communi
1063 3821 1137 3855 sensu
1150 3805 1314 3872 explicanda.

190 3871 241 3919 Iste
261 3870 334 3920 bomo
351 3870 383 3919 ab
396 3871 506 3920 Horatio
524 3872 565 3921 hic
584 3871 734 3932 denotatum
753 3874 797 3937 qui
815 3878 898 3922 cetera
914 3873 982 3924 bono
999 3888 1073 3924 sensu
1090 3874 1229 3938 praeditus,
1247 3879 1311 3924 tem-

189 3946 254 4002 pus,
272 3937 369 3999 locam,
386 3953 506 4002 personas
524 3938 655 3989 observem
674 3945 699 3989 et
716 3941 873 4004 distinguere
890 3942 978 3991 nescit.
1016 3943 1110 3991 Senem
1127 3943 1158 3992 de
1175 3942 1314 3993 Beneficiis

190 4006 212 4067 Ι,
234 4007 271 4057 12.
292 4006 318 4071 [ξ
338 4004 363 4071 3]
396 4006 457 4068 „Sit
473 4012 502 4057 in
520 4008 645 4068 beneficia
663 4010 750 4057 scn’sus
767 4010 923 4058 communis:
942 4015 1049 4075 tempus,
1069 4010 1162 4075 locum,
1179 4022 1315 4076 personae

193 4074 329 4123 obseruate
355 4076 418 4138 quia
441 4078 580 4125 momentis
604 4076 735 4140 quaedam
756 4083 839 4141 gratu
863 4082 889 4125 et
911 4080 1021 4141 ingrata
1044 4080 1133 4127 suat.“
1167 4077 1256 4127 Cicero
1279 4079 1314 4127 de

190 4141 297 4189 Oratore
306 4140 341 4203 ΙΙ,
362 4143 400 4192 16.
420 4141 446 4205 [ξ
456 4142 499 4203 68]
534 4142 627 4204 ‚pam
643 4149 785 4193 aaronem·
802 4149 831 4194 ia
850 4145 1039 4195 consuetudine
1056 4149 1140 4209 vitae,
1158 4149 1187 4196 ia
1204 4148 1314 4196 ratione
