2840 4752
377 256 562 333 saeuorum
582 285 648 333 nm.
664 285 700 334 n.
724 281 748 331 s.
763 280 788 332 o.
1084 274 1147 336 497
1174 236 1182 252 ’

61 451 65 476 r
87 417 288 484 Permissum
309 417 451 496 arbitrio,
474 418 542 485 sine
565 419 714 487 sordibus
736 426 876 491 exstrue.
921 422 1018 489 funus

84 502 229 586 Egregie
251 502 371 569 iactum
393 502 504 569 laudet
524 505 650 571 vicinia.
695 505 723 572 si
745 505 818 589 quie

84 589 186 653 Forte
208 586 400 654 coheredum
424 589 530 654 senior
550 590 633 656 male
656 590 787 669 tussire
809 588 885 656 huic
906 596 941 659 tu

84 672 158 747 Dic,
183 681 337 757 exparte
359 681 415 741 tua
438 693 494 740 seu
516 673 618 749 fundi,
641 674 709 741 sive
731 674 845 743 domus
868 675 910 745 sit

85 759 211 834 Emtor‚
233 758 426 839 gaudentem
448 779 576 825 nummo
598 766 631 827 te
651 759 811 827 addicere.
855 760 912 828 sed
934 780 986 827 me

60 842 270 930 >Imperiosa
292 844 390 909 trahit
410 844 612 930 Proserpina.
649 845 731 925 rive,
753 846 899 931 valeque.

417 1011 659 1083 Ennoea
695 1013 749 1081 VI.

84 1147 158 1213 Hoc
180 1154 250 1212 erat
269 1148 302 1213 in
323 1149 422 1215 votis:
446 1149 562 1215 modus
583 1149 655 1232 agri
674 1168 739 1215 non
760 1149 807 1216 ita
827 1168 974 1233 magnus,

86 1231 210 1299 Hortus
232 1234 297 1309 ubi,
320 1241 353 1299 et
373 1241 456 1299 tecto
478 1235 602 1302 vicinus
623 1235 709 1318 iugis
730 1253 835 1316 aquae
857 1236 939 1309 fons,

58 1368 127 1419 idem
146 1369 350 1421 sententiarum
369 1386 434 1421 uam.
470 1369 552 1426 Quare
569 1370 643 1432 ride,
669 1384 753 1423 annon
777 1369 868 1421 melius
890 1369 954 1421 sorte
979 1371 1021 1421 hie
1056 1372 1144 1423 uadret

58 1437 229 1502 retemptare,
256 1453 331 1501 quam
352 1386 561 1505 Ἆχαλκέντερος
584 1443 610 1487 et
633 1437 749 1488 infinitae
773 1438 812 1487 vir
835 1438 952 1488 lectionis
969 1440 1049 1488 Barth
1078 1457 1090 1489 e
1113 1456 1144 1490 ex

58 1506 174 1567 :errimo,
192 1510 221 1554 ut
239 1506 289 1567 ait,
308 1505 394 1556 codice
412 1506 551 1572 depromit,
569 1507 675 1558 Adverr.
692 1505 808 1570 xxvn,
828 1508 849 1558 1.
873 1522 998 1571 quamque
1014 1506 1059 1557 ille
1076 1509 1143 1558 tanti

58 1573 95 1633 rit,
114 1577 144 1622 ut
161 1588 273 1638 prorsas
291 1577 379 1624 tentet
395 1574 563 1625 inserendam
578 1580 669 1641 putet:
696 1578 747 1637 „et,
765 1577 790 1623 rt
805 1574 927 1638 paudum
939 1582 1023 1640 poter,
1042 1575 1143 1626 illacri-

58 1657 106 1691 rre.
126 1647 165 1690 eet
184 1638 290 1692 Gaudia
306 1657 476 1693 raunanruu
493 1658 583 1694 vunnu
601 1643 713 1694 cetere.“
740 1642 904 1693 Prudentem
922 1648 961 1692 eat
977 1643 1095 1703 officium,
1114 1649 1143 1694 ut

57 1709 88 1759 ud
106 1708 186 1769 Livii,
205 1708 288 1770 XLII,
306 1712 347 1762 62.
367 1711 392 1775 [ξ
403 1713 429 1773 4]
454 1711 584 1774 „Modum
601 1714 737 1775 imponere
753 1710 877 1760 reconda
893 1712 979 1772 retur,
998 1726 1046 1761 nec
1063 1715 1143 1761 nimir

57 1778 134 1826 edere
150 1780 291 1827 serenitati
307 1781 454 1843 praesentis
470 1777 607 1842 fortunae,
623 1778 757 1844 prudentis
770 1779 884 1827 trorninir
903 1783 928 1826 et
944 1781 1039 1829 merite
1056 1779 1144 1840 felicis

57 1845 118 1905 f.*)“
142 1844 223 1895 Vultu
241 1850 329 1895 antem
347 1846 436 1908 celare,
453 1853 483 1896 ut
500 1847 623 1911 Apuleius
641 1846 742 1896 Metam.
760 1844 833 1895 VIII.
851 1847 887 1908 [p.
905 1847 964 1908 203,
982 1848 1016 1898 24
1032 1847 1143 1897 alm„

67 1915 119 1964 520
138 1913 213 1975 0ud.]
248 1912 344 1974 „Vultu
363 1920 450 1964 temen
467 1915 589 1979 gandium
607 1914 685 1979 tegit,
712 1919 737 1962 et
754 1915 870 1975 frontem
888 1919 1036 1977 asseveret,
1054 1921 1079 1965 et
1097 1916 1142 1966 do-

57 1996 108 2030 rem
132 1980 268 2031 simulet.“
308 1980 416 2043 Contra,
445 1983 517 2032 Ovid.
541 1983 595 2034 Art.
620 1985 703 2033 Amat.
723 1982 750 2041 I,
776 1984 834 2033 676
869 1979 922 2043 „Ut
944 1981 1047 2032 simulet
1070 1983 1142 2033 vultu

56 2049 126 2110 udia,
145 2051 231 2098 rrirtir
248 2051 324 2102 erit.“
359 2049 448 2100 Cicero
466 2067 512 2116 pro
530 2050 616 2100 Sextio
633 2065 655 2100 c.
677 2052 715 2101 10.
742 2052 773 2112 [c.
792 2051 807 2101 9
827 2050 842 2113 ξ
861 2049 903 2111 22]
938 2048 1069 2112 „Animus
1086 2054 1142 2101 eins

56 2118 105 2177 ltu,
122 2118 231 2182 flagitia
247 2119 395 2181 perietibus
412 2118 587 2182 tegebantur.“
622 2117 692 2167 Idem
709 2117 737 2166 in
755 2116 857 2167 Verrem
874 2117 896 2178 Ι,
914 2118 938 2168 8.
957 2117 983 2182 [ξ
1002 2119 1046 2180 21]
1073 2117 1142 2183 „Cu-

56 2187 131 2235 adnm
149 2187 235 2234 enimi
252 2185 370 2236 dolorem
387 2186 460 2236 vultu
478 2192 576 2255 tegere,
595 2191 620 2236 et
638 2187 821 2236 taciturnitate
839 2184 944 2235 celare.“
979 2185 1077 2236 Lucan.
1095 2185 1141 2248 IX,

56 2255 99 2305 06.
134 2252 319 2315 „abscondunt
347 2258 462 2319 genn'tnr
494 2261 519 2304 et
541 2259 651 2320 pectore
676 2250 748 2302 taetri
771 2254 866 2303 Fronte
899 2257 1015 2318 tegunt.“
1049 2253 1140 2305 Neme-

55 2337 112 2370 mus
129 2320 227 2385 Eulogo
244 2320 289 2373 IV.
314 2324 346 2385 [v.
366 2324 407 2384 17]
443 2320 533 2386 „Ouid
555 2322 627 2372 vultu
650 2327 762 2370 mentem
784 2321 893 2387 premis,
919 2325 945 2371 et
960 2336 1033 2387 spem
1050 2322 1141 2384 secrete

55 2389 167 2438 renerd‘
193 2387 286 2453 Virgil.
304 2391 366 2440 Aen.
384 2390 429 2451 IV,
453 2392 512 2442 dil.
546 2390 710 2455 „Consilium
727 2388 799 2438 vultu
817 2389 894 2454 tegit,
921 2394 947 2438 et
961 2405 1034 2455 rpem
1049 2389 1142 2451 fronte

55 2458 155 2507 renrrf‘
189 2456 260 2520 Ergo
277 2457 310 2507 ad
327 2457 392 2508 hanc
410 2459 509 2521 faciem,
526 2458 654 2524 praeclare
672 2457 773 2520 quidem
790 2457 868 2507 codex
885 2456 1048 2520 Barthianur,
1065 2459 1141 2508 unltn

55 2524 128 2574 ordia
146 2523 246 2574 celere:
273 2528 355 2575 totum
379 2531 464 2576 tamen
487 2526 567 2588 illud,
592 2526 754 2577 Prudentem
778 2529 817 2574 eet
833 2524 921 2574 cetere
935 2525 1039 2590 gaudie
1057 2526 1140 2589 crelin,

57 2593 112 2642 scio
130 2593 175 2657 qui
191 2593 276 2643 minue
292 2593 383 2658 placet.
418 2594 507 2659 Neque
530 2595 597 2644 enim
616 2593 747 2653 convenit,
774 2590 910 2655 Tiresiam,
935 2592 980 2657 qui
996 2608 1042 2659 per
1060 2598 1140 2643 totam

55 2676 91 2709 nc
109 2660 219 2710 Satiram
236 2677 336 2711 scurrae
353 2677 487 2727 personam
505 2663 627 2724 sustinet,
650 2662 700 2711 iam
718 2663 862 2711 sententies
881 2661 967 2726 loqu2‘3
992 2662 1140 2725 praesertim

55 2744 99 2789 mc,
118 2743 181 2792 quae
198 2733 297 2779 tantum
315 2730 387 2783 abest
403 2736 433 2781 ut
450 2732 478 2780 in
495 2731 641 2781 universum
658 2745 715 2779 vere
733 2729 840 2791 dicatur,
865 2727 1059 2793 utplerumque
1076 2728 1141 2779 salsa

55 2814 66 2845 1.
94 2797 160 2846 Raro
172 2796 238 2846 enim
247 2798 482 2862 pendentibneusu
496 2800 574 2863 venit,
592 2803 622 2847 ut
632 2796 726 2862 gaudia
743 2797 815 2847 vultu
833 2797 932 2857 eelere;
950 2813 1025 2863 saepe
1042 2803 1139 2862 contra,

70 2870 156 2929 aperte
170 2865 309 2930 profiteri;
334 2867 436 2931 saepius
454 2871 484 2917 ut
500 2866 627 2916 rirnnterc
645 2866 766 2915 debeant:
793 2870 881 2929 utpote
899 2864 991 2929 quibus
1009 2865 1084 2931 plura
1101 2880 1140 2916 se·

56 2932 115 2981 ndis
125 2932 227 2983 adversa
235 2933 332 2983 soleant
341 2935 496 3000 contingere.
514 2935 611 2984 Aeneas
619 2934 705 2997 itaque
715 2933 762 2982 viri
770 2931 911 2997 prudentis
921 2933 1005 2983 officio
1014 2934 1139 2999 fungitur,

58 3003 163 3067 millen.
174 3001 265 3064 moe]
283 3001 379 3067 „Spem
387 3001 580 3065 vulturimulat,
595 3004 695 3067 premat
712 3000 885 3050 eltumeorde
902 2999 1047 3052 delorem.“
1072 3000 1141 3063 Quid

55 3069 123 3118 ulta?
148 3069 235 3132 Neque
252 3069 314 3119 haec
331 3071 432 3121 Bertlrii
448 3071 538 3133 lectio,
564 3086 646 3134 neque
671 3068 717 3117 illa
735 3068 839 3133 vulgata
854 3068 952 3133 placet:
978 3067 1043 3119 elios
1059 3066 1140 3119 librae

56 3137 167 3198 cutiant,
194 3137 286 3201 quibus
304 3139 378 3204 copia
396 3144 441 3202 est,
459 3143 484 3188 et
502 3138 547 3203 qui
565 3137 595 3188 de
612 3136 722 3187 Horatio
738 3135 802 3187 bene
819 3137 911 3187 mereri
927 3136 1037 3187 student.
1072 3134 1139 3187 Sim·

55 3206 119 3255 icius
136 3204 250 3269 quidem,
269 3222 307 3256 me
325 3207 422 3268 iudice,
442 3206 583 3270 clariusque
601 3205 637 3255 sic
655 3203 765 3254 scribere
782 3203 921 3270 potuisset,
939 3203 1063 3324 &iserge
1080 3206 1139 3256 rub-

56 3272 105 3323 de:
122 3279 147 3322 et
163 3273 199 3323 sic
215 3273 339 3337 peullam
354 3281 431 3340 poter
448 3274 619 3334 tilecrr'rnare,
638 3277 663 3324 et
674 3270 780 3324 Gaudia
792 3272 929 3339 prudenter
984 3277 1013 3324 tu
1025 3272 1139 3324 celere.“

95 3342 149 3394 106.
183 3339 275 3392 Fenus
292 3341 411 3408 Egregie
432 3341 534 3404 sectam
549 3334 650 3392 'landet
672 3343 782 3403 uicinia]
817 3342 858 3393 Ita
881 3357 981 3404 omnes,
1006 3354 1069 3407 quos
1093 3358 1139 3392 no·

57 3409 112 3470 rim,
130 3408 242 3459 codices:
260 3409 303 3460 sed
313 3410 370 3461 Nic.
380 3411 503 3461 Heinsius
521 3410 548 3459 in
567 3410 680 3473 margine
698 3409 739 3459 sui
755 3407 826 3474 libri,
843 3409 922 3474 Lege,
940 3410 985 3472 ait,
1001 3425 1138 3462 munaum

55 3493 122 3542 cmpe
145 3478 204 3541 quia
221 3479 321 3528 vicinia
339 3483 377 3529 est
393 3495 484 3529 nomen
502 3477 674 3540 collectivum,
697 3478 755 3528 ideo
772 3494 876 3528 numero
894 3478 1019 3543 singulari
1036 3479 1139 3530 verbum

55 3545 122 3594 uralc
147 3543 267 3611 subiungi
289 3546 378 3597 voluit.
421 3547 526 3597 Amavit
549 3561 609 3597 sane
632 3546 671 3596 vir
694 3561 805 3595 summus
827 3547 893 3595 hane
915 3546 1037 3612 figuram,
1063 3562 1140 3611 quam

55 3613 161 3663 rntherin
178 3612 218 3663 vel
232 3613 359 3680 syllepsin
377 3619 482 3676 vocant3
499 3629 603 3679 eamque
620 3613 671 3664 lere
689 3613 806 3663 omnibus
823 3614 851 3663 in
868 3614 933 3664 locis
949 3613 1071 3674 inculcet,
1106 3629 1139 3664 ua

55 3698 95 3745 re,
118 3697 165 3746 qua
181 3681 284 3732 iniuria.
320 3681 384 3733 Vide
407 3683 540 3747 ipsumad
559 3681 805 3743 cauriensem,
825 3683 882 3734 189.
917 3630 1140 3747 Metamorphqll,

55 3752 84 3801 58.
110 3749 302 3802 Remedllmor.
316 3753 371 3803 164.
396 3750 534 3802 annosior
552 3750 708 3814 aingrrlmem
724 3763 854 3798 numerum
871 3748 1001 3814 praetulit,
1018 3752 1071 3798 tam
1086 3746 1139 3811 hic,

55 3833 99 3868 ram
117 3816 191 3867 alibi:
214 3816 299 3884 Epist.
318 3819 341 3884 Ι,
361 3822 399 3870 17.
418 3836 442 3873 v.
460 3821 501 3872 62.
536 3817 658 3882 „Quaere
671 3819 861 3883 peregrinam,
879 3814 978 3867 uicinia
996 3831 1081 3866 rauce
1098 3831 1139 3867 re·

55 3887 142 3935 amat.“
158 3890 182 3936 et
198 3886 282 3952 Epist.
301 3887 322 3948 I,
343 3889 381 3941 16.
400 3904 422 3936 v.
440 3889 483 3940 44.
516 3886 589 3952 „Sed
606 3885 674 3937 ridet
692 3885 762 3935 lenna
780 3886 866 3935 omnir
885 3880 978 3935 domur
995 3889 1024 3934 et
1037 3886 1138 3949 simnia

56 3955 107 4007 te.‘'‘
131 3952 173 4005 ubi
190 3970 243 4004 non
260 3954 360 4006 codices
378 3960 491 4017 tantum,
516 3954 561 4006 red
585 3958 611 4006 et
627 3953 701 4004 metri
718 3952 785 4003 ratio
802 3952 937 4003 lectionem
955 3956 1049 4003 certam
1066 3952 1137 4004 iacit.

55 4022 126 4072 rrsiur
142 4021 185 4084 IV,
203 4024 245 4074 45.
263 4025 316 4086 [46]
334 4026 490 4089 „egregiam
508 4038 568 4073 curn
584 4037 626 4074 me
643 4023 743 4072 vicinia
761 4020 855 4072 dicat.“
880 4021 922 4071 Ita
938 4025 1039 4085 praeter
1055 4016 1137 4071 editor

55 4091 120 4140 ibent
136 4090 184 4139 tria
202 4090 306 4157 scripta,
325 4092 417 4158 quibus
434 4108 495 4142 usus
513 4106 576 4153 sum,
593 4089 752 4155 exemplaria.
778 4088 848 4140 Idem
858 4086 1058 4208 Heinriuamport
1075 4088 1138 4138 duos

55 4159 206 4221 intestinos,
229 4162 336 4224 quorum
352 4161 458 4226 propior
475 4163 514 4211 est
530 4157 683 4224 singularis,
706 4157 809 4209 verbum
826 4161 910 4208 tamen
928 4157 973 4224 plu
1013 4173 1026 4208 e
1043 4156 1138 4223 abique

76 4241 97 4292 *l
111 4241 166 4295 [lere
179 4240 231 4296 erre]
1011 4277 1013 4281 ,

76 4327 180 4370 Horetim.
200 4327 218 4371 1.
903 4309 935 4362 32
