2840 4762
9 1 154 123 A

200 255 225 301 X
655 253 853 305 DEDIGATIO.

199 387 279 471 Regi
301 386 458 473 exposuit,
482 387 572 466 Quae
592 387 626 451 in
647 387 901 454 armamentariis
923 386 1088 454 &horreis
1102 390 1245 453 &cetero
1261 409 1319 473 ap·

200 505 315 585 paratu
337 497 494 574 habuerit,
516 498 567 563 vel
589 497 659 563 sola
680 497 809 564 maioris
832 518 904 565 esse
927 518 1023 581 quam
1039 497 1150 580 quanti
1165 498 1224 564 Ille
1238 497 1319 563 inte·

201 629 292 692 gram
314 608 424 673 urbem
448 607 559 672 emtori
580 606 763 672 addixerat:
792 614 859 673 tum
882 608 1013 684 deinde,
1041 627 1104 672 non
1126 608 1320 674 mediocrem

200 739 369 784 numorum
391 738 548 783 summam
571 717 692 787 (decem
703 717 804 782 millia
817 717 924 803 pondo
943 723 1035 782 erant
1049 717 1168 799 signati
1182 718 1319 801 argenti)

201 829 283 894 clam
304 827 337 892 in
360 827 467 893 subita
489 826 665 893 obsidionis
693 832 713 892 a
736 848 771 894 se
793 834 1006 904 reservatam,
1046 827 1128 893 &in
1158 847 1233 893 arca
1255 828 1320 894 illio

201 938 322 1004 ferrata
343 937 500 1003 relictam:
522 938 606 1003 hanc
628 937 768 1004 sibiRex
789 939 1025 1022 quamprimum
1047 937 1163 1004 advehi
1185 937 1320 1019 iuberet,

200 1069 241 1114 nc
264 1051 291 1113 d
313 1048 376 1113 ista
399 1047 491 1115 Gallo
514 1053 580 1112 tarn
602 1053 815 1130 quaestuosae
836 1054 1034 1115 mercaturae
1055 1047 1145 1113 ficret
1166 1047 1319 1114 accessio.

201 1136 275 1222 Heu
293 1160 406 1242 pictos,
428 1158 487 1220 beu
506 1160 613 1242 prisco
631 1158 731 1244 fides!
752 1158 879 1241 quantis
901 1158 1016 1224 exinde
1028 1156 1232 1222 Docleatem
1248 1177 1322 1242 pro·

201 1268 300 1334 ditam
323 1268 558 1334 calamitatibus
580 1267 713 1333 luimusl
735 1274 771 1333 at
783 1269 888 1334 Huius
910 1268 938 1334 si
960 1276 1027 1334 tum
1049 1267 1178 1333 monitis
1200 1268 1322 1332 obtem·

202 1386 347 1465 peratum
362 1377 493 1457 luisset3
517 1398 588 1444 earn
602 1377 695 1444 nobis
710 1384 922 1464 opportunam
943 1379 1155 1461 hostibusque
1169 1377 1320 1444 infestam

200 1509 299 1575 penes
321 1508 380 1554 nos
402 1495 539 1553 stantem
562 1487 769 1568 haberemus,
798 1508 895 1571 quam
917 1488 1127 1555 excidendam
1154 1508 1229 1552 mox
1253 1489 1322 1553 lore

200 1600 332 1681 soloque
368 1598 569 1681 aequandam
603 1618 685 1683 pene
718 1619 843 1664 summa
875 1598 939 1663 iam
975 1605 1120 1664 votorum
1157 1600 1185 1663 du
1219 1598 1322 1663 instar

200 1709 352 1794 triumphi
374 1715 432 1773 est.
477 1707 651 1773 Consililne
673 1714 781 1773 tamen
802 1709 876 1794 plus
898 1708 1010 1786 mirer,
1034 1729 1076 1773 an
1098 1708 1272 1790 singularis
1295 1710 1322 1774 d

200 1818 234 1884 in
264 1818 419 1904 exemplis
446 1817 542 1885 hodie
570 1818 796 1884 memorandae
829 1818 1064 1885 abstinentiae?
1100 1819 1204 1897 Quam
1233 1818 1322 1883 nullo

201 1930 329 2011 negotio
352 1928 532 2014 periculove
553 1929 596 1993 ad
618 1949 654 1993 se
676 1934 819 1994 avertere
840 1929 945 2014 potuit
966 1936 1031 1994 tam
1050 1929 1204 2010 grandem
1225 1948 1323 2014 pecu-

72 2057 107 2111 [p.
123 2056 178 2111 xrr]
201 2040 304 2117 niam,
328 2059 400 2104 eam
420 2041 454 2104 ls
476 2038 594 2104 recenti
615 2037 690 2103 licet
711 2038 902 2104 contumelia
924 2039 1074 2104 offensior
1094 2038 1103 2122 ll
1124 2039 1323 2123 insperatam

202 2153 230 2217 du
251 2150 403 2214 intactam
424 2148 564 2233 Principi
586 2148 736 2213 exhibuit.
767 2148 855 2215 Nihil
875 2148 975 2231 igitur
996 2168 1112 2214 novum
1135 2150 1162 2213 du
1183 2168 1247 2213 non
1260 2150 1322 2214 Pa-

203 2268 345 2334 ternum,
374 2261 438 2325 Vm
461 2261 747 2337 Gannaosrssrnn,
777 2259 828 2325 vel
850 2259 882 2323 in
906 2279 1031 2325 summa
1059 2265 1115 2323 tua
1137 2258 1323 2340 integritate

204 2379 301 2455 atque
317 2369 497 2435 innocentia
512 2368 645 2435 dedisti:
667 2389 726 2435 nec
750 2390 828 2436 sane
845 2389 905 2452 ego
920 2369 1063 2433 innatam
1079 2367 1152 2433 Tibi
1166 2368 1323 2454 pecuniae

202 2480 454 2557 contemtionem,
478 2479 712 2561 quantumlibet
734 2479 854 2561 alioqui
876 2499 991 2556 raram,
1014 2478 1048 2543 in
1069 2478 1220 2544 laudibus
1242 2479 1322 2546 Tuis

201 2592 381 2678 ponendam
402 2589 481 2655 mihi
503 2608 635 2655 censeo:
658 2610 723 2672 qua
745 2596 852 2654 tamen
863 2588 1044 2654 admirabili
1066 2609 1137 2654 oum
1152 2588 1323 2674 prudentia

202 2705 230 2767 dr
252 2700 428 2782 sagacitate
450 2698 618 2765 coniuncta
639 2699 673 2763 id
695 2718 798 2784 nuper
819 2705 1008 2764 consecutus
1031 2718 1082 2778 es;
1105 2705 1141 2764 ut
1155 2701 1201 2764 Te
1225 2719 1322 2764 unum

202 2813 296 2876 Fisoo
312 2810 412 2891 Regio
434 2808 629 2894 praesidere,
652 2808 713 2875 sibi
736 2808 848 2875 civitas
870 2807 972 2876 omnis
994 2809 1121 2895 plenius
1143 2829 1241 2891 quam
1250 2809 1323 2874 Tibi

203 2920 391 3004 gratuletur.
443 2922 491 2984 Te
522 2926 607 2985 certe
634 2918 760 2987 Aerarii
791 2919 883 2985 frena
913 2920 1114 2996 moderante,
1148 2938 1323 3001 numquam

203 3032 337 3098 deerunt
359 3031 410 3095 vel
431 3029 464 3093 in
487 3029 537 3095 his
551 3029 726 3095 Numariae
748 3029 795 3093 rei
815 3030 974 3112 angustiis
989 3036 1122 3116 paratae
1138 3029 1254 3095 civium
1269 3049 1323 3096 vo-

203 3143 359 3220 luntates3
383 3140 489 3222 quoad
512 3159 622 3206 omnes
644 3139 811 3206 lectissimi
826 3139 908 3204 Belli
930 3140 1084 3223 reliquiae
1099 3159 1251 3225 prospere
1273 3157 1322 3204 se·

204 3252 372 3338 peliantur.
403 3249 578 3333 Ecquando
601 3257 708 3316 tamen
730 3252 812 3316 den
835 3269 986 3332 umquam
1007 3250 1036 3317 is
1059 3249 1128 3316 dies
1150 3249 1322 3326 illucescet,

204 3383 267 3445 quo
283 3363 432 3446 Europae
453 3380 511 3445 per·
533 3366 579 3425 tot
600 3360 703 3426 lustra
723 3359 756 3424 in
779 3381 814 3426 se
837 3360 976 3437 collisae,
999 3380 1103 3443 neque
1124 3359 1255 3445 proeliis
1273 3378 1324 3425 so-

204 3473 272 3538 lum
293 3471 351 3537 sed
366 3470 591 3556 &pestilentia
613 3471 798 3542 exhaustae,
821 3470 1016 3537 laetissimus
1031 3470 1085 3535 ille
1099 3471 1201 3536 Pucrs
1216 3469 1324 3535 vultus

205 3582 375 3663 affulgeat3
398 3580 509 3646 maiori
532 3582 597 3646 iam
617 3580 791 3647 viventium
813 3581 897 3666 parti
918 3600 1092 3663 numquam
1113 3583 1324 3665 conspectus?

205 3693 375 3759 Enimvero
397 3690 430 3755 in
452 3690 502 3757 his
525 3692 623 3757 armis
644 3690 821 3757 iustissime
842 3689 973 3766 indutis,
1000 3696 1065 3755 tam
1087 3689 1243 3776 Principis
1266 3711 1324 3755 au·

206 3802 315 3889 spiclis
338 3822 433 3885 quam
455 3802 518 3867 fide
539 3802 713 3878 Sociorum,
736 3808 801 3866 tam
822 3802 949 3867 Ducum
971 3800 1111 3867 consiliis
1134 3821 1231 3883 quarn
1242 3799 1323 3866 Mili·

207 3919 274 3979 tum
296 3911 413 3979 virtute
434 3911 524 3990 freti,
547 3911 671 3977 felicem
692 3910 865 3993 aliquando
887 3930 993 3977 rerum
1014 3910 1134 3979 exitum
1159 3931 1216 3997 spe
1238 3917 1325 3976 certa
1370 3958 1376 3971 ,

206 4022 430 4111 praecipimus.
461 4021 546 4101 Quid
560 4021 636 4087 mali
651 4028 757 4087 tamen
771 4019 966 4087 Ductoribus
980 4021 1119 4087 hostium
1133 4041 1197 4089 non
1211 4020 1324 4086 merito

207 4133 440 4218 imprecemur?
461 4131 578 4215 quibus
600 4131 698 4198 etiam
712 4131 805 4199 victis
820 4130 931 4196 bellom
954 4132 1029 4196 utile
1050 4137 1114 4210 est;
1138 4131 1192 4214 qui
1212 4131 1246 4196 in
1266 4130 1324 4197 im-
