2810 4764
396 235 574 302 csmnuu'u
595 256 662 304 um.
684 256 733 304 nu.
757 253 795 305 12.

122 384 223 453 Simul
245 393 357 453 unctos
376 385 538 454 Tiberinis
559 388 709 456 humeros
730 391 809 459 lavit
829 393 863 460 iu
885 396 989 478 undis,

161 472 269 554 Eques
290 472 362 557 ipso
383 471 495 537 melior
515 474 769 561 Bellerophonte,
791 499 896 563 neque
917 504 1026 568 pugno

161 558 274 640 Neque
297 557 389 640 segni
410 557 493 641 pede
513 561 632 625 victus:

80 655 109 705 ιο
124 640 224 708 Catus
243 642 327 709 idem
348 661 408 728 per
428 648 574 728 apertum
596 643 750 726 fugientia
771 648 893 731 agitato

34 863 165 926 opinionis
182 863 220 912 via
237 863 288 912 estl
315 862 382 912 Dum
405 861 437 913 ab
455 863 560 915 Horatii
576 864 692 929 partibus
718 870 784 918 stare
810 883 837 918 ae
860 869 954 934 credit,
978 888 1007 923 ea
1023 874 1111 928 laudat
1128 884 1153 931 et

33 929 161 993 defendit,
184 946 249 995 quac
267 930 363 994 alioqui
380 945 428 996 pro
445 947 540 983 summa
564 947 610 981 sua
627 932 770 985 eruditione
793 952 850 986 cum
867 937 958 1003 primis
975 940 1153 998 damnavisset,

33 999 117 1051 Nitor
133 999 214 1050 Hebri
236 1001 333 1064 equitis
349 1000 469 1050 vitiosam
486 1000 529 1050 hio
545 1000 629 1052 toret?
652 1000 720 1057 Quid
743 1002 808 1054 illud
831 1019 905 1070 erge,
930 1009 1012 1061 (larm.
1029 1012 1051 1074 Ι,
1070 1015 1110 1077 19,
1128 1019 1172 1068 5,λ

32 1067 115 1132 „Urit
129 1083 170 1118 mc
187 1066 307 1132 Glycerae
324 1066 394 1118 nitor
411 1067 574 1134 splendentis
590 1068 674 1120 Pario
691 1084 827 1123 mamare
840 1077 974 1140 pureum?
1003 1080 1044 1129 An
1061 1081 1152 1135 vitiose

32 1136 72 1189 ibi
89 1137 188 1187 locutus
205 1140 244 1186 est
256 1135 357 1199 Noster,
375 1137 436 1202 quia
452 1137 616 1202 splendentis
632 1138 706 1200 dixit,
723 1155 775 1190 non
791 1142 950 1207 splendens?
976 1144 1045 1202 Quin
1065 1152 1152 1216 potin,

32 1207 55 1257 ia
73 1204 143 1255 loeus
166 1209 314 1268 argumento
332 1211 383 1266 est,
408 1203 509 1256 laxatos
533 1220 587 1257 essa
613 1222 713 1266 versum
740 1209 836 1275 quippe
861 1216 957 1277 equitis
979 1214 1022 1266 hic
1045 1216 1153 1270 dixisset

31 1273 164 1334 Horatius,
181 1277 212 1321 ut
228 1271 266 1322 ibi
283 1273 452 1337 splendentis.
487 1274 537 1325 Sed
553 1279 684 1339 praeterea
700 1275 767 1336 ride,
792 1281 822 1327 ut
839 1295 870 1331 ex
886 1297 937 1331 uno
955 1282 1064 1336 absurdo
1081 1287 1152 1340 aliud

32 1347 158 1409 sequatur.
193 1341 250 1391 Hoc
268 1342 335 1393 enim
353 1341 418 1392 dicit
433 1341 545 1393 larvatus
561 1344 700 1403 Horatius3
723 1344 839 1396 Hebrum
856 1363 922 1414 equo
958 1366 1051 1417 pugno
1075 1355 1144 1421 pede

32 1413 86 1463 sive
103 1409 285 1476 campestribus
302 1410 439 1473 exercitiis,
457 1413 584 1462 inuictum
602 1427 664 1476 csse,
682 1411 787 1475 „Simul
804 1421 898 1467 unctor
914 1388 1151 1474 tiberinis'lumes

32 1496 78 1531 ros
97 1480 163 1531 lacit
178 1483 208 1531 in
224 1479 335 1530 undis“:
353 1479 380 1529 id
399 1484 444 1541 est,
460 1484 554 1546 postca
571 1494 650 1545 quam
670 1478 742 1534 lacit.
776 1483 856 1548 Atqui
873 1484 1015 1552 hocssplane
1037 1495 1076 1540 est
1093 1485 1150 1542 ἄνω

31 1550 174 1615 ποταμῶν.
208 1547 275 1599 Nam
291 1547 401 1612 primum
419 1547 569 1599 exercebant
585 1562 612 1598 se
628 1547 657 1597 iu
676 1547 884 1617 (lampoldartiq
902 1559 929 1605 et
945 1560 999 1605 tum
1016 1563 1105 1622 postea
1122 1561 1150 1610 iu

31 1617 120 1669 Tiberi
136 1615 301 1667 lavabantur:
319 1622 349 1666 ut
365 1621 466 1681 praeter
483 1616 548 1667 alies
564 1615 687 1681 Vegetiua
705 1623 801 1681 namet,
819 1620 840 1682 1,
852 1622 875 1673 3.
903 1620 1051 1685 „Sudorem
1069 1642 1151 1679 curm

32 1694 59 1738 et
77 1689 218 1752 campestri
234 1687 362 1735 munitm
380 1685 519 1736 collectum
535 1683 626 1735 nando
644 1687 767 1736 iuuentus
784 1687 908 1739 abluebat
930 1692 960 1740 ia
980 1689 1098 1747 Tiberi‘:
1125 1701 1150 1746 et

30 1756 126 1808 ibidem
145 1757 183 1807 lo.
219 1752 350 1818 ‚‚1lomani
371 1758 471 1803 celeres
496 1749 624 1818 Campum
646 1752 777 1805 Martium
800 1758 918 1807 vicinum
939 1755 1028 1810 Tiberi
1049 1761 1151 1827 delege-

31 1830 113 1887 runt,·
136 1826 165 1873 in
182 1837 234 1889 quo
251 1825 375 1873 iuuentus
394 1827 458 1886 post
480 1823 639 1872 exercitium
663 1827 801 1873 armorum
824 1824 947 1876 sudarem
964 1828 1150 1896 pulveremque

31 1893 154 1954 dilueret,
171 1907 204 1943 ac
222 1891 404 1942 imsitudinem
422 1904 516 1940 cursus
532 1888 648 1940 natandi
671 1890 761 1941 labore
778 1891 947 1958 deponeret“
981 1894 1082 1951 Quanto
1099 1899 1149 1964 igi.

30 1969 75 2012 tur
91 1960 181 2011 melius
198 1975 283 2010 versus
299 1959 432 2020 Horatius,
451 1956 637 2023 quiNeobnlen
654 1959 795 2024 perculsam
811 1975 865 2011 esse
883 1960 948 2011 dicit
956 1962 1037 2014 Hebri
1052 1968 1148 2030 nitore,

30 2028 108 2081 simul
133 2045 162 2080 ac
185 2029 229 2079 ille
251 2027 423 2093 equitatione,
446 2024 578 2091 pugilatu,
607 2029 634 2075 et
656 2042 731 2076 eursu
753 2027 835 2078 maus
859 2029 887 2078 in
904 2028 991 2081 Tiberi
1015 2048 1042 2081 se
1058 2031 1148 2096 abluit,

30 2103 56 2149 ct
74 2097 133 2149 inde
151 2097 251 2148 domum
276 2095 376 2145 rediens
393 2111 419 2145 se
442 2093 474 2145 ab
492 2093 613 2144 exercitio
635 2094 766 2145 rubentem
793 2101 819 2146 et
834 2112 933 2147 roseam
956 2099 1049 2164 puellis
1065 2102 1148 2152 risen

30 2166 91 2217 dum
108 2164 231 2233 praebuit.
264 2164 354 2225 Quare,
373 2168 417 2213 aut
433 2162 506 2213 valde
523 2161 608 2224 fallor,
627 2168 672 2212 aut
688 2163 814 2228 genuinum
832 2165 931 2215 demum
946 2183 1062 2218 vemuum
1078 2169 1148 2233 ordo,

30 2251 104 2300 quem
130 2234 189 2284 libn'
213 2247 298 2283 omues
323 2247 375 2282 uno
401 2244 524 2281 consensu
551 2233 669 2292 tuentur,
697 2230 838 2283 editoribus
854 2232 941 2284 Flacci
965 2234 994 2284 in
1019 2239 1147 2301 posterum

47 2303 148 2354 lacebit.

29 2320 45 2368 p
99 2373 139 2423 to.
160 2369 240 2422 Catus
257 2367 327 2419 idem
342 2383 392 2434 per
409 2369 541 2432 apertum]
560 2363 641 2416 Catus
655 2365 702 2415 hoc
718 2366 775 2417 loeo
792 2367 888 2419 liabent
904 2368 1003 2421 codices
1021 2371 1146 2422 uuirersir

29 2438 74 2488 sed
91 2442 120 2488 tu
137 2442 215 2488 totam
233 2436 371 2488 clausulam
388 2434 573 2499 contemplare,
597 2432 692 2495 „Catus
715 2435 785 2485 idem
805 2452 857 2501 per
874 2452 890 2487 a
910 2442 996 2488 ertum
1012 2438 1152 2504 lugientcs·

28 2507 134 2573 agitato
145 2504 197 2557 Gra
216 2523 230 2556 e
247 2521 337 2556 ceruos
354 2503 485 2566 iaculari,
504 2507 530 2552 ct
546 2500 612 2552 celer
629 2502 684 2551 alto
703 2502 855 2554 latitantem
892 2508 1006 2556 ruticeto
1023 2510 1147 2573 eacipm

27 2575 153 2640 aprum,“
226 2579 281 2637 teu,
303 2572 404 2636 inquit,
429 2570 560 2631 tumulari,
584 2576 610 2619 et
627 2568 697 2619 celer
714 2574 844 2637 excipere.
879 2574 913 2622 At
929 2573 1026 2624 amiam
1044 2574 1145 2639 qnidam

27 2658 113 2704 meua,
136 2641 176 2691 vir
192 2641 289 2705 insigni
306 2640 436 2702 doctrina,
461 2637 547 2704 potius
564 2637 620 2687 rice
638 2653 709 2688 versa
725 2638 846 2689 Nostrum
868 2640 1000 2707 scripsisse
1023 2648 1146 2707 autumat,

26 2709 118 2772 „Celer
135 2709 205 2760 idem
219 2724 270 2775 per
287 2714 408 2774 apertum
480 2705 557 2756 Catus
575 2706 630 2756 alto
649 2705 825 2757 latitantem.“
855 2707 921 2759 Nam
938 2710 1082 2761 celeritatis
1099 2718 1145 2774 est,

25 2778 122 2842 inquit,
139 2776 274 2843 fugientes
291 2792 376 2827 cervos
398 2775 483 2826 iaculo
500 2772 634 2838 consequi:
659 2778 716 2824 cati
735 2776 846 2826 hominis
869 2781 907 2826 ast
924 2778 1039 2842 excipere
1054 2794 1145 2846 aprum

24 2847 178 2897 latitantem.
212 2848 295 2909 Atque
312 2844 359 2894 hoc
378 2843 479 2908 quidem
496 2841 569 2892 valde
586 2842 727 2906 speciosum
744 2859 797 2894 esse
814 2844 903 2907 fateor,
921 2851 946 2895 st
963 2847 1046 2911 prima
1061 2847 1145 2899 treme

22 2915 91 2966 mire
108 2912 260 2964 adblandiri.
297 2911 346 2963 Sed
363 2911 492 2961 rideamus
510 2909 572 2974 quid
589 2909 624 2960 sit
641 2913 765 2976 mcipm
781 2927 885 2978 aprum.
920 2912 1023 2965 Curtius
1037 2914 1108 2974 vm,
1119 2919 1143 2969 2.

22 2988 57 3047 [c.
80 2985 91 3034 1
113 2983 130 3049 ᾖ
150 2984 191 3044 14]
227 2979 310 3044 „Cum
333 2980 373 3029 leo
396 2977 593 3043 magnitudinis
616 2993 697 3028 rarae
714 2981 801 3044 ipsum
825 2983 968 3031 incasurus
984 2984 1143 3048 incurreret,

20 3052 114 3113 feram
131 3065 186 3100 non
204 3049 305 3114 excepit
320 3046 413 3110 moda,
436 3044 484 3096 sed
507 3047 587 3096 etiam
612 3060 667 3095 uno
685 3046 794 3097 uulnere
811 3045 934 3101 occidit.“
968 3047 1143 3103 Quintilianus

20 3119 113 3169 Instit.
123 3117 167 3180 IV,
178 3118 200 3169 2.
215 3119 292 3184 [517]
311 3116 472 3181 „Pastorem
490 3112 563 3179 quod
579 3115 602 3162 is
619 3128 716 3177 aprum,
735 3130 812 3180 quem
824 3118 878 3181 ipsi
888 3119 995 3167 muneri
1002 3117 1142 3184 obtulerat,

20 3190 160 3251 exceptum
178 3200 233 3235 esse
250 3201 266 3235 a
283 3201 311 3234 se
328 3180 454 3234 venabulo
472 3179 608 3241 consessus
625 3187 698 3246 essct,
715 3184 745 3231 in
763 3198 868 3234 crucem
884 3184 1019 3236 sustulit.“
1046 3185 1143 3238 Seneca

19 3257 54 3306 de
72 3255 116 3304 Ira
133 3254 204 3315 1‚11.
221 3253 247 3320 [ᾗ
259 3254 284 3315 2]
319 3252 422 3316 „Atqui
439 3250 610 3299 circuientes
628 3247 693 3298 ieras
710 3251 807 3315 excipit
824 3258 949 3315 uenator,
966 3256 993 3302 et
1009 3251 1143 3318 fugientes

16 3323 221 3390 persequitur.“
256 3321 407 3387 Spartianus
424 3317 452 3368 in
471 3315 600 3367 Caracallo
618 3320 650 3379 [c.
660 3319 702 3379 51:
737 3319 865 3384 ‚Excepit
882 3334 956 3385 apros
973 3320 1143 3385 frequentem

20 3395 122 3441 contra
140 3390 242 3439 leonem
259 3391 341 3439 etiam
357 3387 455 3437 stetit“
489 3386 585 3435 iterum
603 3385 706 3445 Seneca,
724 3385 755 3436 de
771 3386 935 3437 Providentia
953 3403 1008 3453 cap.
1027 3391 1050 3440 2.
1070 3391 1096 3456 [fi
1115 3393 1140 3454 8]

17 3458 74 3523 „Si
90 3456 243 3508 adolescens
261 3458 408 3507 constantis
425 3455 511 3504 animi
527 3453 665 3503 irruentem
681 3452 760 3503 ierem
777 3452 901 3505 venabulo
918 3457 1031 3521 excepit3
1049 3460 1074 3507 si
1091 3458 1142 3509 leo-

17 3529 67 3577 nis
83 3528 224 3576 incursum
241 3527 383 3575 interritus
397 3520 538 3588 pertulit.“
571 3519 649 3570 Vides
665 3520 716 3570 iam
733 3522 827 3587 opinor
844 3522 979 3574 celeritate
1002 3529 1028 3575 et
1044 3525 1142 3577 viribus

18 3596 45 3645 ei
65 3609 131 3658 opus
149 3609 217 3653 esse,
236 3594 280 3657 qui
297 3592 336 3642 vel
353 3593 500 3641 venientem
517 3603 614 3654 aprum
631 3595 773 3655 acceperit.
806 3591 833 3640 Ia
851 3607 910 3642 vero
927 3608 961 3641 ru
1013 3591 1085 3663 ειρίᾳ
1101 3595 1142 3646 in·

17 3662 94 3726 signi
114 3677 167 3711 ease
186 3660 272 3722 debet,
290 3666 330 3722 et,
347 3665 377 3709 ut
393 3656 506 3709 Achillea
523 3656 689 3719 Homericus,
707 3660 773 3727 πυρὶ
807 3661 882 3728 εἴρας
898 3656 938 3711 ios
968 3677 1027 3721 rue,
1054 3662 1140 3712 celeri·

16 3736 102 3780 tatem
120 3745 209 3780 manue
228 3729 301 3794 quasi
317 3729 418 3792 igneam
435 3725 541 3786 habere,
565 3724 610 3789 qui
626 3740 716 3790 aprum
733 3726 761 3776 iu
779 3675 898 3779 inciam
916 3728 997 3779 adhuc
1016 3729 1140 3779 latentem

15 3797 149 3848 venabulo
167 3812 290 3862 occupare
307 3796 415 3863 poterit,
440 3808 521 3859 neque
544 3792 691 3842 incurrendi
715 3799 741 3843 et
763 3795 876 3847 irruendi
899 3812 995 3847 moram
1018 3795 1059 3845 illi
1081 3812 1141 3846 con-

17 3867 120 3918 cedere.
157 3865 240 3921 Quare
257 3865 356 3929 placet,
380 3863 447 3928 quod
464 3862 492 3914 iu
510 3859 646 3911 (lodicibus
663 3861 783 3924 babetur,
810 3862 883 3914 Celer
900 3867 1035 3929 accipere:
1059 3879 1140 3928 neque

15 3936 108 3986 minus
126 3934 222 3984 arridet
239 3934 359 3996 alterum,
380 3930 460 3983 Catus
477 3929 602 3993 iaculari,
621 3945 672 3979 uon
691 3929 767 3980 celer.
802 3931 903 3997 Quippe
920 3931 971 3981 iam
989 3936 1065 3981 antea
1081 3947 1139 3997 pro·

15 4003 98 4054 rimis
115 4001 199 4053 uerbis
217 4017 232 4051 a
250 4004 385 4053 celeritate
407 4001 470 4052 satis
487 3998 602 4048 Hebrum
619 3997 848 4062 commendaverat,
872 3997 965 4064 Neque
981 4002 1058 4064 segne·
1073 4000 1140 4065 pede

15 4075 116 4122 nictus.
157 4070 228 4134 Ergo
255 4086 344 4120 novam
377 4070 419 4120 hic
452 4067 551 4118 laudem
576 4070 712 4127 memorat,
746 4064 826 4118 Catus
851 4067 969 4117 iaculari
998 4066 1139 4131 fugientes,

16 4140 90 4205 quod
115 4143 141 4189 et
158 4138 277 4188 virtutem
295 4145 320 4189 et
343 4142 422 4189 artem
445 4140 526 4189 notat.
561 4134 611 4190 Qui
637 4134 704 4185 euim
726 4133 860 4200 fugientes
877 4150 962 4184 cervos
979 4134 1063 4185 iaculo
1081 4150 1139 4185 cou-
