2840 4762
458 277 658 328 PRAEFATIO.
1057 277 1120 326 XXI

79 410 113 474 iri
134 410 273 497 coeperit
291 410 458 477 Maecenas
479 410 613 479 triennio
634 419 708 478 ante
730 412 814 478 diem
836 412 976 477 fatalem.
1021 410 1121 490 Quasi

100 526 162 572 non
190 508 265 594 plus
293 508 392 573 semel
422 507 455 573 in
476 514 543 574 iam
571 510 668 590 longa
689 508 755 575 vita
776 509 1004 591 aegrotaverit,
1027 527 1122 591 quem

78 604 125 670 ius
145 604 247 671 maior
267 605 340 681 VH,
362 609 412 671 51.
436 609 465 684 [ξ
484 610 555 686 172]
585 620 722 690 perpetua
742 608 821 689 febre
842 607 884 672 ab
906 604 1122 673 adolescentia

78 722 166 768 rasse
177 701 316 768 tradidit.
345 701 430 768 Illud
441 723 516 769 vero
530 704 563 770 in
576 705 727 771 Sermone
739 722 775 769 vl
788 703 861 769 libri
873 708 902 780 2,
916 708 955 782 [v.
965 707 1016 781 55}
1033 704 1121 781 Quid,

79 803 141 863 iias
156 806 300 883 prameica
325 799 472 882 Triquetra
511 803 635 865 Praedia
657 802 771 878 Caesar,
799 822 838 863 aa
859 815 899 864 cst
919 802 993 864 Itala
1021 801 1122 864 tellure

79 896 144 960 acsi)
177 916 257 975 non,
293 904 328 963 ut
358 897 483 977 volunt,
517 897 560 964 ad
587 918 729 984 pugnam
751 897 914 963 Actiacam
942 918 1121 980 annumque

80 993 106 1058 ci
128 1013 221 1060 xxxv
241 991 441 1060 referendum
463 1003 540 1073 erat,
572 1014 631 1061 nec
652 995 691 1060 ad
705 994 943 1081 Philippensem
964 1015 1122 1061 annumve

79 1111 100 1155 r:
134 1092 255 1178 quippe
282 1091 322 1156 de
349 1111 498 1174 agrorum
519 1087 683 1186 'divisiope
709 1092 762 1158 hic
789 1091 911 1174 agitur,
940 1112 1022 1175 quae
1049 1100 1124 1178 post

79 1190 129 1251 fam
150 1189 191 1255 de
213 1189 364 1275 Pompeio
385 1189 549 1255 victoriam
571 1196 603 1256 et
623 1188 736 1276 Lepidi
759 1189 952 1257 deditionem
973 1189 1006 1254 in
1029 1189 1122 1256 Gam-

81 1305 101 1350 a
120 1286 262 1369 alibique
283 1285 369 1351 facta
390 1294 447 1365 eat,
470 1306 554 1354 anno
568 1287 676 1352 Flacci
695 1304 788 1364 xxxi,
810 1294 844 1352 ut
865 1286 994 1353 dicertis
1015 1288 1122 1353 verbis

79 1389 113 1448 at
131 1383 194 1448 Dio
222 1406 254 1470 p.
277 1388 349 1462 456,
371 1388 433 1448 457
463 1383 523 1465 [ed.
545 1384 717 1450 Leunclav.
738 1404 768 1448 a.
795 1388 902 1462 16061,
932 1383 1123 1451 Plutarchus

79 1482 140 1546 »nio
161 1502 193 1567 p.
215 1484 275 1546 941
301 1482 361 1559 [ed.
384 1480 530 1545 Francos.
553 1501 582 1547 a.
609 1481 981 1560 1599]‚Paterculus11‚
1004 1485 1062 1560 81;
1091 1488 1124 1549 et

79 1579 169 1645 ianus
191 1601 222 1663 p.
239 1582 320 1644 1176
342 1576 402 1657 [ed.
425 1578 507 1643 Toll.
529 1582 675 1657 a16701.
703 1578 777 1644 Alia
798 1578 905 1642 omnia
926 1580 997 1664 pari
1019 1579 1123 1646 facili·

90 1676 222 1742 refutari
242 1683 389 1761 possent3
412 1676 471 1742 sed
491 1675 542 1742 hia
563 1676 668 1741 fruere
690 1683 721 1740 et
742 1675 823 1741 vale.
