2810 4764
409 277 587 327 calamum
607 278 674 325 LIB.
688 277 738 324 111.
761 270 799 323 16.

108 490 111 495 ⁴
131 411 237 491 Quam
261 411 289 477 si
310 410 463 494 quicquid
483 416 554 476 arat
574 410 700 496 inpiger
721 409 869 496 Appulus

131 497 299 563 Occultare
320 495 401 563 meis
423 495 545 562 dicerer
565 495 698 573 horreis,

216 582 351 662 Magnas
372 580 455 646 iuter
476 600 556 680 opes
575 579 678 679 inops,

129 669 237 733 Purae
258 666 346 734 nnus
366 685 479 748 aquae,
503 666 648 749 silvaque
668 683 817 746 iugerum

90 764 119 815 ao
133 754 324 828 Paucorum,
346 756 379 816 et
400 749 520 834 segetis
542 757 629 816 certa
649 749 731 816 fides
752 767 855 828 meae,

132 837 291 919 Fulgeute
313 834 446 921 imperio
467 835 581 902 fertilis
603 834 730 902 Atrium

216 921 314 986 Fallit
335 928 421 986 sorte
440 920 573 986 beatior.

296 1056 319 1089 r.
338 1041 379 1092 26.
397 1039 473 1104 Vulg.
491 1037 553 1090 Non
569 1039 656 1103 piger.
692 1037 733 1088 31.
750 1034 915 1101 dulgentem.

55 1158 160 1223 exemplo
177 1156 267 1207 fulciri
281 1160 372 1222 potest
406 1157 461 1206 Imc
478 1172 537 1206 vero
553 1158 621 1206 recte
638 1155 715 1205 habet
737 1158 839 1219 recepta
855 1154 958 1204 Lectio:
983 1170 1057 1218 quam
1081 1160 1164 1208 tamen

55 1226 112 1276 male
129 1225 261 1290 explicant
278 1224 425 1275 Torrentius
443 1223 638 1289 Dacieriusque3
662 1226 808 1273 conteratos
825 1224 879 1284 rei,
903 1223 989 1284 aiunt,
1014 1239 1090 1288 quam
1106 1241 1165 1290 pos·

56 1310 128 1344 sesam
143 1294 201 1358 ipse
219 1292 287 1343 haud
303 1293 388 1357 magni
405 1292 483 1356 lacit,
506 1290 597 1356 vulgus
614 1306 672 1341 vero
690 1290 798 1340 divitum
820 1306 868 1355 pro
884 1290 966 1340 nihilo
984 1290 1068 1353 ducit3
1092 1294 1164 1357 quasi

56 1368 195 1413 contemtae
212 1365 278 1410 esset
294 1363 409 1426 ece'gum
426 1365 453 1410 et
469 1358 682 1412 contemnendae.
708 1358 844 1408 Enimvero
856 1357 928 1408 aliud
940 1359 1029 1409 volunt
1042 1361 1165 1426 caecuba,

55 1431 163 1495 argutius
186 1428 267 1479 multo
289 1431 315 1478 et
332 1427 480 1492 elegantius.
514 1429 570 1478 Iam
592 1432 650 1477 aute
674 1426 774 1476 dixerat
790 1426 895 1488 Noster,
921 1426 984 1488 „Nil
1008 1428 1166 1492 cupientium

55 1498 136 1548 nudus
153 1502 243 1548 caetra
259 1497 352 1561 petu‘:
376 1500 452 1560 atque
469 1511 499 1546 ea
516 1496 629 1558 ratione,
646 1494 740 1560 inquit,
757 1492 915 1558 splendidior
932 1511 974 1544 ero
992 1495 1108 1547 dominus
1126 1500 1168 1547 rei

57 1570 203 1627 memmae,
221 1565 271 1614 hoc
289 1568 334 1625 est,
351 1579 407 1615 non
425 1560 539 1630 cupitae,
556 1578 632 1628 quam
649 1564 672 1613 ei
689 1567 768 1613 totam
783 1562 902 1627 Apuliam
917 1563 1080 1627 possiderem,
1098 1581 1167 1616 mora

56 1633 156 1683 diuitum
173 1637 318 1682 nostrorum
337 1631 425 1682 utendi
442 1637 468 1681 et
484 1631 586 1681 fruendi
602 1631 710 1681 nescius
738 1630 881 1681 Stoicorum
894 1630 991 1681 scilicet
1004 1633 1107 1682 effatum
1120 1639 1167 1695 est,

56 1702 188 1766 eapientem
206 1701 293 1750 omnia
309 1699 452 1765 possidere,
475 1700 589 1750 omnium
606 1699 737 1750 dominum
753 1714 820 1761 esse,
845 1699 959 1763 quamvis
976 1698 1043 1750 nihil
1060 1699 1165 1751 habeat:

3 1808 5 1825 ,
57 1770 110 1834 quia
125 1769 165 1819 nil
181 1768 264 1833 cupit,
281 1784 363 1832 neque
378 1768 458 1817 ullius
474 1767 583 1832 indiget.
618 1769 687 1832 Ergo
706 1766 799 1832 duplex
815 1765 857 1816 hic
874 1767 1020 1831 paradoxon
1038 1774 1089 1819 est:
1107 1768 1166 1834 ligo

57 1853 95 1887 ere
115 1851 252 1903 possessor
274 1839 316 1886 rei
337 1851 391 1886 non
414 1851 562 1901 possessae:
586 1835 635 1886 llle
658 1839 730 1885 inter
752 1848 865 1898 magnae
888 1849 950 1900 opes
973 1839 1058 1900 inope.
1094 1835 1167 1891 Quod

56 1906 175 1970 posterius
199 1919 215 1954 1
237 1902 325 1953 multis
347 1908 436 1973 postea
459 1918 604 1968 expressum
621 1907 673 1963 est;
699 1907 729 1952 nt
746 1902 841 1952 Seneca
856 1903 942 1968 Epist.
959 1902 1077 1956 LXXIV.
1096 1905 1122 1969 [ἦ
1140 1907 1166 1967 4]

3 1980 5 2009 ³
58 1972 228 2036 „decurrerem
253 1970 326 2036 quad
344 1987 432 2037 genus
455 1974 579 2036 egestatis
595 1972 784 2036 grauissimum
809 1975 859 2031 eet,
886 1970 914 2020 iu
929 1970 1028 2021 divitiis
1052 1972 1167 2037 inopes‘·

3 2022 5 2083 1
57 2041 117 2091 Idem
133 2040 213 2091 Herc.
230 2041 340 2090 Furento
360 2041 416 2093 168.
450 2041 511 2102 „tic
534 2039 609 2089 nullo
632 2039 687 2101 llere
709 2039 798 2089 beatas
824 2036 963 2103 Componit
992 2053 1065 2104 opes,
1090 2042 1168 2104 gaam

3 2318 5 2367 l

58 2111 165 2171 mimas,
183 2107 222 2157 ut
238 2113 360 2172 curgaa
378 2122 476 2173 pauper
492 2108 519 2157 in
538 2123 599 2157 auru
617 2108 680 2157 eet.“
714 2105 847 2156 Paullinus
864 2105 959 2167 Natali,
971 2105 1014 2158 m
1033 2106 1106 2170 [X,v.
1117 2108 1166 2159 292

58 2176 163 2230 111685
174 2177 289 2241 pantos
308 2180 369 2228 extr.
378 2176 487 2238 Pisana]
505 2175 591 2239 „inter
608 2189 667 2240 epea
677 2174 774 2238 inopes,
792 2176 870 2239 quast
884 2172 1012 2225 Tantalus
1020 2176 1074 2240 illc,
1093 2175 1167 2225 Inter

59 2259 133 2309 aquae
150 2245 255 2306 nuens,
272 2258 321 2293 nec
338 2243 436 2293 babent
452 2243 524 2308 quod
540 2243 637 2293 tabere
654 2241 806 2292 uidentur.“

118 2315 159 2366 16.
180 2310 314 2376 Quicquid
330 2316 393 2362 erat
408 2311 524 2376 impiger
531 2311 664 2376 Appulus]
682 2309 772 2360 Editio
780 2307 882 2370 Veneta,
898 2311 1027 2374 impiger,
1045 2309 1168 2360 Loscheri

3 2400 5 2427 z
58 2385 134 2432 autem
150 2395 206 2430 non
221 2381 310 2444 piger,
327 2379 394 2429 nude
411 2379 440 2429 in
457 2383 589 2442 sequentes
607 2393 637 2428 ea
652 2377 731 2428 lectio
747 2376 861 2427 derivata
878 2381 924 2426 est
958 2380 992 2426 st
1009 2377 1168 2428 membranae

3 2498 4 2501 ,
58 2463 135 2498 omnes
160 2452 187 2498 et
207 2460 278 2497 meae
296 2451 321 2496 et
338 2447 460 2510 aliorum,
483 2449 614 2512 impiger:
639 2444 706 2511 quod
729 2446 832 2495 omnino
849 2444 1018 2496 retinendum.
1053 2446 1124 2495 Arai
1140 2447 1168 2496 in

58 2531 154 2567 caesura
171 2515 335 2580 posteriorem
354 2514 479 2579 producit,
497 2520 527 2564 nt
542 2514 593 2565 iam
610 2513 746 2579 aliquoties
763 2512 881 2574 vidimus,
900 2512 1167 2577 Carm.I,13.rers.b

3 2566 4 2633 ἶ
59 2583 227 2645 maru

119 2655 159 2705 31.
177 2649 335 2715 Fulgentem
358 2652 479 2715 imperio]
515 2648 672 2713 Fulgentem
696 2646 817 2699 exhibent
842 2660 927 2698 omues
951 2648 1045 2713 ubique
1069 2648 1168 2700 codices

59 2734 143 2785 magua
160 2719 312 2769 constantia
339 2718 428 2782 Neque
445 2734 504 2768 voro
521 2718 628 2780 inficior,
646 2717 708 2781 quin
726 2722 794 2766 recte
810 2715 911 2766 dicatur
927 2715 1035 2781 fulgens
1048 2719 1167 2783 imperio,

3 2796 5 2819 ³
58 2792 83 2836 ut
99 2787 202 2839 Tacitus
224 2787 293 2837 Hist
311 2785 356 2849 IV,
372 2787 415 2838 42.
449 2785 628 2850 „Septuagies
648 2787 768 2835 scctmtio
791 2787 945 2848 saginatae,
973 2790 999 2835 et
1019 2786 1169 2836 sacerdotio

58 2853 191 2921 sulgeeffl:
206 2847 211 2859 ’
227 2854 352 2919 Vopiscus
381 2853 409 2903 in
433 2853 516 2903 Probo
540 2855 605 2904 12.
639 2851 703 2915 „Cn
727 2854 879 2918 Pompeium
911 2853 995 2902 tribue
1023 2853 1170 2918 fulgentem

59 2924 222 2990 triumptie.“
254 2924 291 2973 Et
314 2922 393 2973 Silius
416 2920 522 2972 Italicus
539 2921 617 2981 XIII,
637 2923 669 2983 [v.
686 2923 745 2983 605]
781 2919 883 2983 „Quam
907 2920 1005 2971 uellem
1026 2936 1170 2986 numquam

59 2994 157 3057 sceptris
176 2990 448 3055 111111111111111.τὲι
482 2990 571 3054 Neque
588 3004 663 3053 porro
681 2989 838 3052 negaverim,
856 2987 932 3048 fallit
949 2984 1102 3051 (λανθάνει,
1120 2989 1169 3039 ele·

59 3065 127 3124 geute
152 3073 213 3110 sane
237 3058 391 3121 Graecismo)
416 3061 483 3108 reete
506 3057 677 3107 accusativum
700 3060 759 3121 post
783 3071 809 3106 sc
832 3055 947 3115 trahens3
971 3056 1045 3117 fallit
1068 3057 1169 3107 beenan

58 3126 208 3192 fulgentem
225 3133 255 3177 ut
271 3126 391 3177 Lucanus
405 3125 450 3188 VI,
460 3127 500 3178 68.
535 3126 643 3190 ,‚Priena
661 3124 766 3188 quidem
784 3139 888 3188 surgens
907 3139 1016 3188 operum
1032 3129 1170 3174 structum

59 3194 142 3246 11111111
160 3194 325 3260 Pompeium.-
352 3193 435 3244 ueluti
457 3192 559 3246 mediae
583 3195 631 3259 qui
653 3197 725 3242 tuna
742 3195 772 3242 in
790 3195 862 3242 arnis
881 3191 1019 3255 Sicaniae,
1044 3191 1169 3256 rapidum

59 3268 135 3316 aaut
152 3265 256 3315 latrare
273 3262 411 3313 Pelorum:
444 3262 501 3312 Aut
522 3276 593 3325 naga
618 3275 677 3310 eum
698 3258 795 3326 Tethye
812 3259 1000 3324 Rutupinaque
1018 3259 1099 3309 litura
1116 3257 1170 3321 fer-

59 3338 120 3398 vent,
140 3329 217 3384 Unda
236 3330 391 3383 Caledonios
408 3329 475 3379 fallit
492 3328 593 3381 turbata
609 3330 774 3378 Britannos.“
791 3328 836 3377 nbi
852 3326 951 3388 fefellit
966 3342 1078 3391 surgeres
1095 3327 1170 3378 Pam·

58 3402 154 3463 petum,
180 3403 206 3450 et
222 3397 298 3458 salue
315 3399 423 3448 merbate
439 3397 602 3459 Britannos,
626 3397 712 3447 eodem
735 3395 811 3460 plane
834 3411 909 3445 sensu
934 3399 960 3445 et
983 3396 1170 3446 constructione

59 3472 190 3531 ponuntur,
210 3482 239 3516 au
257 3465 325 3531 apud
341 3470 463 3526 nostrum,
481 3465 555 3527 fallit
570 3469 641 3515 sorte
660 3465 762 3514 bennae·
777 3462 938 3529 fulgentem:
956 3463 1051 3515 Graece
1068 3463 1171 3527 dixeris,

60 3533 163 3597 ὶέληθεν
180 3529 346 3602 ἀνισταμένη
365 3530 415 3583 τὸν
432 3528 577 3601 Πομπήϊον
578 3568 591 3614 4
610 3524 741 3612 inedium
764 3529 951 3601 ταραττομένη
975 3528 1039 3587 τοὺς
1055 3535 1171 3601 Βρεταν·

30 3602 34 3609 “
60 3599 131 3662 νοός,
156 3597 289 3652 λανθάνει
307 3594 535 3670 εὖδαιμονεστέρα
559 3614 629 3650 ceca
651 3596 701 3650 τὸν
724 3615 852 3666 anquene.
890 3600 980 3664 Itaque
998 3601 1078 3651 dictio
1094 3601 1171 3653 huius

60 3669 104 3722 loci
125 3671 221 3737 optime
247 3686 272 3720 se
295 3669 385 3729 baben
411 3669 456 3720 sed
478 3669 633 3719 excutiamus
662 3669 815 3721 sententiam
837 3669 932 3733 ipsam:
967 3669 1073 3731 „Panae
1097 3671 1172 3718 rium

60 3754 146 3804 aquae,
164 3739 284 3802 silvaque
301 3741 424 3802 iugerum
431 3738 589 3799 Paucorum,
608 3742 634 3787 et
650 3738 745 3800 regetis
764 3741 835 3786 certa
852 3735 918 3797 lidos
934 3751 1007 3786 meae
1016 3736 1171 3801 1111111111
1238 3751 1241 3756 ·

61 3808 164 3873 inperio
188 3806 287 3867 fertilis
309 3806 421 3867 Asticus
441 3804 527 3855 Fallit
547 3810 619 3855 sorte
642 3805 770 3855 boarior.“
805 3804 856 3854 Ubi
878 3803 943 3853 male
966 3820 1018 3853 rem
1040 3807 1172 3868 gesserunt

60 3874 212 3941 interpretes,
231 3890 286 3924 cnm
305 3873 402 3939 Regem
419 3873 530 3937 aliquem
546 3873 643 3934 afrum,
661 3872 807 3939 Syphacem,
826 3871 907 3933 credo,
927 3871 965 3921 vel
982 3873 1110 3921 Bocchum
1127 3876 1171 3920 aut

60 3942 141 3994 Iubam
158 3942 316 4006 intelligunt.
351 3942 430 4007 Atqui
447 3957 520 3991 nemu
538 3941 639 3992 exiliis
661 3940 764 4005 regibus
787 3943 928 4006 imperium
945 3938 1056 3998 Africae
1073 3936 1171 4001 habuit,

61 4011 99 4060 sed
115 4011 195 4076 partis
213 4010 268 4061 eins
285 4009 422 4072 dumtaxat,
440 4009 575 4060 Numidiae
592 4014 655 4075 puta
667 4009 896 4059 antMauritaniac.
916 4006 983 4063 Quin
996 4007 1171 4071 magistratum

60 4077 196 4129 Romanum
212 4078 295 4128 voluit
311 4079 416 4140 Noster,
434 4077 613 4128 Proconsulem
631 4078 730 4128 scilicet
746 4076 860 4138 Africae,
879 4076 921 4126 cui
938 4079 992 4125 tota
1008 4074 1095 4125 Africa
1112 4091 1170 4139 pro·

61 4145 139 4197 vincia
151 4147 285 4211 obtigerat.
303 4146 425 4208 Africam
439 4150 522 4196 autem
535 4161 564 4196 eo
578 4147 700 4207 nominat,
718 4145 779 4209 quia
792 4162 820 4197 ea
833 4143 995 4210 amplissima,
1014 4147 1039 4193 et
1054 4145 1171 4193 amnium

62 4218 258 4278 prouinciarum
282 4230 336 4265 arn
357 4212 510 4276 habebatur,
533 4220 563 4264 ut
585 4219 672 4264 narrat
696 4212 784 4263 Cicero
808 4215 868 4275 [Pro
885 4211 992 4276 Ligario
1009 4227 1031 4263 c.
1050 4214 1064 4262 'l
1083 4210 1100 4279 ξ
1118 4213 1170 4273 21].
