<?xml version="1.0" encoding="UTF-8"?>
<!DOCTYPE html PUBLIC "-//W3C//DTD XHTML 1.0 Transitional//EN"
    "http://www.w3.org/TR/xhtml1/DTD/xhtml1-transitional.dtd">
<html xmlns="http://www.w3.org/1999/xhtml" xml:lang="en" lang="en">
 <head>
  <title>
</title>
<meta http-equiv="Content-Type" content="text/html;charset=utf-8" />
  <meta name='ocr-system' content='tesseract 3.04.00' />
  <meta name='ocr-capabilities' content='ocr_page ocr_carea ocr_par ocr_line ocrx_word'/>
</head>
<body>
  <div class='ocr_page' id='page_1' title='image "./qhoratiusflaccu02bentgoog_0089.png"; bbox 0 0 2818 4758; ppageno 0'>
   <div class='ocr_carea' id='block_1_1' title="bbox 611 228 951 288">
    <p class='ocr_par' dir='ltr' id='par_1_1' title="bbox 611 228 951 288">
     <span class='ocr_line' id='line_1_1' title="bbox 611 228 951 288; baseline 0.009 -13"><span class='ocrx_word' id='word_1_1' title='bbox 611 228 643 288; x_wconf 79' lang='lat' dir='ltr'><strong>o.</strong></span> <span class='ocrx_word' id='word_1_2' title='bbox 665 229 951 278; x_wconf 74' lang='lat' dir='ltr'><strong>scaranensem</strong></span> 
     </span>
    </p>
   </div>
   <div class='ocr_carea' id='block_1_2' title="bbox 258 362 981 939">
    <p class='ocr_par' dir='ltr' id='par_1_2' title="bbox 258 362 981 939">
     <span class='ocr_line' id='line_1_2' title="bbox 346 362 832 449; baseline 0 -21"><span class='ocrx_word' id='word_1_3' title='bbox 346 363 526 446; x_wconf 83' lang='lat' dir='ltr'>Utcumque</span> <span class='ocrx_word' id='word_1_4' title='bbox 548 368 672 427; x_wconf 86' lang='lat' dir='ltr'><strong>mutata</strong></span> <span class='ocrx_word' id='word_1_5' title='bbox 694 362 832 449; x_wconf 87' lang='lat' dir='ltr'><strong>potentis</strong></span> 
     </span>
     <span class='ocr_line' id='line_1_3' title="bbox 388 447 920 530; baseline 0.004 -20"><span class='ocrx_word' id='word_1_6' title='bbox 388 450 484 514; x_wconf 89' lang='lat' dir='ltr'><strong>Veste</strong></span> <span class='ocrx_word' id='word_1_7' title='bbox 507 448 619 512; x_wconf 88' lang='lat' dir='ltr'><strong>domos</strong></span> <span class='ocrx_word' id='word_1_8' title='bbox 641 447 770 512; x_wconf 89' lang='lat' dir='ltr'><strong>inimica</strong></span> <span class='ocrx_word' id='word_1_9' title='bbox 791 447 920 530; x_wconf 78' lang='lat' dir='ltr'><strong>linquis.</strong></span> 
     </span>
     <span class='ocr_line' id='line_1_4' title="bbox 258 532 981 614; baseline 0 -16"><span class='ocrx_word' id='word_1_10' title='bbox 258 546 290 598; x_wconf 78' lang='lat'><strong>25</strong></span> <span class='ocrx_word' id='word_1_11' title='bbox 305 535 346 600; x_wconf 87' lang='lat' dir='ltr'><strong>At</strong></span> <span class='ocrx_word' id='word_1_12' title='bbox 367 534 483 614; x_wconf 81' lang='lat' dir='ltr'><strong>volgus</strong></span> <span class='ocrx_word' id='word_1_13' title='bbox 505 532 648 610; x_wconf 88' lang='lat' dir='ltr'><strong>infidum,</strong></span> <span class='ocrx_word' id='word_1_14' title='bbox 671 542 703 598; x_wconf 89' lang='lat' dir='ltr'><strong>et</strong></span> <span class='ocrx_word' id='word_1_15' title='bbox 724 534 875 598; x_wconf 81' lang='lat' dir='ltr'>meretrix</span> <span class='ocrx_word' id='word_1_16' title='bbox 897 539 981 598; x_wconf 89' lang='lat' dir='ltr'><strong>retro</strong></span> 
     </span>
     <span class='ocr_line' id='line_1_5' title="bbox 300 616 864 698; baseline -0.002 -13"><span class='ocrx_word' id='word_1_17' title='bbox 300 620 434 685; x_wconf 87' lang='lat' dir='ltr'><strong>Periura</strong></span> <span class='ocrx_word' id='word_1_18' title='bbox 456 618 555 683; x_wconf 84' lang='lat' dir='ltr'><strong>cedit:</strong></span> <span class='ocrx_word' id='word_1_19' title='bbox 579 616 753 698; x_wconf 82' lang='lat' dir='ltr'><strong>diffugiunt</strong></span> <span class='ocrx_word' id='word_1_20' title='bbox 774 618 864 684; x_wconf 85' lang='lat' dir='ltr'><strong>cadis</strong></span> 
     </span>
     <span class='ocr_line' id='line_1_6' title="bbox 344 702 815 779; baseline -0.006 -11"><span class='ocrx_word' id='word_1_21' title='bbox 344 702 426 769; x_wconf 81' lang='lat' dir='ltr'><strong>Cum</strong></span> <span class='ocrx_word' id='word_1_22' title='bbox 448 702 538 768; x_wconf 86' lang='lat' dir='ltr'><strong>faece</strong></span> <span class='ocrx_word' id='word_1_23' title='bbox 561 702 689 768; x_wconf 79' lang='lat' dir='ltr'>siccatis</span> <span class='ocrx_word' id='word_1_24' title='bbox 711 703 815 779; x_wconf 86' lang='lat' dir='ltr'><strong>amici,</strong></span> 
     </span>
     <span class='ocr_line' id='line_1_7' title="bbox 385 787 894 872; baseline -0.004 -19"><span class='ocrx_word' id='word_1_25' title='bbox 385 789 484 853; x_wconf 89' lang='lat' dir='ltr'><strong>Ferre</strong></span> <span class='ocrx_word' id='word_1_26' title='bbox 506 789 616 869; x_wconf 84' lang='lat' dir='ltr'><strong>iugum</strong></span> <span class='ocrx_word' id='word_1_27' title='bbox 639 787 759 872; x_wconf 87' lang='lat' dir='ltr'><strong>pariter</strong></span> <span class='ocrx_word' id='word_1_28' title='bbox 781 787 894 852; x_wconf 84' lang='lat' dir='ltr'><strong>dolosi.</strong></span> 
     </span>
     <span class='ocr_line' id='line_1_8' title="bbox 301 872 959 939; baseline -0.002 0"><span class='ocrx_word' id='word_1_29' title='bbox 301 874 417 939; x_wconf 70' lang='lat' dir='ltr'><strong>Sernes</strong></span> <span class='ocrx_word' id='word_1_30' title='bbox 438 873 558 938; x_wconf 88' lang='lat' dir='ltr'><strong>iturum</strong></span> <span class='ocrx_word' id='word_1_31' title='bbox 581 872 753 937; x_wconf 79' lang='lat' dir='ltr'><strong>Gaesarem</strong></span> <span class='ocrx_word' id='word_1_32' title='bbox 775 872 808 936; x_wconf 92' lang='lat' dir='ltr'><strong>in</strong></span> <span class='ocrx_word' id='word_1_33' title='bbox 821 872 959 938; x_wconf 89' lang='lat' dir='ltr'><strong>ultimos</strong></span> 
     </span>
    </p>
   </div>
   <div class='ocr_carea' id='block_1_3' title="bbox 211 1040 1350 4155">
    <p class='ocr_par' dir='ltr' id='par_1_3' title="bbox 211 1040 1350 4155">
     <span class='ocr_line' id='line_1_9' title="bbox 213 1040 1350 1101; baseline -0.001 -9"><span class='ocrx_word' id='word_1_34' title='bbox 213 1045 299 1092; x_wconf 86' lang='lat' dir='ltr'><strong>autem</strong></span> <span class='ocrx_word' id='word_1_35' title='bbox 317 1040 407 1091; x_wconf 88' lang='lat' dir='ltr'><strong>dicunt</strong></span> <span class='ocrx_word' id='word_1_36' title='bbox 424 1041 478 1101; x_wconf 91' lang='lat' dir='ltr'><strong>alii,</strong></span> <span class='ocrx_word' id='word_1_37' title='bbox 496 1040 610 1091; x_wconf 87' lang='lat' dir='ltr'><strong>infideles</strong></span> <span class='ocrx_word' id='word_1_38' title='bbox 628 1041 722 1090; x_wconf 89' lang='lat' dir='ltr'><strong>amicos</strong></span> <span class='ocrx_word' id='word_1_39' title='bbox 739 1042 867 1093; x_wconf 77' lang='lat' dir='ltr'><strong>Fortunae</strong></span> <span class='ocrx_word' id='word_1_40' title='bbox 885 1041 989 1091; x_wconf 79' lang='lat' dir='ltr'><strong>comites</strong></span> <span class='ocrx_word' id='word_1_41' title='bbox 1007 1056 1076 1089; x_wconf 88' lang='lat' dir='ltr'><strong>csse:</strong></span> <span class='ocrx_word' id='word_1_42' title='bbox 1095 1055 1179 1089; x_wconf 85' lang='lat' dir='ltr'><strong>veram</strong></span> <span class='ocrx_word' id='word_1_43' title='bbox 1196 1045 1287 1090; x_wconf 84' lang='lat' dir='ltr'><strong>autem</strong></span> <span class='ocrx_word' id='word_1_44' title='bbox 1302 1042 1350 1092; x_wconf 89' lang='lat' dir='ltr'><strong>Fi·</strong></span> 
     </span>
     <span class='ocr_line' id='line_1_10' title="bbox 214 1107 1349 1173; baseline -0.002 -12"><span class='ocrx_word' id='word_1_45' title='bbox 214 1110 272 1161; x_wconf 89' lang='lat' dir='ltr'><strong>dem</strong></span> <span class='ocrx_word' id='word_1_46' title='bbox 288 1108 393 1160; x_wconf 87' lang='lat' dir='ltr'><strong>minime</strong></span> <span class='ocrx_word' id='word_1_47' title='bbox 410 1109 550 1160; x_wconf 87' lang='lat' dir='ltr'><strong>Fortunam</strong></span> <span class='ocrx_word' id='word_1_48' title='bbox 574 1109 653 1173; x_wconf 88' lang='lat' dir='ltr'><strong>sequi.</strong></span> <span class='ocrx_word' id='word_1_49' title='bbox 689 1109 803 1171; x_wconf 87' lang='lat' dir='ltr'><strong>Ovidius,</strong></span> <span class='ocrx_word' id='word_1_50' title='bbox 821 1110 894 1158; x_wconf 90' lang='lat' dir='ltr'><strong>Pont.</strong></span> <span class='ocrx_word' id='word_1_51' title='bbox 914 1109 948 1170; x_wconf 91' lang='grc' dir='ltr'><strong>ΙΙ,</strong></span> <span class='ocrx_word' id='word_1_52' title='bbox 967 1111 990 1160; x_wconf 87' lang='grc'><strong>3.</strong></span> <span class='ocrx_word' id='word_1_53' title='bbox 1009 1111 1043 1170; x_wconf 81' lang='lat' dir='ltr'><strong>[v.</strong></span> <span class='ocrx_word' id='word_1_54' title='bbox 1063 1110 1103 1170; x_wconf 86' lang='lat' dir='ltr'><strong>ld]</strong></span> <span class='ocrx_word' id='word_1_55' title='bbox 1128 1107 1159 1158; x_wconf 88' lang='lat' dir='ltr'><strong>de</strong></span> <span class='ocrx_word' id='word_1_56' title='bbox 1183 1109 1304 1159; x_wconf 90' lang='lat' dir='ltr'><strong>amicitia</strong></span> <span class='ocrx_word' id='word_1_57' title='bbox 1322 1116 1349 1159; x_wconf 87' lang='lat' dir='ltr'><strong>et</strong></span> 
     </span>
     <span class='ocr_line' id='line_1_11' title="bbox 213 1175 1347 1243; baseline -0.003 -15"><span class='ocrx_word' id='word_1_58' title='bbox 213 1178 263 1228; x_wconf 80' lang='lat' dir='ltr'><strong>fide</strong></span> <span class='ocrx_word' id='word_1_59' title='bbox 280 1176 374 1227; x_wconf 77' lang='lat' dir='ltr'><strong>fucata.</strong></span> <span class='ocrx_word' id='word_1_60' title='bbox 409 1175 519 1243; x_wconf 80' lang='lat' dir='ltr'><strong>„Turpe</strong></span> <span class='ocrx_word' id='word_1_61' title='bbox 536 1176 642 1241; x_wconf 83' lang='lat' dir='ltr'><strong>quidam</strong></span> <span class='ocrx_word' id='word_1_62' title='bbox 661 1177 744 1240; x_wconf 77' lang='lat' dir='ltr'><strong>dictet,</strong></span> <span class='ocrx_word' id='word_1_63' title='bbox 765 1177 815 1227; x_wconf 82' lang='lat' dir='ltr'><strong>sed</strong></span> <span class='ocrx_word' id='word_1_64' title='bbox 837 1179 871 1237; x_wconf 80' lang='lat' dir='ltr'><strong>(si</strong></span> <span class='ocrx_word' id='word_1_65' title='bbox 894 1175 973 1226; x_wconf 86' lang='lat' dir='ltr'><strong>moda</strong></span> <span class='ocrx_word' id='word_1_66' title='bbox 998 1191 1062 1226; x_wconf 85' lang='lat' dir='ltr'><strong>cera</strong></span> <span class='ocrx_word' id='word_1_67' title='bbox 1081 1177 1208 1237; x_wconf 65' lang='lat' dir='ltr'><strong>laternam)</strong></span> <span class='ocrx_word' id='word_1_68' title='bbox 1233 1176 1347 1241; x_wconf 77' lang='lat' dir='ltr'><em>Vulgus</em></span> 
     </span>
     <span class='ocr_line' id='line_1_12' title="bbox 215 1243 1349 1310; baseline -0.002 -14"><span class='ocrx_word' id='word_1_69' title='bbox 215 1246 348 1296; x_wconf 74' lang='lat' dir='ltr'><strong>amicitias</strong></span> <span class='ocrx_word' id='word_1_70' title='bbox 365 1245 482 1295; x_wconf 83' lang='lat' dir='ltr'><strong>utilitate</strong></span> <span class='ocrx_word' id='word_1_71' title='bbox 504 1246 609 1310; x_wconf 81' lang='lat' dir='ltr'><strong>probat.</strong></span> <span class='ocrx_word' id='word_1_72' title='bbox 646 1244 716 1295; x_wconf 80' lang='lat' dir='ltr'><strong>Gerra</strong></span> <span class='ocrx_word' id='word_1_73' title='bbox 741 1244 807 1310; x_wconf 86' lang='lat' dir='ltr'><strong>quid</strong></span> <span class='ocrx_word' id='word_1_74' title='bbox 831 1243 958 1309; x_wconf 71' lang='lat' dir='ltr'><strong>expediat</strong></span> <span class='ocrx_word' id='word_1_75' title='bbox 973 1245 1051 1308; x_wconf 82' lang='lat' dir='ltr'><strong>prius</strong></span> <span class='ocrx_word' id='word_1_76' title='bbox 1068 1249 1108 1293; x_wconf 84' lang='lat' dir='ltr'><strong>cst</strong></span> <span class='ocrx_word' id='word_1_77' title='bbox 1124 1260 1204 1309; x_wconf 80' lang='lat' dir='ltr'><strong>quam</strong></span> <span class='ocrx_word' id='word_1_78' title='bbox 1221 1245 1295 1308; x_wconf 70' lang='lat' dir='ltr'><strong>pisid</strong></span> <span class='ocrx_word' id='word_1_79' title='bbox 1311 1248 1349 1294; x_wconf 78' lang='lat' dir='ltr'><strong>sit</strong></span> 
     </span>
     <span class='ocr_line' id='line_1_13' title="bbox 214 1310 1346 1378; baseline 0.003 -16"><span class='ocrx_word' id='word_1_80' title='bbox 214 1314 369 1363; x_wconf 76' lang='lat' dir='ltr'><strong>honestum:</strong></span> <span class='ocrx_word' id='word_1_81' title='bbox 387 1310 424 1362; x_wconf 79' lang='lat' dir='ltr'><strong>Et</strong></span> <span class='ocrx_word' id='word_1_82' title='bbox 440 1327 500 1362; x_wconf 80' lang='lat' dir='ltr'><strong>citra</strong></span> <span class='ocrx_word' id='word_1_83' title='bbox 509 1312 623 1362; x_wconf 81' lang='lat' dir='ltr'><strong>Fortuna</strong></span> <span class='ocrx_word' id='word_1_84' title='bbox 639 1317 744 1378; x_wconf 77' lang='lat' dir='ltr'><strong>statque</strong></span> <span class='ocrx_word' id='word_1_85' title='bbox 762 1313 886 1377; x_wconf 76' lang='lat' dir='ltr'><strong>caditque</strong></span> <span class='ocrx_word' id='word_1_86' title='bbox 903 1311 1006 1362; x_wconf 86' lang='lat' dir='ltr'><strong>Fides.“</strong></span> <span class='ocrx_word' id='word_1_87' title='bbox 1024 1317 1052 1361; x_wconf 90' lang='lat' dir='ltr'><strong>at</strong></span> <span class='ocrx_word' id='word_1_88' title='bbox 1068 1327 1127 1361; x_wconf 87' lang='lat' dir='ltr'><strong>mox</strong></span> <span class='ocrx_word' id='word_1_89' title='bbox 1143 1310 1238 1361; x_wconf 85' lang='lat' dir='ltr'><strong>ibidem</strong></span> <span class='ocrx_word' id='word_1_90' title='bbox 1251 1315 1289 1375; x_wconf 88' lang='lat' dir='ltr'><strong>[v.</strong></span> <span class='ocrx_word' id='word_1_91' title='bbox 1301 1315 1346 1375; x_wconf 78' lang='lat'><strong>56]</strong></span> 
     </span>
     <span class='ocr_line' id='line_1_14' title="bbox 213 1377 1346 1444; baseline 0 -14"><span class='ocrx_word' id='word_1_92' title='bbox 213 1380 245 1431; x_wconf 89' lang='lat' dir='ltr'><strong>de</strong></span> <span class='ocrx_word' id='word_1_93' title='bbox 262 1380 312 1429; x_wconf 87' lang='lat' dir='ltr'><strong>fido</strong></span> <span class='ocrx_word' id='word_1_94' title='bbox 329 1379 419 1442; x_wconf 86' lang='lat' dir='ltr'><strong>amico,</strong></span> <span class='ocrx_word' id='word_1_95' title='bbox 437 1379 563 1444; x_wconf 82' lang='lat' dir='ltr'><strong>„Scilicet</strong></span> <span class='ocrx_word' id='word_1_96' title='bbox 580 1379 730 1444; x_wconf 51' lang='lat' dir='ltr'><strong>indignum,</strong></span> <span class='ocrx_word' id='word_1_97' title='bbox 748 1382 851 1430; x_wconf 78' lang='lat' dir='ltr'><strong>tricenis</strong></span> <span class='ocrx_word' id='word_1_98' title='bbox 868 1380 1014 1443; x_wconf 80' lang='lat' dir='ltr'><strong>rarissime,</strong></span> <span class='ocrx_word' id='word_1_99' title='bbox 1033 1379 1109 1428; x_wconf 82' lang='lat' dir='ltr'><strong>ducis</strong></span> <span class='ocrx_word' id='word_1_100' title='bbox 1130 1377 1165 1429; x_wconf 86' lang='lat' dir='ltr'><strong>Ta</strong></span> <span class='ocrx_word' id='word_1_101' title='bbox 1181 1379 1244 1442; x_wconf 76' lang='lat' dir='ltr'><strong>fieri</strong></span> <span class='ocrx_word' id='word_1_102' title='bbox 1262 1381 1346 1430; x_wconf 90' lang='lat' dir='ltr'><strong>comi·</strong></span> 
     </span>
     <span class='ocr_line' id='line_1_15' title="bbox 213 1447 1346 1511; baseline 0 -13"><span class='ocrx_word' id='word_1_103' title='bbox 213 1454 265 1498; x_wconf 90' lang='lat' dir='ltr'><strong>tem</strong></span> <span class='ocrx_word' id='word_1_104' title='bbox 282 1450 378 1498; x_wconf 78' lang='lat' dir='ltr'><strong>stantis</strong></span> <span class='ocrx_word' id='word_1_105' title='bbox 395 1451 424 1498; x_wconf 82' lang='lat' dir='ltr'><strong>in</strong></span> <span class='ocrx_word' id='word_1_106' title='bbox 442 1449 505 1498; x_wconf 80' lang='lat' dir='ltr'><strong>orba</strong></span> <span class='ocrx_word' id='word_1_107' title='bbox 522 1448 615 1498; x_wconf 87' lang='lat' dir='ltr'><strong>Deae.“</strong></span> <span class='ocrx_word' id='word_1_108' title='bbox 633 1453 658 1497; x_wconf 90' lang='lat' dir='ltr'><strong>et</strong></span> <span class='ocrx_word' id='word_1_109' title='bbox 675 1449 749 1498; x_wconf 91' lang='lat' dir='ltr'><strong>Pont.</strong></span> <span class='ocrx_word' id='word_1_110' title='bbox 768 1449 789 1510; x_wconf 99' lang='grc' dir='ltr'><strong>Ι,</strong></span> <span class='ocrx_word' id='word_1_111' title='bbox 808 1450 831 1499; x_wconf 84' lang='grc'><strong>9.</strong></span> <span class='ocrx_word' id='word_1_112' title='bbox 851 1451 883 1510; x_wconf 81' lang='lat' dir='ltr'><strong>[a.</strong></span> <span class='ocrx_word' id='word_1_113' title='bbox 905 1449 945 1510; x_wconf 88' lang='grc'><strong>16]</strong></span> <span class='ocrx_word' id='word_1_114' title='bbox 980 1447 1098 1510; x_wconf 69' lang='lat' dir='ltr'><strong>„Aulacia</strong></span> <span class='ocrx_word' id='word_1_115' title='bbox 1113 1447 1160 1497; x_wconf 82' lang='lat' dir='ltr'><strong>ille</strong></span> <span class='ocrx_word' id='word_1_116' title='bbox 1176 1448 1250 1511; x_wconf 81' lang='lat' dir='ltr'><strong>ruini,</strong></span> <span class='ocrx_word' id='word_1_117' title='bbox 1283 1464 1346 1498; x_wconf 86' lang='lat' dir='ltr'><strong>cum</strong></span> 
     </span>
     <span class='ocr_line' id='line_1_16' title="bbox 211 1514 1344 1582; baseline 0.001 -17"><span class='ocrx_word' id='word_1_118' title='bbox 211 1531 330 1582; x_wconf 83' lang='lat' dir='ltr'><strong>paramo</strong></span> <span class='ocrx_word' id='word_1_119' title='bbox 347 1530 448 1579; x_wconf 81' lang='lat' dir='ltr'><strong>magna</strong></span> <span class='ocrx_word' id='word_1_120' title='bbox 466 1515 584 1580; x_wconf 80' lang='lat' dir='ltr'><strong>reliquit,</strong></span> <span class='ocrx_word' id='word_1_121' title='bbox 603 1514 735 1579; x_wconf 77' lang='lat' dir='ltr'><strong>Maxime,-</strong></span> <span class='ocrx_word' id='word_1_122' title='bbox 752 1516 881 1566; x_wconf 80' lang='lat' dir='ltr'><strong>Fortunae</strong></span> <span class='ocrx_word' id='word_1_123' title='bbox 897 1531 947 1565; x_wconf 87' lang='lat' dir='ltr'><strong>nac</strong></span> <span class='ocrx_word' id='word_1_124' title='bbox 963 1514 1192 1575; x_wconf 77' lang='lat' dir='ltr'><strong>fuitillecomes.“</strong></span> <span class='ocrx_word' id='word_1_125' title='bbox 1210 1516 1344 1566; x_wconf 84' lang='lat' dir='ltr'><strong>etiterum</strong></span> 
     </span>
     <span class='ocr_line' id='line_1_17' title="bbox 214 1581 1345 1649; baseline 0.001 -16"><span class='ocrx_word' id='word_1_126' title='bbox 214 1586 288 1635; x_wconf 89' lang='lat' dir='ltr'><strong>Pont.</strong></span> <span class='ocrx_word' id='word_1_127' title='bbox 308 1582 352 1649; x_wconf 80' lang='lat' dir='ltr'><strong>IV,</strong></span> <span class='ocrx_word' id='word_1_128' title='bbox 374 1585 413 1634; x_wconf 88' lang='grc'><strong>10.</strong></span> <span class='ocrx_word' id='word_1_129' title='bbox 435 1586 467 1646; x_wconf 82' lang='lat' dir='ltr'><strong>[a.</strong></span> <span class='ocrx_word' id='word_1_130' title='bbox 486 1585 528 1646; x_wconf 78' lang='lat' dir='ltr'><strong>it]</strong></span> <span class='ocrx_word' id='word_1_131' title='bbox 563 1581 716 1648; x_wconf 77' lang='lat' dir='ltr'><strong>„Quemque</strong></span> <span class='ocrx_word' id='word_1_132' title='bbox 733 1583 827 1646; x_wconf 76' lang='lat' dir='ltr'><strong>resera,</strong></span> <span class='ocrx_word' id='word_1_133' title='bbox 851 1585 958 1633; x_wconf 80' lang='lat' dir='ltr'><strong>imitare</strong></span> <span class='ocrx_word' id='word_1_134' title='bbox 983 1586 1087 1632; x_wconf 78' lang='lat' dir='ltr'><strong>cimam.-</strong></span> <span class='ocrx_word' id='word_1_135' title='bbox 1110 1587 1182 1632; x_wconf 86' lang='lat' dir='ltr'><strong>uetat</strong></span> <span class='ocrx_word' id='word_1_136' title='bbox 1206 1583 1251 1632; x_wconf 83' lang='lat' dir='ltr'><strong>ille</strong></span> <span class='ocrx_word' id='word_1_137' title='bbox 1278 1600 1345 1649; x_wconf 82' lang='lat' dir='ltr'><strong>pro-</strong></span> 
     </span>
     <span class='ocr_line' id='line_1_18' title="bbox 213 1648 1348 1716; baseline 0 -15"><span class='ocrx_word' id='word_1_138' title='bbox 213 1652 283 1713; x_wconf 80' lang='lat' dir='ltr'><strong>fecto</strong></span> <span class='ocrx_word' id='word_1_139' title='bbox 305 1648 457 1716; x_wconf 79' lang='lat' dir='ltr'><strong>Tranquilli</strong></span> <span class='ocrx_word' id='word_1_140' title='bbox 474 1652 592 1701; x_wconf 88' lang='lat' dir='ltr'><strong>comitem</strong></span> <span class='ocrx_word' id='word_1_141' title='bbox 611 1653 735 1716; x_wconf 82' lang='lat' dir='ltr'><strong>temporis</strong></span> <span class='ocrx_word' id='word_1_142' title='bbox 753 1668 807 1701; x_wconf 86' lang='lat' dir='ltr'><strong>essa</strong></span> <span class='ocrx_word' id='word_1_143' title='bbox 823 1651 939 1701; x_wconf 85' lang='lat' dir='ltr'><strong>Fidem.“</strong></span> <span class='ocrx_word' id='word_1_144' title='bbox 973 1649 1102 1700; x_wconf 82' lang='lat' dir='ltr'><strong>Iuvenalis</strong></span> <span class='ocrx_word' id='word_1_145' title='bbox 1112 1651 1165 1701; x_wconf 87' lang='lat' dir='ltr'><strong>Sat.</strong></span> <span class='ocrx_word' id='word_1_146' title='bbox 1174 1650 1207 1712; x_wconf 92' lang='lat' dir='ltr'><strong>X,</strong></span> <span class='ocrx_word' id='word_1_147' title='bbox 1216 1653 1257 1702; x_wconf 75' lang='lat'><strong>73.</strong></span> <span class='ocrx_word' id='word_1_148' title='bbox 1279 1652 1348 1713; x_wconf 60' lang='lat' dir='ltr'><strong>‚aad</strong></span> 
     </span>
     <span class='ocr_line' id='line_1_19' title="bbox 213 1716 1345 1798; baseline 0 -29"><span class='ocrx_word' id='word_1_149' title='bbox 213 1717 280 1798; x_wconf 73' lang='lat' dir='ltr'><strong>quid</strong></span> <span class='ocrx_word' id='word_1_150' title='bbox 300 1716 389 1769; x_wconf 82' lang='lat' dir='ltr'><strong>Turba</strong></span> <span class='ocrx_word' id='word_1_151' title='bbox 407 1717 499 1769; x_wconf 78' lang='lat' dir='ltr'><strong>Remi?</strong></span> <span class='ocrx_word' id='word_1_152' title='bbox 523 1718 639 1783; x_wconf 91' lang='lat' dir='ltr'><strong>sequitur</strong></span> <span class='ocrx_word' id='word_1_153' title='bbox 655 1720 783 1770; x_wconf 86' lang='lat' dir='ltr'><strong>fortunam</strong></span> <span class='ocrx_word' id='word_1_154' title='bbox 799 1735 909 1784; x_wconf 78' lang='lat' dir='ltr'><strong>semper,</strong></span> <span class='ocrx_word' id='word_1_155' title='bbox 936 1723 963 1768; x_wconf 86' lang='lat' dir='ltr'><strong>at</strong></span> <span class='ocrx_word' id='word_1_156' title='bbox 985 1719 1042 1769; x_wconf 87' lang='lat' dir='ltr'><strong>odit</strong></span> <span class='ocrx_word' id='word_1_157' title='bbox 1058 1719 1232 1769; x_wconf 81' lang='lat' dir='ltr'><strong>Damnatoa.“</strong></span> <span class='ocrx_word' id='word_1_158' title='bbox 1270 1718 1345 1774; x_wconf 83' lang='lat' dir='ltr'><strong>Quid</strong></span> 
     </span>
     <span class='ocr_line' id='line_1_20' title="bbox 213 1786 1345 1852; baseline 0.001 -16"><span class='ocrx_word' id='word_1_159' title='bbox 213 1787 295 1851; x_wconf 74' lang='lat' dir='ltr'><strong>igitur</strong></span> <span class='ocrx_word' id='word_1_160' title='bbox 311 1786 373 1837; x_wconf 80' lang='lat' dir='ltr'><strong>fiet?</strong></span> <span class='ocrx_word' id='word_1_161' title='bbox 392 1792 436 1836; x_wconf 91' lang='lat' dir='ltr'><strong>aut</strong></span> <span class='ocrx_word' id='word_1_162' title='bbox 453 1799 503 1851; x_wconf 89' lang='lat' dir='ltr'><strong>quo</strong></span> <span class='ocrx_word' id='word_1_163' title='bbox 519 1786 622 1837; x_wconf 88' lang='lat' dir='ltr'><strong>tandem</strong></span> <span class='ocrx_word' id='word_1_164' title='bbox 639 1792 716 1852; x_wconf 91' lang='lat' dir='ltr'><strong>pacto</strong></span> <span class='ocrx_word' id='word_1_165' title='bbox 733 1792 786 1836; x_wconf 86' lang='lat' dir='ltr'><strong>tam</strong></span> <span class='ocrx_word' id='word_1_166' title='bbox 803 1787 902 1837; x_wconf 85' lang='lat' dir='ltr'><strong>diversa</strong></span> <span class='ocrx_word' id='word_1_167' title='bbox 918 1787 980 1836; x_wconf 89' lang='lat' dir='ltr'><strong>haec</strong></span> <span class='ocrx_word' id='word_1_168' title='bbox 999 1788 1066 1836; x_wconf 91' lang='lat' dir='ltr'><strong>inter</strong></span> <span class='ocrx_word' id='word_1_169' title='bbox 1084 1802 1110 1837; x_wconf 88' lang='lat' dir='ltr'><strong>se</strong></span> <span class='ocrx_word' id='word_1_170' title='bbox 1134 1786 1269 1835; x_wconf 88' lang='lat' dir='ltr'><strong>conciliari</strong></span> <span class='ocrx_word' id='word_1_171' title='bbox 1296 1804 1345 1852; x_wconf 92' lang='lat' dir='ltr'><strong>po·</strong></span> 
     </span>
     <span class='ocr_line' id='line_1_21' title="bbox 213 1853 1344 1916; baseline 0.001 -12"><span class='ocrx_word' id='word_1_172' title='bbox 213 1856 319 1906; x_wconf 80' lang='lat' dir='ltr'><strong>terunt?</strong></span> <span class='ocrx_word' id='word_1_173' title='bbox 354 1854 420 1904; x_wconf 87' lang='lat' dir='ltr'><strong>Sane</strong></span> <span class='ocrx_word' id='word_1_174' title='bbox 437 1870 494 1905; x_wconf 92' lang='lat' dir='ltr'><strong>cum</strong></span> <span class='ocrx_word' id='word_1_175' title='bbox 513 1855 618 1904; x_wconf 86' lang='lat' dir='ltr'><strong>Ovidius</strong></span> <span class='ocrx_word' id='word_1_176' title='bbox 643 1860 668 1904; x_wconf 91' lang='lat' dir='ltr'><strong>et</strong></span> <span class='ocrx_word' id='word_1_177' title='bbox 692 1855 821 1905; x_wconf 86' lang='lat' dir='ltr'><strong>Iuvenalis</strong></span> <span class='ocrx_word' id='word_1_178' title='bbox 846 1854 997 1905; x_wconf 76' lang='lat' dir='ltr'><strong>Fortunam</strong></span> <span class='ocrx_word' id='word_1_179' title='bbox 1019 1854 1162 1916; x_wconf 88' lang='lat' dir='ltr'><strong>nominant,</strong></span> <span class='ocrx_word' id='word_1_180' title='bbox 1187 1853 1344 1905; x_wconf 79' lang='lat' dir='ltr'><strong>Secundam</strong></span> 
     </span>
     <span class='ocr_line' id='line_1_22' title="bbox 213 1921 1345 1989; baseline 0 -17"><span class='ocrx_word' id='word_1_181' title='bbox 213 1927 313 1972; x_wconf 90' lang='lat' dir='ltr'><strong>tantum</strong></span> <span class='ocrx_word' id='word_1_182' title='bbox 330 1921 480 1987; x_wconf 80' lang='lat' dir='ltr'><strong>intelligunt</strong></span> <span class='ocrx_word' id='word_1_183' title='bbox 498 1938 528 1973; x_wconf 83' lang='lat' dir='ltr'><strong>ex</strong></span> <span class='ocrx_word' id='word_1_184' title='bbox 545 1928 647 1989; x_wconf 88' lang='lat' dir='ltr'><strong>recepto</strong></span> <span class='ocrx_word' id='word_1_185' title='bbox 665 1922 786 1987; x_wconf 92' lang='lat' dir='ltr'><strong>loquendi</strong></span> <span class='ocrx_word' id='word_1_186' title='bbox 803 1939 885 1972; x_wconf 89' lang='lat' dir='ltr'><strong>more:</strong></span> <span class='ocrx_word' id='word_1_187' title='bbox 913 1927 938 1972; x_wconf 89' lang='lat' dir='ltr'><strong>et</strong></span> <span class='ocrx_word' id='word_1_188' title='bbox 961 1922 1069 1987; x_wconf 89' lang='lat' dir='ltr'><strong>proinde</strong></span> <span class='ocrx_word' id='word_1_189' title='bbox 1088 1928 1155 1971; x_wconf 88' lang='lat' dir='ltr'><strong>recte</strong></span> <span class='ocrx_word' id='word_1_190' title='bbox 1173 1921 1271 1984; x_wconf 92' lang='lat' dir='ltr'><strong>dicunt,</strong></span> <span class='ocrx_word' id='word_1_191' title='bbox 1298 1923 1345 1972; x_wconf 87' lang='lat' dir='ltr'><strong>ab·</strong></span> 
     </span>
     <span class='ocr_line' id='line_1_23' title="bbox 213 1990 1342 2055; baseline 0 -14"><span class='ocrx_word' id='word_1_192' title='bbox 213 1996 290 2041; x_wconf 86' lang='lat' dir='ltr'><strong>eunte</strong></span> <span class='ocrx_word' id='word_1_193' title='bbox 313 1991 435 2052; x_wconf 85' lang='lat' dir='ltr'><strong>Fortuna,</strong></span> <span class='ocrx_word' id='word_1_194' title='bbox 460 2006 562 2040; x_wconf 88' lang='lat' dir='ltr'><strong>manere</strong></span> <span class='ocrx_word' id='word_1_195' title='bbox 584 1995 668 2040; x_wconf 90' lang='lat' dir='ltr'><strong>tamen</strong></span> <span class='ocrx_word' id='word_1_196' title='bbox 693 1991 756 2041; x_wconf 87' lang='lat' dir='ltr'><strong>fidos</strong></span> <span class='ocrx_word' id='word_1_197' title='bbox 780 1992 887 2052; x_wconf 80' lang='lat' dir='ltr'><strong>amicos3</strong></span> <span class='ocrx_word' id='word_1_198' title='bbox 912 2007 993 2055; x_wconf 88' lang='lat' dir='ltr'><strong>neque</strong></span> <span class='ocrx_word' id='word_1_199' title='bbox 1018 1990 1136 2039; x_wconf 79' lang='lat' dir='ltr'><strong>fortunae</strong></span> <span class='ocrx_word' id='word_1_200' title='bbox 1154 1991 1257 2039; x_wconf 87' lang='lat' dir='ltr'><strong>comites</strong></span> <span class='ocrx_word' id='word_1_201' title='bbox 1277 2006 1342 2041; x_wconf 88' lang='lat' dir='ltr'><strong>esse.</strong></span> 
     </span>
     <span class='ocr_line' id='line_1_24' title="bbox 213 2057 1344 2124; baseline 0 -15"><span class='ocrx_word' id='word_1_202' title='bbox 213 2059 306 2109; x_wconf 85' lang='lat' dir='ltr'><strong>Noster</strong></span> <span class='ocrx_word' id='word_1_203' title='bbox 323 2064 408 2109; x_wconf 88' lang='lat' dir='ltr'><strong>autem</strong></span> <span class='ocrx_word' id='word_1_204' title='bbox 426 2058 501 2108; x_wconf 88' lang='lat' dir='ltr'><strong>aliam</strong></span> <span class='ocrx_word' id='word_1_205' title='bbox 519 2059 594 2124; x_wconf 88' lang='lat' dir='ltr'><strong>plane</strong></span> <span class='ocrx_word' id='word_1_206' title='bbox 611 2058 750 2123; x_wconf 85' lang='lat' dir='ltr'><strong>imaginem</strong></span> <span class='ocrx_word' id='word_1_207' title='bbox 767 2059 886 2123; x_wconf 87' lang='lat' dir='ltr'><strong>concepit</strong></span> <span class='ocrx_word' id='word_1_208' title='bbox 908 2064 934 2108; x_wconf 89' lang='lat' dir='ltr'><strong>et</strong></span> <span class='ocrx_word' id='word_1_209' title='bbox 951 2059 1164 2122; x_wconf 83' lang='lat' dir='ltr'><strong>repraesentavit3</strong></span> <span class='ocrx_word' id='word_1_210' title='bbox 1183 2057 1229 2107; x_wconf 93' lang='lat' dir='ltr'><strong>sub</strong></span> <span class='ocrx_word' id='word_1_211' title='bbox 1246 2058 1344 2108; x_wconf 87' lang='lat' dir='ltr'><strong>Fortu·</strong></span> 
     </span>
     <span class='ocr_line' id='line_1_25' title="bbox 213 2126 1343 2191; baseline 0 -14"><span class='ocrx_word' id='word_1_212' title='bbox 213 2142 260 2177; x_wconf 90' lang='lat' dir='ltr'><strong>uae</strong></span> <span class='ocrx_word' id='word_1_213' title='bbox 279 2127 347 2177; x_wconf 89' lang='lat' dir='ltr'><strong>euim</strong></span> <span class='ocrx_word' id='word_1_214' title='bbox 364 2128 476 2188; x_wconf 90' lang='lat' dir='ltr'><strong>nomine,</strong></span> <span class='ocrx_word' id='word_1_215' title='bbox 494 2126 599 2177; x_wconf 85' lang='lat' dir='ltr'><strong>eandem</strong></span> <span class='ocrx_word' id='word_1_216' title='bbox 617 2134 642 2177; x_wconf 90' lang='lat' dir='ltr'><strong>et</strong></span> <span class='ocrx_word' id='word_1_217' title='bbox 659 2143 805 2191; x_wconf 88' lang='lat' dir='ltr'><strong>prosperam</strong></span> <span class='ocrx_word' id='word_1_218' title='bbox 824 2132 849 2176; x_wconf 90' lang='lat' dir='ltr'><strong>et</strong></span> <span class='ocrx_word' id='word_1_219' title='bbox 867 2126 1003 2187; x_wconf 85' lang='lat' dir='ltr'><strong>adversam,</strong></span> <span class='ocrx_word' id='word_1_220' title='bbox 1028 2130 1126 2175; x_wconf 91' lang='lat' dir='ltr'><strong>mutata</strong></span> <span class='ocrx_word' id='word_1_221' title='bbox 1143 2130 1242 2175; x_wconf 87' lang='lat' dir='ltr'><strong>tantum</strong></span> <span class='ocrx_word' id='word_1_222' title='bbox 1260 2134 1343 2189; x_wconf 85' lang='lat' dir='ltr'><strong>veste,</strong></span> 
     </span>
     <span class='ocr_line' id='line_1_26' title="bbox 212 2193 1345 2260; baseline 0 -16"><span class='ocrx_word' id='word_1_223' title='bbox 212 2194 352 2259; x_wconf 78' lang='lat' dir='ltr'><strong>intelligit:</strong></span> <span class='ocrx_word' id='word_1_224' title='bbox 371 2195 438 2245; x_wconf 90' lang='lat' dir='ltr'><strong>uude</strong></span> <span class='ocrx_word' id='word_1_225' title='bbox 457 2210 612 2259; x_wconf 87' lang='lat' dir='ltr'><strong>consequens</strong></span> <span class='ocrx_word' id='word_1_226' title='bbox 630 2200 692 2257; x_wconf 91' lang='lat' dir='ltr'><strong>erat,</strong></span> <span class='ocrx_word' id='word_1_227' title='bbox 716 2200 746 2243; x_wconf 92' lang='lat' dir='ltr'><strong>ut</strong></span> <span class='ocrx_word' id='word_1_228' title='bbox 763 2194 839 2244; x_wconf 88' lang='lat' dir='ltr'><strong>etiam</strong></span> <span class='ocrx_word' id='word_1_229' title='bbox 862 2200 974 2243; x_wconf 86' lang='lat' dir='ltr'><strong>mutatae</strong></span> <span class='ocrx_word' id='word_1_230' title='bbox 998 2194 1114 2244; x_wconf 78' lang='lat' dir='ltr'><strong>fortunae</strong></span> <span class='ocrx_word' id='word_1_231' title='bbox 1133 2193 1216 2260; x_wconf 86' lang='lat' dir='ltr'><strong>Spem,</strong></span> <span class='ocrx_word' id='word_1_232' title='bbox 1239 2194 1345 2257; x_wconf 80' lang='lat' dir='ltr'><strong>Fidem,</strong></span> 
     </span>
     <span class='ocr_line' id='line_1_27' title="bbox 212 2261 1344 2313; baseline 0 0"><span class='ocrx_word' id='word_1_233' title='bbox 212 2268 239 2313; x_wconf 88' lang='lat' dir='ltr'><strong>ot</strong></span> <span class='ocrx_word' id='word_1_234' title='bbox 256 2263 350 2313; x_wconf 87' lang='lat' dir='ltr'><strong>amicos</strong></span> <span class='ocrx_word' id='word_1_235' title='bbox 369 2267 452 2313; x_wconf 86' lang='lat' dir='ltr'><strong>certos</strong></span> <span class='ocrx_word' id='word_1_236' title='bbox 470 2261 551 2312; x_wconf 91' lang='lat' dir='ltr'><strong>adhuc</strong></span> <span class='ocrx_word' id='word_1_237' title='bbox 570 2263 674 2312; x_wconf 89' lang='lat' dir='ltr'><strong>comites</strong></span> <span class='ocrx_word' id='word_1_238' title='bbox 692 2267 718 2312; x_wconf 91' lang='lat' dir='ltr'><strong>et</strong></span> <span class='ocrx_word' id='word_1_239' title='bbox 735 2262 845 2312; x_wconf 88' lang='lat' dir='ltr'><strong>cultores</strong></span> <span class='ocrx_word' id='word_1_240' title='bbox 860 2279 912 2312; x_wconf 90' lang='lat' dir='ltr'><strong>esse</strong></span> <span class='ocrx_word' id='word_1_241' title='bbox 922 2263 1032 2312; x_wconf 87' lang='lat' dir='ltr'><strong>diceret:</strong></span> <span class='ocrx_word' id='word_1_242' title='bbox 1050 2262 1194 2312; x_wconf 85' lang='lat' dir='ltr'><strong>meretrices</strong></span> <span class='ocrx_word' id='word_1_243' title='bbox 1212 2266 1299 2312; x_wconf 87' lang='lat' dir='ltr'><strong>auteur</strong></span> <span class='ocrx_word' id='word_1_244' title='bbox 1317 2266 1344 2313; x_wconf 79' lang='lat' dir='ltr'><strong>¹et</strong></span> 
     </span>
     <span class='ocr_line' id='line_1_28' title="bbox 212 2328 1343 2396; baseline 0.001 -16"><span class='ocrx_word' id='word_1_245' title='bbox 212 2331 338 2396; x_wconf 85' lang='lat' dir='ltr'><strong>parasitos</strong></span> <span class='ocrx_word' id='word_1_246' title='bbox 356 2330 511 2381; x_wconf 84' lang='lat' dir='ltr'><strong>retrocedere</strong></span> <span class='ocrx_word' id='word_1_247' title='bbox 530 2335 555 2380; x_wconf 94' lang='lat' dir='ltr'><strong>et</strong></span> <span class='ocrx_word' id='word_1_248' title='bbox 564 2330 693 2394; x_wconf 84' lang='lat' dir='ltr'><strong>diffugere.</strong></span> <span class='ocrx_word' id='word_1_249' title='bbox 718 2330 755 2379; x_wconf 89' lang='lat' dir='ltr'><strong>Et</strong></span> <span class='ocrx_word' id='word_1_250' title='bbox 771 2331 835 2380; x_wconf 90' lang='lat' dir='ltr'><strong>bene</strong></span> <span class='ocrx_word' id='word_1_251' title='bbox 853 2330 954 2395; x_wconf 89' lang='lat' dir='ltr'><strong>quidem</strong></span> <span class='ocrx_word' id='word_1_252' title='bbox 965 2330 1130 2380; x_wconf 88' lang='lat' dir='ltr'><strong>hocHoratio</strong></span> <span class='ocrx_word' id='word_1_253' title='bbox 1146 2328 1270 2390; x_wconf 85' lang='lat' dir='ltr'><strong>cessisset,</strong></span> <span class='ocrx_word' id='word_1_254' title='bbox 1290 2331 1343 2381; x_wconf 84' lang='lat' dir='ltr'><strong>nisi</strong></span> 
     </span>
     <span class='ocr_line' id='line_1_29' title="bbox 212 2397 1340 2463; baseline 0 -16"><span class='ocrx_word' id='word_1_255' title='bbox 212 2398 353 2449; x_wconf 87' lang='lat' dir='ltr'><strong>addidisset</strong></span> <span class='ocrx_word' id='word_1_256' title='bbox 370 2397 481 2460; x_wconf 79' lang='lat' dir='ltr'><strong>verbum,</strong></span> <span class='ocrx_word' id='word_1_257' title='bbox 501 2398 576 2463; x_wconf 89' lang='lat' dir='ltr'><strong>quod,</strong></span> <span class='ocrx_word' id='word_1_258' title='bbox 594 2404 623 2448; x_wconf 92' lang='lat' dir='ltr'><strong>ut</strong></span> <span class='ocrx_word' id='word_1_259' title='bbox 640 2398 703 2448; x_wconf 89' lang='lat' dir='ltr'><strong>mihi</strong></span> <span class='ocrx_word' id='word_1_260' title='bbox 723 2398 825 2463; x_wconf 90' lang='lat' dir='ltr'><strong>quidem</strong></span> <span class='ocrx_word' id='word_1_261' title='bbox 842 2398 951 2459; x_wconf 86' lang='lat' dir='ltr'><strong>videtur,</strong></span> <span class='ocrx_word' id='word_1_262' title='bbox 970 2402 1049 2447; x_wconf 87' lang='lat' dir='ltr'><strong>totam</strong></span> <span class='ocrx_word' id='word_1_263' title='bbox 1067 2397 1133 2447; x_wconf 88' lang='lat' dir='ltr'><strong>hauc</strong></span> <span class='ocrx_word' id='word_1_264' title='bbox 1144 2413 1244 2447; x_wconf 87' lang='lat' dir='ltr'><strong>scenam</strong></span> <span class='ocrx_word' id='word_1_265' title='bbox 1253 2397 1340 2448; x_wconf 81' lang='lat' dir='ltr'><strong>detur·</strong></span> 
     </span>
     <span class='ocr_line' id='line_1_30' title="bbox 213 2463 1341 2532; baseline 0.001 -17"><span class='ocrx_word' id='word_1_266' title='bbox 213 2471 258 2530; x_wconf 89' lang='lat' dir='ltr'><strong>pat</strong></span> <span class='ocrx_word' id='word_1_267' title='bbox 276 2474 302 2515; x_wconf 88' lang='lat' dir='ltr'><strong>ct</strong></span> <span class='ocrx_word' id='word_1_268' title='bbox 318 2481 422 2532; x_wconf 86' lang='lat' dir='ltr'><strong>prorsus</strong></span> <span class='ocrx_word' id='word_1_269' title='bbox 440 2468 594 2530; x_wconf 79' lang='lat' dir='ltr'><strong>corrumpit3</strong></span> <span class='ocrx_word' id='word_1_270' title='bbox 613 2482 679 2529; x_wconf 78' lang='lat' dir='ltr'><strong>„ricc</strong></span> <span class='ocrx_word' id='word_1_271' title='bbox 697 2469 817 2516; x_wconf 84' lang='lat' dir='ltr'><strong>camitem</strong></span> <span class='ocrx_word' id='word_1_272' title='bbox 836 2467 958 2531; x_wconf 77' lang='lat' dir='ltr'><strong>abnegat,</strong></span> <span class='ocrx_word' id='word_1_273' title='bbox 980 2463 1341 2531; x_wconf 83' lang='lat' dir='ltr'><strong>lltcumqnemutatapoten-</strong></span> 
     </span>
     <span class='ocr_line' id='line_1_31' title="bbox 214 2532 1340 2598; baseline 0 -14"><span class='ocrx_word' id='word_1_274' title='bbox 214 2538 251 2584; x_wconf 86' lang='lat' dir='ltr'><strong>tes</strong></span> <span class='ocrx_word' id='word_1_275' title='bbox 270 2532 347 2584; x_wconf 83' lang='lat' dir='ltr'><strong>Vesta</strong></span> <span class='ocrx_word' id='word_1_276' title='bbox 366 2534 457 2584; x_wconf 84' lang='lat' dir='ltr'><strong>domos</strong></span> <span class='ocrx_word' id='word_1_277' title='bbox 475 2536 585 2585; x_wconf 87' lang='lat' dir='ltr'><strong>inimica</strong></span> <span class='ocrx_word' id='word_1_278' title='bbox 602 2533 725 2598; x_wconf 88' lang='lat' dir='ltr'><strong>linquis.“</strong></span> <span class='ocrx_word' id='word_1_279' title='bbox 761 2534 871 2598; x_wconf 83' lang='lat' dir='ltr'><strong>Quippe,</strong></span> <span class='ocrx_word' id='word_1_280' title='bbox 895 2534 918 2583; x_wconf 89' lang='lat' dir='ltr'><strong>si</strong></span> <span class='ocrx_word' id='word_1_281' title='bbox 934 2536 1049 2583; x_wconf 87' lang='lat' dir='ltr'><strong>Fortuna</strong></span> <span class='ocrx_word' id='word_1_282' title='bbox 1075 2534 1173 2598; x_wconf 79' lang='lat' dir='ltr'><strong>linquit</strong></span> <span class='ocrx_word' id='word_1_283' title='bbox 1197 2533 1286 2583; x_wconf 90' lang='lat' dir='ltr'><strong>domos</strong></span> <span class='ocrx_word' id='word_1_284' title='bbox 1304 2533 1340 2584; x_wconf 73' lang='lat' dir='ltr'><strong>at‘-</strong></span> 
     </span>
     <span class='ocr_line' id='line_1_32' title="bbox 213 2600 1340 2667; baseline 0.002 -18"><span class='ocrx_word' id='word_1_285' title='bbox 213 2600 304 2661; x_wconf 89' lang='lat' dir='ltr'><strong>flictas,</strong></span> <span class='ocrx_word' id='word_1_286' title='bbox 327 2616 428 2664; x_wconf 88' lang='lat' dir='ltr'><strong>unaque</strong></span> <span class='ocrx_word' id='word_1_287' title='bbox 454 2602 609 2650; x_wconf 89' lang='lat' dir='ltr'><strong>comitantur</strong></span> <span class='ocrx_word' id='word_1_288' title='bbox 630 2602 763 2652; x_wconf 83' lang='lat' dir='ltr'><strong>abeuntem</strong></span> <span class='ocrx_word' id='word_1_289' title='bbox 786 2602 849 2667; x_wconf 89' lang='lat' dir='ltr'><strong>Spes</strong></span> <span class='ocrx_word' id='word_1_290' title='bbox 875 2606 899 2650; x_wconf 91' lang='lat' dir='ltr'><strong>et</strong></span> <span class='ocrx_word' id='word_1_291' title='bbox 922 2602 1013 2662; x_wconf 75' lang='lat' dir='ltr'><strong>Fides,</strong></span> <span class='ocrx_word' id='word_1_292' title='bbox 1037 2607 1091 2650; x_wconf 89' lang='lat' dir='ltr'><strong>tum</strong></span> <span class='ocrx_word' id='word_1_293' title='bbox 1117 2600 1233 2665; x_wconf 82' lang='lat' dir='ltr'><strong>prolecto</strong></span> <span class='ocrx_word' id='word_1_294' title='bbox 1252 2618 1340 2651; x_wconf 89' lang='lat' dir='ltr'><strong>omnes</strong></span> 
     </span>
     <span class='ocr_line' id='line_1_33' title="bbox 213 2667 1340 2734; baseline 0.003 -18"><span class='ocrx_word' id='word_1_295' title='bbox 213 2667 317 2716; x_wconf 91' lang='lat' dir='ltr'><strong>omnino</strong></span> <span class='ocrx_word' id='word_1_296' title='bbox 335 2668 482 2731; x_wconf 80' lang='lat' dir='ltr'><strong>diffugiunt,</strong></span> <span class='ocrx_word' id='word_1_297' title='bbox 501 2672 552 2716; x_wconf 88' lang='lat' dir='ltr'><strong>tarn</strong></span> <span class='ocrx_word' id='word_1_298' title='bbox 570 2668 615 2717; x_wconf 87' lang='lat' dir='ltr'><strong>fidi</strong></span> <span class='ocrx_word' id='word_1_299' title='bbox 632 2669 716 2731; x_wconf 89' lang='lat' dir='ltr'><strong>amici,</strong></span> <span class='ocrx_word' id='word_1_300' title='bbox 735 2686 809 2733; x_wconf 86' lang='lat' dir='ltr'><strong>quam</strong></span> <span class='ocrx_word' id='word_1_301' title='bbox 827 2669 954 2719; x_wconf 87' lang='lat' dir='ltr'><strong>infideles:</strong></span> <span class='ocrx_word' id='word_1_302' title='bbox 975 2685 1024 2734; x_wconf 91' lang='lat' dir='ltr'><strong>quo</strong></span> <span class='ocrx_word' id='word_1_303' title='bbox 1042 2668 1110 2719; x_wconf 89' lang='lat' dir='ltr'><strong>nihil</strong></span> <span class='ocrx_word' id='word_1_304' title='bbox 1128 2669 1263 2718; x_wconf 87' lang='lat' dir='ltr'><strong>absurdius</strong></span> <span class='ocrx_word' id='word_1_305' title='bbox 1276 2670 1340 2734; x_wconf 85' lang='lat' dir='ltr'><strong>fingi</strong></span> 
     </span>
     <span class='ocr_line' id='line_1_34' title="bbox 213 2733 1340 2803; baseline 0.003 -20"><span class='ocrx_word' id='word_1_306' title='bbox 213 2740 305 2799; x_wconf 88' lang='lat' dir='ltr'><strong>potest.</strong></span> <span class='ocrx_word' id='word_1_307' title='bbox 340 2733 421 2795; x_wconf 83' lang='lat' dir='ltr'><strong>Certe,</strong></span> <span class='ocrx_word' id='word_1_308' title='bbox 440 2735 463 2784; x_wconf 89' lang='lat' dir='ltr'><strong>si</strong></span> <span class='ocrx_word' id='word_1_309' title='bbox 480 2734 542 2799; x_wconf 91' lang='lat' dir='ltr'><strong>quid</strong></span> <span class='ocrx_word' id='word_1_310' title='bbox 559 2736 640 2796; x_wconf 86' lang='lat' dir='ltr'><strong>video,</strong></span> <span class='ocrx_word' id='word_1_311' title='bbox 659 2737 697 2785; x_wconf 82' lang='lat' dir='ltr'><strong>rel</strong></span> <span class='ocrx_word' id='word_1_312' title='bbox 714 2738 762 2787; x_wconf 92' lang='lat' dir='ltr'><strong>hoc</strong></span> <span class='ocrx_word' id='word_1_313' title='bbox 780 2737 820 2787; x_wconf 86' lang='lat' dir='ltr'><strong>vel</strong></span> <span class='ocrx_word' id='word_1_314' title='bbox 837 2752 889 2786; x_wconf 91' lang='lat' dir='ltr'><strong>non</strong></span> <span class='ocrx_word' id='word_1_315' title='bbox 907 2736 1027 2787; x_wconf 87' lang='lat' dir='ltr'><strong>dissimili</strong></span> <span class='ocrx_word' id='word_1_316' title='bbox 1044 2735 1120 2786; x_wconf 90' lang='lat' dir='ltr'><strong>verbo</strong></span> <span class='ocrx_word' id='word_1_317' title='bbox 1145 2737 1244 2786; x_wconf 89' lang='lat' dir='ltr'><strong>dictum</strong></span> <span class='ocrx_word' id='word_1_318' title='bbox 1261 2754 1340 2803; x_wconf 89' lang='lat' dir='ltr'><strong>opor·</strong></span> 
     </span>
     <span class='ocr_line' id='line_1_35' title="bbox 213 2799 1336 2868; baseline 0.003 -17"><span class='ocrx_word' id='word_1_319' title='bbox 213 2802 272 2862; x_wconf 88' lang='lat' dir='ltr'><strong>tuit,</strong></span> <span class='ocrx_word' id='word_1_320' title='bbox 297 2799 462 2866; x_wconf 82' lang='lat' dir='ltr'><strong>„Utcumque</strong></span> <span class='ocrx_word' id='word_1_321' title='bbox 484 2807 588 2852; x_wconf 72' lang='lat' dir='ltr'><strong>caretate</strong></span> <span class='ocrx_word' id='word_1_322' title='bbox 610 2809 730 2868; x_wconf 82' lang='lat' dir='ltr'><strong>patenter</strong></span> <span class='ocrx_word' id='word_1_323' title='bbox 749 2803 827 2854; x_wconf 82' lang='lat' dir='ltr'><strong>Veste</strong></span> <span class='ocrx_word' id='word_1_324' title='bbox 853 2805 944 2854; x_wconf 76' lang='lat' dir='ltr'><strong>donnas</strong></span> <span class='ocrx_word' id='word_1_325' title='bbox 963 2807 1073 2854; x_wconf 84' lang='lat' dir='ltr'><strong>inimica</strong></span> <span class='ocrx_word' id='word_1_326' title='bbox 1091 2804 1204 2853; x_wconf 83' lang='lat' dir='ltr'><strong>vertis:“</strong></span> <span class='ocrx_word' id='word_1_327' title='bbox 1222 2805 1271 2854; x_wconf 89' lang='lat' dir='ltr'><strong>hoc</strong></span> <span class='ocrx_word' id='word_1_328' title='bbox 1291 2811 1336 2865; x_wconf 85' lang='lat' dir='ltr'><strong>est,</strong></span> 
     </span>
     <span class='ocr_line' id='line_1_36' title="bbox 213 2867 1340 2938; baseline 0.002 -18"><span class='ocrx_word' id='word_1_329' title='bbox 213 2871 343 2933; x_wconf 88' lang='lat' dir='ltr'><strong>concutis,</strong></span> <span class='ocrx_word' id='word_1_330' title='bbox 361 2867 473 2934; x_wconf 57' lang='lat' dir='ltr'><strong>affligis.</strong></span> <span class='ocrx_word' id='word_1_331' title='bbox 508 2870 578 2935; x_wconf 85' lang='lat' dir='ltr'><strong>Spes,</strong></span> <span class='ocrx_word' id='word_1_332' title='bbox 596 2871 690 2936; x_wconf 89' lang='lat' dir='ltr'><strong>inquit,</strong></span> <span class='ocrx_word' id='word_1_333' title='bbox 708 2878 734 2922; x_wconf 91' lang='lat' dir='ltr'><strong>ct</strong></span> <span class='ocrx_word' id='word_1_334' title='bbox 750 2873 827 2922; x_wconf 88' lang='lat' dir='ltr'><strong>Fides</strong></span> <span class='ocrx_word' id='word_1_335' title='bbox 845 2888 943 2937; x_wconf 87' lang='lat' dir='ltr'><strong>semper</strong></span> <span class='ocrx_word' id='word_1_336' title='bbox 961 2872 1091 2935; x_wconf 90' lang='lat' dir='ltr'><strong>tccoluut,</strong></span> <span class='ocrx_word' id='word_1_337' title='bbox 1109 2872 1239 2931; x_wconf 85' lang='lat' dir='ltr'><strong>Fortuua;</strong></span> <span class='ocrx_word' id='word_1_338' title='bbox 1257 2889 1340 2938; x_wconf 87' lang='lat' dir='ltr'><strong>neque</strong></span> 
     </span>
     <span class='ocr_line' id='line_1_37' title="bbox 212 2935 1339 3001; baseline 0.004 -15"><span class='ocrx_word' id='word_1_339' title='bbox 212 2935 382 2998; x_wconf 87' lang='lat' dir='ltr'><strong>tedeserunt,</strong></span> <span class='ocrx_word' id='word_1_340' title='bbox 401 2937 538 2988; x_wconf 89' lang='lat' dir='ltr'><strong>sedetiam</strong></span> <span class='ocrx_word' id='word_1_341' title='bbox 557 2938 797 3000; x_wconf 87' lang='lat' dir='ltr'><strong>inafflictadomo‚</strong></span> <span class='ocrx_word' id='word_1_342' title='bbox 818 2956 874 2990; x_wconf 89' lang='lat' dir='ltr'><strong>curn</strong></span> <span class='ocrx_word' id='word_1_343' title='bbox 892 2945 986 2990; x_wconf 88' lang='lat' dir='ltr'><strong>vestem</strong></span> <span class='ocrx_word' id='word_1_344' title='bbox 1012 2941 1156 3001; x_wconf 86' lang='lat' dir='ltr'><strong>mutaveris,</strong></span> <span class='ocrx_word' id='word_1_345' title='bbox 1183 2948 1267 2990; x_wconf 90' lang='lat' dir='ltr'><strong>tecum</strong></span> <span class='ocrx_word' id='word_1_346' title='bbox 1287 2958 1339 2991; x_wconf 88' lang='lat' dir='ltr'><strong>ma·</strong></span> 
     </span>
     <span class='ocr_line' id='line_1_38' title="bbox 213 3005 1340 3073; baseline 0.006 -20"><span class='ocrx_word' id='word_1_347' title='bbox 213 3011 288 3054; x_wconf 87' lang='lat' dir='ltr'><strong>nent:</strong></span> <span class='ocrx_word' id='word_1_348' title='bbox 306 3005 397 3071; x_wconf 82' lang='lat' dir='ltr'><strong>vulgus</strong></span> <span class='ocrx_word' id='word_1_349' title='bbox 414 3011 497 3056; x_wconf 91' lang='lat' dir='ltr'><strong>autem</strong></span> <span class='ocrx_word' id='word_1_350' title='bbox 515 3006 621 3057; x_wconf 83' lang='lat' dir='ltr'><strong>infidum</strong></span> <span class='ocrx_word' id='word_1_351' title='bbox 640 3009 727 3058; x_wconf 89' lang='lat' dir='ltr'><strong>statim</strong></span> <span class='ocrx_word' id='word_1_352' title='bbox 744 3007 891 3072; x_wconf 83' lang='lat' dir='ltr'><strong>diffugiunt.</strong></span> <span class='ocrx_word' id='word_1_353' title='bbox 920 3009 1016 3058; x_wconf 88' lang='lat' dir='ltr'><strong>Seneca</strong></span> <span class='ocrx_word' id='word_1_354' title='bbox 1025 3007 1194 3073; x_wconf 58' lang='lat' dir='ltr'><strong>apuam}</strong></span> <span class='ocrx_word' id='word_1_355' title='bbox 1206 3011 1241 3071; x_wconf 80' lang='lat'><strong>91.</strong></span> <span class='ocrx_word' id='word_1_356' title='bbox 1260 3008 1340 3073; x_wconf 81' lang='lat' dir='ltr'><strong>„Fla-</strong></span> 
     </span>
     <span class='ocr_line' id='line_1_39' title="bbox 212 3075 1339 3140; baseline 0.004 -18"><span class='ocrx_word' id='word_1_357' title='bbox 212 3078 301 3123; x_wconf 83' lang='lat' dir='ltr'><strong>rentes</strong></span> <span class='ocrx_word' id='word_1_358' title='bbox 318 3076 465 3124; x_wconf 74' lang='lat' dir='ltr'><strong>attritorum</strong></span> <span class='ocrx_word' id='word_1_359' title='bbox 483 3075 561 3125; x_wconf 86' lang='lat' dir='ltr'><strong>turba</strong></span> <span class='ocrx_word' id='word_1_360' title='bbox 580 3076 768 3126; x_wconf 85' lang='lat' dir='ltr'><strong>circumsedet:</strong></span> <span class='ocrx_word' id='word_1_361' title='bbox 787 3080 860 3126; x_wconf 85' lang='lat' dir='ltr'><strong>cirea</strong></span> <span class='ocrx_word' id='word_1_362' title='bbox 875 3092 972 3125; x_wconf 81' lang='lat' dir='ltr'><strong>eversos</strong></span> <span class='ocrx_word' id='word_1_363' title='bbox 991 3079 1086 3140; x_wconf 78' lang='lat' dir='ltr'><strong>urgens</strong></span> <span class='ocrx_word' id='word_1_364' title='bbox 1103 3076 1221 3126; x_wconf 85' lang='lat' dir='ltr'><strong>solitudo</strong></span> <span class='ocrx_word' id='word_1_365' title='bbox 1241 3083 1296 3127; x_wconf 83' lang='lat' dir='ltr'><strong>cst.-</strong></span> <span class='ocrx_word' id='word_1_366' title='bbox 1314 3082 1339 3126; x_wconf 88' lang='lat' dir='ltr'><strong>ct</strong></span> 
     </span>
     <span class='ocr_line' id='line_1_40' title="bbox 213 3140 1339 3207; baseline 0.003 -17"><span class='ocrx_word' id='word_1_367' title='bbox 213 3140 276 3191; x_wconf 84' lang='lat' dir='ltr'><strong>inde</strong></span> <span class='ocrx_word' id='word_1_368' title='bbox 295 3144 375 3191; x_wconf 87' lang='lat' dir='ltr'><strong>arniei</strong></span> <span class='ocrx_word' id='word_1_369' title='bbox 390 3141 510 3205; x_wconf 75' lang='lat' dir='ltr'><strong>fugiunt,</strong></span> <span class='ocrx_word' id='word_1_370' title='bbox 528 3144 599 3193; x_wconf 86' lang='lat' dir='ltr'><strong>unde</strong></span> <span class='ocrx_word' id='word_1_371' title='bbox 615 3145 792 3207; x_wconf 84' lang='lat' dir='ltr'><strong>probantur.“</strong></span> <span class='ocrx_word' id='word_1_372' title='bbox 828 3143 864 3193; x_wconf 88' lang='lat' dir='ltr'><strong>Ut</strong></span> <span class='ocrx_word' id='word_1_373' title='bbox 888 3144 962 3193; x_wconf 89' lang='lat' dir='ltr'><strong>semel</strong></span> <span class='ocrx_word' id='word_1_374' title='bbox 990 3144 1088 3204; x_wconf 81' lang='lat' dir='ltr'><strong>dicam3</strong></span> <span class='ocrx_word' id='word_1_375' title='bbox 1114 3144 1167 3193; x_wconf 88' lang='lat' dir='ltr'><strong>nisi</strong></span> <span class='ocrx_word' id='word_1_376' title='bbox 1190 3145 1339 3203; x_wconf 83' lang='lat' dir='ltr'><strong>Fortunam,</strong></span> 
     </span>
     <span class='ocr_line' id='line_1_41' title="bbox 212 3209 1338 3277; baseline 0.003 -19"><span class='ocrx_word' id='word_1_377' title='bbox 212 3210 290 3259; x_wconf 87' lang='lat' dir='ltr'><strong>etiam</strong></span> <span class='ocrx_word' id='word_1_378' title='bbox 313 3225 369 3259; x_wconf 90' lang='lat' dir='ltr'><strong>curn</strong></span> <span class='ocrx_word' id='word_1_379' title='bbox 394 3209 499 3259; x_wconf 87' lang='lat' dir='ltr'><strong>adversa</strong></span> <span class='ocrx_word' id='word_1_380' title='bbox 522 3211 564 3271; x_wconf 89' lang='lat' dir='ltr'><strong>sit,</strong></span> <span class='ocrx_word' id='word_1_381' title='bbox 590 3211 618 3260; x_wconf 89' lang='lat' dir='ltr'><strong>in</strong></span> <span class='ocrx_word' id='word_1_382' title='bbox 643 3211 730 3262; x_wconf 87' lang='lat' dir='ltr'><strong>eadem</strong></span> <span class='ocrx_word' id='word_1_383' title='bbox 753 3216 837 3261; x_wconf 90' lang='lat' dir='ltr'><strong>tamen</strong></span> <span class='ocrx_word' id='word_1_384' title='bbox 862 3227 912 3276; x_wconf 90' lang='lat' dir='ltr'><strong>qua</strong></span> <span class='ocrx_word' id='word_1_385' title='bbox 935 3212 1008 3277; x_wconf 90' lang='lat' dir='ltr'><strong>prius</strong></span> <span class='ocrx_word' id='word_1_386' title='bbox 1026 3212 1099 3261; x_wconf 90' lang='lat' dir='ltr'><strong>domo</strong></span> <span class='ocrx_word' id='word_1_387' title='bbox 1117 3228 1218 3263; x_wconf 85' lang='lat' dir='ltr'><strong>manere</strong></span> <span class='ocrx_word' id='word_1_388' title='bbox 1238 3212 1338 3262; x_wconf 82' lang='lat' dir='ltr'><strong>finxerit</strong></span> 
     </span>
     <span class='ocr_line' id='line_1_42' title="bbox 212 3276 1338 3346; baseline 0.005 -22"><span class='ocrx_word' id='word_1_389' title='bbox 212 3276 317 3336; x_wconf 84' lang='lat' dir='ltr'><strong>Noster3</strong></span> <span class='ocrx_word' id='word_1_390' title='bbox 335 3276 434 3327; x_wconf 89' lang='lat' dir='ltr'><strong>nullum</strong></span> <span class='ocrx_word' id='word_1_391' title='bbox 451 3277 493 3327; x_wconf 88' lang='lat' dir='ltr'><strong>hic</strong></span> <span class='ocrx_word' id='word_1_392' title='bbox 512 3278 607 3327; x_wconf 84' lang='lat' dir='ltr'><strong>exitum</strong></span> <span class='ocrx_word' id='word_1_393' title='bbox 624 3279 705 3340; x_wconf 84' lang='lat' dir='ltr'><strong>video,</strong></span> <span class='ocrx_word' id='word_1_394' title='bbox 724 3295 805 3343; x_wconf 88' lang='lat' dir='ltr'><strong>neque</strong></span> <span class='ocrx_word' id='word_1_395' title='bbox 821 3279 946 3344; x_wconf 90' lang='lat' dir='ltr'><strong>quomodo</strong></span> <span class='ocrx_word' id='word_1_396' title='bbox 964 3280 1237 3344; x_wconf 88' lang='lat' dir='ltr'><strong>sententiaprocedere</strong></span> <span class='ocrx_word' id='word_1_397' title='bbox 1248 3281 1338 3346; x_wconf 81' lang='lat' dir='ltr'><strong>possit,</strong></span> 
     </span>
     <span class='ocr_line' id='line_1_43' title="bbox 213 3343 1339 3414; baseline 0.006 -23"><span class='ocrx_word' id='word_1_398' title='bbox 213 3343 338 3406; x_wconf 83' lang='lat' dir='ltr'><strong>intelligo.</strong></span> <span class='ocrx_word' id='word_1_399' title='bbox 373 3344 432 3393; x_wconf 90' lang='lat' dir='ltr'><strong>Nisi</strong></span> <span class='ocrx_word' id='word_1_400' title='bbox 449 3345 529 3407; x_wconf 88' lang='lat' dir='ltr'><strong>siquis</strong></span> <span class='ocrx_word' id='word_1_401' title='bbox 547 3344 653 3397; x_wconf 85' lang='lat' dir='ltr'><strong>fortasse</strong></span> <span class='ocrx_word' id='word_1_402' title='bbox 670 3346 773 3397; x_wconf 86' lang='lat' dir='ltr'><strong>satirice</strong></span> <span class='ocrx_word' id='word_1_403' title='bbox 791 3348 852 3396; x_wconf 89' lang='lat' dir='ltr'><strong>haec</strong></span> <span class='ocrx_word' id='word_1_404' title='bbox 871 3345 940 3397; x_wconf 88' lang='lat' dir='ltr'><strong>dicta</strong></span> <span class='ocrx_word' id='word_1_405' title='bbox 958 3347 1077 3412; x_wconf 86' lang='lat' dir='ltr'><strong>accipiat,</strong></span> <span class='ocrx_word' id='word_1_406' title='bbox 1097 3348 1172 3414; x_wconf 84' lang='lat' dir='ltr'><strong>Spem</strong></span> <span class='ocrx_word' id='word_1_407' title='bbox 1191 3348 1339 3413; x_wconf 79' lang='lat' dir='ltr'><strong>Fidemque,</strong></span> 
     </span>
     <span class='ocr_line' id='line_1_44' title="bbox 211 3411 1339 3481; baseline 0.006 -22"><span class='ocrx_word' id='word_1_408' title='bbox 211 3414 242 3459; x_wconf 90' lang='lat' dir='ltr'><strong>ut</strong></span> <span class='ocrx_word' id='word_1_409' title='bbox 259 3425 327 3458; x_wconf 89' lang='lat' dir='ltr'><strong>nunc</strong></span> <span class='ocrx_word' id='word_1_410' title='bbox 344 3426 384 3459; x_wconf 88' lang='lat' dir='ltr'><strong>res</strong></span> <span class='ocrx_word' id='word_1_411' title='bbox 401 3411 531 3460; x_wconf 90' lang='lat' dir='ltr'><strong>hominum</strong></span> <span class='ocrx_word' id='word_1_412' title='bbox 549 3428 574 3461; x_wconf 91' lang='lat' dir='ltr'><strong>se</strong></span> <span class='ocrx_word' id='word_1_413' title='bbox 592 3412 709 3475; x_wconf 84' lang='lat' dir='ltr'><strong>habeant,</strong></span> <span class='ocrx_word' id='word_1_414' title='bbox 727 3415 867 3464; x_wconf 85' lang='lat' dir='ltr'><strong>Fortunam</strong></span> <span class='ocrx_word' id='word_1_415' title='bbox 882 3431 981 3480; x_wconf 89' lang='lat' dir='ltr'><strong>semper</strong></span> <span class='ocrx_word' id='word_1_416' title='bbox 990 3416 1120 3467; x_wconf 88' lang='lat' dir='ltr'><strong>comitari:</strong></span> <span class='ocrx_word' id='word_1_417' title='bbox 1140 3422 1264 3481; x_wconf 87' lang='lat' dir='ltr'><strong>utsupra</strong></span> <span class='ocrx_word' id='word_1_418' title='bbox 1279 3433 1339 3481; x_wconf 87' lang='lat' dir='ltr'><strong>que·</strong></span> 
     </span>
     <span class='ocr_line' id='line_1_45' title="bbox 212 3476 1339 3547; baseline 0.006 -20"><span class='ocrx_word' id='word_1_419' title='bbox 212 3482 267 3527; x_wconf 91' lang='lat' dir='ltr'><strong>stus</strong></span> <span class='ocrx_word' id='word_1_420' title='bbox 285 3481 323 3525; x_wconf 87' lang='lat' dir='ltr'><strong>cst</strong></span> <span class='ocrx_word' id='word_1_421' title='bbox 341 3476 454 3538; x_wconf 87' lang='lat' dir='ltr'><strong>Ovidius,</strong></span> <span class='ocrx_word' id='word_1_422' title='bbox 473 3477 645 3544; x_wconf 81' lang='lat' dir='ltr'><strong>„Tranquilli</strong></span> <span class='ocrx_word' id='word_1_423' title='bbox 662 3485 782 3532; x_wconf 84' lang='lat' dir='ltr'><strong>carnilam</strong></span> <span class='ocrx_word' id='word_1_424' title='bbox 801 3484 926 3547; x_wconf 81' lang='lat' dir='ltr'><strong>temporis</strong></span> <span class='ocrx_word' id='word_1_425' title='bbox 945 3499 999 3532; x_wconf 83' lang='lat' dir='ltr'><strong>ersa</strong></span> <span class='ocrx_word' id='word_1_426' title='bbox 1015 3483 1116 3533; x_wconf 76' lang='lat' dir='ltr'><strong>Fidem.</strong></span> <span class='ocrx_word' id='word_1_427' title='bbox 1151 3483 1189 3533; x_wconf 79' lang='lat' dir='ltr'><strong>m</strong></span> <span class='ocrx_word' id='word_1_428' title='bbox 1203 3484 1339 3534; x_wconf 80' lang='lat' dir='ltr'><strong>currrFar·</strong></span> 
     </span>
     <span class='ocr_line' id='line_1_46' title="bbox 212 3543 1338 3616; baseline 0.006 -21"><span class='ocrx_word' id='word_1_429' title='bbox 212 3549 279 3595; x_wconf 84' lang='lat' dir='ltr'><strong>luna</strong></span> <span class='ocrx_word' id='word_1_430' title='bbox 297 3548 403 3607; x_wconf 77' lang='lat' dir='ltr'><strong>statque</strong></span> <span class='ocrx_word' id='word_1_431' title='bbox 421 3543 544 3610; x_wconf 83' lang='lat' dir='ltr'><strong>caditque</strong></span> <span class='ocrx_word' id='word_1_432' title='bbox 560 3547 654 3608; x_wconf 66' lang='lat' dir='ltr'><strong>riderf‘</strong></span> <span class='ocrx_word' id='word_1_433' title='bbox 688 3548 782 3599; x_wconf 84' lang='lat' dir='ltr'><strong>Verum</strong></span> <span class='ocrx_word' id='word_1_434' title='bbox 800 3566 830 3599; x_wconf 94' lang='lat' dir='ltr'><strong>eo</strong></span> <span class='ocrx_word' id='word_1_435' title='bbox 850 3553 925 3614; x_wconf 90' lang='lat' dir='ltr'><strong>pacto</strong></span> <span class='ocrx_word' id='word_1_436' title='bbox 943 3567 994 3600; x_wconf 89' lang='lat' dir='ltr'><strong>non</strong></span> <span class='ocrx_word' id='word_1_437' title='bbox 1014 3556 1043 3601; x_wconf 91' lang='lat' dir='ltr'><strong>at</strong></span> <span class='ocrx_word' id='word_1_438' title='bbox 1059 3550 1157 3616; x_wconf 78' lang='lat' dir='ltr'><strong>uralgus</strong></span> <span class='ocrx_word' id='word_1_439' title='bbox 1171 3551 1287 3613; x_wconf 79' lang='lat' dir='ltr'><strong>infidum</strong></span> <span class='ocrx_word' id='word_1_440' title='bbox 1304 3551 1338 3601; x_wconf 92' lang='lat' dir='ltr'><strong>le·</strong></span> 
     </span>
     <span class='ocr_line' id='line_1_47' title="bbox 213 3609 1270 3683; baseline 0.007 -21"><span class='ocrx_word' id='word_1_441' title='bbox 213 3609 323 3676; x_wconf 83' lang='lat' dir='ltr'><strong>gendum</strong></span> <span class='ocrx_word' id='word_1_442' title='bbox 340 3609 425 3672; x_wconf 84' lang='lat' dir='ltr'><strong>tuerit,</strong></span> <span class='ocrx_word' id='word_1_443' title='bbox 443 3612 487 3662; x_wconf 90' lang='lat' dir='ltr'><strong>sed</strong></span> <span class='ocrx_word' id='word_1_444' title='bbox 507 3611 573 3663; x_wconf 85' lang='lat' dir='ltr'><strong>Tum</strong></span> <span class='ocrx_word' id='word_1_445' title='bbox 590 3615 694 3680; x_wconf 78' lang='lat' dir='ltr'><strong>vralgua,</strong></span> <span class='ocrx_word' id='word_1_446' title='bbox 712 3617 752 3667; x_wconf 84' lang='lat' dir='ltr'><strong>rel</strong></span> <span class='ocrx_word' id='word_1_447' title='bbox 769 3616 807 3667; x_wconf 82' lang='lat' dir='ltr'><strong>Et</strong></span> <span class='ocrx_word' id='word_1_448' title='bbox 823 3618 928 3682; x_wconf 80' lang='lat' dir='ltr'><strong>vulgus,</strong></span> <span class='ocrx_word' id='word_1_449' title='bbox 945 3618 986 3668; x_wconf 80' lang='lat' dir='ltr'><strong>vel</strong></span> <span class='ocrx_word' id='word_1_450' title='bbox 1003 3616 1073 3668; x_wconf 89' lang='lat' dir='ltr'><strong>aliud</strong></span> <span class='ocrx_word' id='word_1_451' title='bbox 1099 3619 1160 3683; x_wconf 90' lang='lat' dir='ltr'><strong>quid</strong></span> <span class='ocrx_word' id='word_1_452' title='bbox 1178 3619 1270 3671; x_wconf 87' lang='lat' dir='ltr'><strong>simile.</strong></span> 
     </span>
     <span class='ocr_line' id='line_1_48' title="bbox 282 3676 1337 3755; baseline 0.007 -25"><span class='ocrx_word' id='word_1_453' title='bbox 282 3676 554 3755; x_wconf 66' lang='lat' dir='ltr'><strong>insensatarum</strong></span> <span class='ocrx_word' id='word_1_454' title='bbox 574 3681 711 3734; x_wconf 86' lang='lat' dir='ltr'><strong>Caesarem</strong></span> <span class='ocrx_word' id='word_1_455' title='bbox 735 3688 764 3734; x_wconf 85' lang='lat' dir='ltr'><strong>in</strong></span> <span class='ocrx_word' id='word_1_456' title='bbox 787 3685 895 3735; x_wconf 80' lang='lat' dir='ltr'><strong>aaltimoa</strong></span> <span class='ocrx_word' id='word_1_457' title='bbox 920 3685 996 3736; x_wconf 85' lang='lat' dir='ltr'><strong>Orbis</strong></span> <span class='ocrx_word' id='word_1_458' title='bbox 1022 3686 1178 3749; x_wconf 78' lang='lat' dir='ltr'><strong>Britannos]</strong></span> <span class='ocrx_word' id='word_1_459' title='bbox 1207 3687 1337 3737; x_wconf 87' lang='lat' dir='ltr'><strong>Hactenus</strong></span> 
     </span>
     <span class='ocr_line' id='line_1_49' title="bbox 211 3748 1337 3817; baseline 0.004 -20"><span class='ocrx_word' id='word_1_460' title='bbox 211 3748 341 3797; x_wconf 86' lang='lat' dir='ltr'><strong>Fortunae</strong></span> <span class='ocrx_word' id='word_1_461' title='bbox 358 3761 409 3794; x_wconf 81' lang='lat' dir='ltr'><strong>rim</strong></span> <span class='ocrx_word' id='word_1_462' title='bbox 427 3749 452 3794; x_wconf 83' lang='lat' dir='ltr'><strong>et</strong></span> <span class='ocrx_word' id='word_1_463' title='bbox 468 3749 610 3811; x_wconf 89' lang='lat' dir='ltr'><strong>potentiam</strong></span> <span class='ocrx_word' id='word_1_464' title='bbox 627 3753 789 3812; x_wconf 84' lang='lat' dir='ltr'><strong>memoravit;</strong></span> <span class='ocrx_word' id='word_1_465' title='bbox 815 3755 887 3802; x_wconf 67' lang='lat' dir='ltr'><strong>‘nuno</strong></span> <span class='ocrx_word' id='word_1_466' title='bbox 911 3754 1087 3817; x_wconf 84' lang='lat' dir='ltr'><strong>precationem</strong></span> <span class='ocrx_word' id='word_1_467' title='bbox 1105 3753 1213 3816; x_wconf 88' lang='lat' dir='ltr'><strong>orditur,</strong></span> <span class='ocrx_word' id='word_1_468' title='bbox 1241 3760 1270 3804; x_wconf 92' lang='lat' dir='ltr'><strong>ut</strong></span> <span class='ocrx_word' id='word_1_469' title='bbox 1288 3771 1337 3804; x_wconf 87' lang='lat' dir='ltr'><strong>ser·</strong></span> 
     </span>
     <span class='ocr_line' id='line_1_50' title="bbox 212 3811 1338 3884; baseline 0.008 -21"><span class='ocrx_word' id='word_1_470' title='bbox 212 3830 271 3865; x_wconf 84' lang='lat' dir='ltr'><strong>rare</strong></span> <span class='ocrx_word' id='word_1_471' title='bbox 288 3812 351 3862; x_wconf 86' lang='lat' dir='ltr'><strong>velit</strong></span> <span class='ocrx_word' id='word_1_472' title='bbox 368 3811 499 3864; x_wconf 81' lang='lat' dir='ltr'><strong>Caesarem</strong></span> <span class='ocrx_word' id='word_1_473' title='bbox 516 3821 542 3865; x_wconf 91' lang='lat' dir='ltr'><strong>et</strong></span> <span class='ocrx_word' id='word_1_474' title='bbox 558 3818 713 3869; x_wconf 82' lang='lat' dir='ltr'><strong>Exercitum.</strong></span> <span class='ocrx_word' id='word_1_475' title='bbox 750 3820 799 3870; x_wconf 84' lang='lat' dir='ltr'><strong>Sed</strong></span> <span class='ocrx_word' id='word_1_476' title='bbox 824 3819 885 3884; x_wconf 88' lang='lat' dir='ltr'><strong>quid</strong></span> <span class='ocrx_word' id='word_1_477' title='bbox 913 3821 978 3870; x_wconf 91' lang='lat' dir='ltr'><strong>illud</strong></span> <span class='ocrx_word' id='word_1_478' title='bbox 996 3827 1041 3884; x_wconf 87' lang='lat' dir='ltr'><strong>cst,</strong></span> <span class='ocrx_word' id='word_1_479' title='bbox 1063 3820 1173 3874; x_wconf 81' lang='lat' dir='ltr'><strong>Ultimas</strong></span> <span class='ocrx_word' id='word_1_480' title='bbox 1191 3823 1262 3873; x_wconf 87' lang='lat' dir='ltr'><strong>orbis</strong></span> <span class='ocrx_word' id='word_1_481' title='bbox 1278 3822 1338 3872; x_wconf 81' lang='lat' dir='ltr'><strong>Bri-</strong></span> 
     </span>
     <span class='ocr_line' id='line_1_51' title="bbox 214 3880 1337 3958; baseline 0.005 -25"><span class='ocrx_word' id='word_1_482' title='bbox 214 3884 327 3933; x_wconf 80' lang='lat' dir='ltr'><strong>tannos?</strong></span> <span class='ocrx_word' id='word_1_483' title='bbox 359 3880 429 3958; x_wconf 74' lang='lat' dir='ltr'><strong>Satis</strong></span> <span class='ocrx_word' id='word_1_484' title='bbox 446 3882 560 3945; x_wconf 84' lang='lat' dir='ltr'><strong>prolecto</strong></span> <span class='ocrx_word' id='word_1_485' title='bbox 578 3891 632 3934; x_wconf 91' lang='lat' dir='ltr'><strong>erat</strong></span> <span class='ocrx_word' id='word_1_486' title='bbox 648 3886 756 3937; x_wconf 79' lang='lat' dir='ltr'><strong>ultimos</strong></span> <span class='ocrx_word' id='word_1_487' title='bbox 772 3888 921 3938; x_wconf 84' lang='lat' dir='ltr'><strong>Britannos</strong></span> <span class='ocrx_word' id='word_1_488' title='bbox 939 3889 1040 3951; x_wconf 77' lang='lat' dir='ltr'><strong>dixisse,</strong></span> <span class='ocrx_word' id='word_1_489' title='bbox 1060 3896 1084 3940; x_wconf 92' lang='lat' dir='ltr'><strong>et</strong></span> <span class='ocrx_word' id='word_1_490' title='bbox 1101 3889 1177 3954; x_wconf 85' lang='lat' dir='ltr'><strong>louge</strong></span> <span class='ocrx_word' id='word_1_491' title='bbox 1195 3890 1337 3955; x_wconf 88' lang='lat' dir='ltr'><strong>elegantius</strong></span> 
     </span>
     <span class='ocr_line' id='line_1_52' title="bbox 211 3948 1336 4019; baseline 0.007 -20"><span class='ocrx_word' id='word_1_492' title='bbox 211 3955 291 3999; x_wconf 88' lang='lat' dir='ltr'><strong>esset:</strong></span> <span class='ocrx_word' id='word_1_493' title='bbox 310 3952 340 3997; x_wconf 92' lang='lat' dir='ltr'><strong>ut</strong></span> <span class='ocrx_word' id='word_1_494' title='bbox 357 3963 413 4011; x_wconf 87' lang='lat' dir='ltr'><strong>rpse</strong></span> <span class='ocrx_word' id='word_1_495' title='bbox 431 3948 494 3998; x_wconf 88' lang='lat' dir='ltr'><strong>alibi</strong></span> <span class='ocrx_word' id='word_1_496' title='bbox 513 3949 593 4000; x_wconf 77' lang='lat' dir='ltr'><strong>Carni.</strong></span> <span class='ocrx_word' id='word_1_497' title='bbox 612 3953 647 4014; x_wconf 88' lang='lat' dir='ltr'><strong>Il,</strong></span> <span class='ocrx_word' id='word_1_498' title='bbox 666 3956 706 4016; x_wconf 83' lang='lat'><strong>20,</strong></span> <span class='ocrx_word' id='word_1_499' title='bbox 727 3957 766 4006; x_wconf 81' lang='lat'><strong>18.</strong></span> <span class='ocrx_word' id='word_1_500' title='bbox 802 3955 917 4019; x_wconf 62' lang='lat' dir='ltr'><strong>„Dacus</strong></span> <span class='ocrx_word' id='word_1_501' title='bbox 936 3963 961 4006; x_wconf 89' lang='lat' dir='ltr'><strong>et</strong></span> <span class='ocrx_word' id='word_1_502' title='bbox 978 3956 1064 4007; x_wconf 89' lang='lat' dir='ltr'><strong>ultimi</strong></span> <span class='ocrx_word' id='word_1_503' title='bbox 1081 3956 1202 4008; x_wconf 85' lang='lat' dir='ltr'><strong>Noscant</strong></span> <span class='ocrx_word' id='word_1_504' title='bbox 1220 3958 1336 4009; x_wconf 86' lang='lat' dir='ltr'><strong>Geloni.“</strong></span> 
     </span>
     <span class='ocr_line' id='line_1_53' title="bbox 213 4015 1337 4090; baseline 0.008 -24"><span class='ocrx_word' id='word_1_505' title='bbox 213 4018 298 4082; x_wconf 86' lang='lat' dir='ltr'><strong>Epist.</strong></span> <span class='ocrx_word' id='word_1_506' title='bbox 318 4016 339 4076; x_wconf 95' lang='grc' dir='ltr'><strong>Ι,</strong></span> <span class='ocrx_word' id='word_1_507' title='bbox 358 4018 381 4074; x_wconf 87' lang='lat'><strong>6,</strong></span> <span class='ocrx_word' id='word_1_508' title='bbox 401 4017 424 4067; x_wconf 89' lang='lat'><strong>6.</strong></span> <span class='ocrx_word' id='word_1_509' title='bbox 460 4015 549 4078; x_wconf 76' lang='lat' dir='ltr'><strong>„Quid</strong></span> <span class='ocrx_word' id='word_1_510' title='bbox 565 4024 649 4070; x_wconf 83' lang='lat' dir='ltr'><strong>maris</strong></span> <span class='ocrx_word' id='word_1_511' title='bbox 666 4027 789 4072; x_wconf 87' lang='lat' dir='ltr'><strong>extremos</strong></span> <span class='ocrx_word' id='word_1_512' title='bbox 807 4023 902 4075; x_wconf 81' lang='lat' dir='ltr'><strong>Arabas</strong></span> <span class='ocrx_word' id='word_1_513' title='bbox 926 4023 1038 4075; x_wconf 82' lang='lat' dir='ltr'><strong>ditantis</strong></span> <span class='ocrx_word' id='word_1_514' title='bbox 1056 4031 1082 4074; x_wconf 88' lang='lat' dir='ltr'><strong>ct</strong></span> <span class='ocrx_word' id='word_1_515' title='bbox 1099 4024 1218 4075; x_wconf 59' lang='lat' dir='ltr'><strong>tractatu</strong></span> <span class='ocrx_word' id='word_1_516' title='bbox 1252 4025 1337 4090; x_wconf 85' lang='lat' dir='ltr'><strong>Epist.</strong></span> 
     </span>
     <span class='ocr_line' id='line_1_54' title="bbox 214 4082 1336 4155; baseline 0.009 -22"><span class='ocrx_word' id='word_1_517' title='bbox 214 4085 235 4145; x_wconf 94' lang='grc' dir='ltr'><strong>Ι,</strong></span> <span class='ocrx_word' id='word_1_518' title='bbox 248 4088 270 4146; x_wconf 86' lang='grc'><strong>1,</strong></span> <span class='ocrx_word' id='word_1_519' title='bbox 280 4087 322 4136; x_wconf 86' lang='grc'><strong>45.</strong></span> <span class='ocrx_word' id='word_1_520' title='bbox 340 4082 478 4146; x_wconf 75' lang='lat' dir='ltr'><strong>„Impiger</strong></span> <span class='ocrx_word' id='word_1_521' title='bbox 496 4090 618 4136; x_wconf 82' lang='lat' dir='ltr'><strong>extremos</strong></span> <span class='ocrx_word' id='word_1_522' title='bbox 637 4091 724 4137; x_wconf 79' lang='lat' dir='ltr'><strong>curris</strong></span> <span class='ocrx_word' id='word_1_523' title='bbox 741 4094 875 4139; x_wconf 85' lang='lat' dir='ltr'><strong>mercator</strong></span> <span class='ocrx_word' id='word_1_524' title='bbox 892 4091 929 4140; x_wconf 85' lang='lat' dir='ltr'><strong>ad</strong></span> <span class='ocrx_word' id='word_1_525' title='bbox 943 4091 1047 4142; x_wconf 66' lang='lat' dir='ltr'><strong>indos.“</strong></span> <span class='ocrx_word' id='word_1_526' title='bbox 1083 4093 1123 4143; x_wconf 85' lang='lat' dir='ltr'><strong>Sic</strong></span> <span class='ocrx_word' id='word_1_527' title='bbox 1134 4091 1216 4143; x_wconf 73' lang='lat' dir='ltr'><strong>Caum.</strong></span> <span class='ocrx_word' id='word_1_528' title='bbox 1227 4094 1248 4154; x_wconf 94' lang='grc' dir='ltr'><strong>Ι,</strong></span> <span class='ocrx_word' id='word_1_529' title='bbox 1261 4095 1301 4155; x_wconf 89' lang='grc'><strong>36,</strong></span> <span class='ocrx_word' id='word_1_530' title='bbox 1311 4095 1336 4144; x_wconf 80' lang='grc'><strong>4.</strong></span> 
     </span>
    </p>
   </div>
   <div class='ocr_carea' id='block_1_4' title="bbox 211 4149 1341 4243">
    <p class='ocr_par' dir='ltr' id='par_1_4' title="bbox 211 4149 1341 4243">
     <span class='ocr_line' id='line_1_55' title="bbox 211 4149 1341 4243; baseline 0.012 -45"><span class='ocrx_word' id='word_1_531' title='bbox 211 4150 285 4214; x_wconf 76' lang='lat' dir='ltr'><strong>„Qui</strong></span> <span class='ocrx_word' id='word_1_532' title='bbox 301 4166 374 4200; x_wconf 75' lang='lat' dir='ltr'><strong>naaria</strong></span> <span class='ocrx_word' id='word_1_533' title='bbox 390 4149 517 4215; x_wconf 81' lang='lat' dir='ltr'><strong>Hesperia</strong></span> <span class='ocrx_word' id='word_1_534' title='bbox 534 4169 622 4219; x_wconf 85' lang='lat' dir='ltr'><strong>sospes</strong></span> <span class='ocrx_word' id='word_1_535' title='bbox 641 4157 673 4205; x_wconf 85' lang='lat' dir='ltr'><strong>ad</strong></span> <span class='ocrx_word' id='word_1_536' title='bbox 691 4155 808 4209; x_wconf 89' lang='lat' dir='ltr'><strong>ultima.“</strong></span> <span class='ocrx_word' id='word_1_537' title='bbox 826 4162 852 4207; x_wconf 92' lang='lat' dir='ltr'><strong>et</strong></span> <span class='ocrx_word' id='word_1_538' title='bbox 869 4157 904 4219; x_wconf 87' lang='grc' dir='ltr'><strong>Π,</strong></span> <span class='ocrx_word' id='word_1_539' title='bbox 917 4160 956 4221; x_wconf 84' lang='grc'><strong>18,</strong></span> <span class='ocrx_word' id='word_1_540' title='bbox 974 4162 997 4212; x_wconf 88' lang='grc'><strong>4.</strong></span> <span class='ocrx_word' id='word_1_541' title='bbox 1033 4157 1183 4225; x_wconf 87' lang='lat' dir='ltr'><strong>„Prcmant</strong></span> <span class='ocrx_word' id='word_1_542' title='bbox 1201 4161 1341 4243; x_wconf 49' lang='lat' dir='ltr'><strong>columnae⁸</strong></span> 
     </span>
    </p>
   </div>
   <div class='ocr_carea' id='block_1_5' title="bbox 0 0 1412 4758">
    <p class='ocr_par' dir='ltr' id='par_1_5' title="bbox 0 0 1412 4758">
     <span class='ocr_line' id='line_1_56' title="bbox 0 0 1412 4758; baseline 0 0"><span class='ocrx_word' id='word_1_543' title='bbox 0 0 1412 4758; x_wconf 95' lang='lat' dir='ltr'><strong> </strong></span> 
     </span>
    </p>
   </div>
  </div>
 </body>
</html>
