2818 4758
235 241 276 305 96
631 251 663 311 o.
685 253 826 300 nornen
847 253 972 303 mecm

320 385 426 454 (ledes
447 383 581 450 coemtis
603 385 748 469 saltibus,
771 390 804 451 et
825 385 930 468 domo,

315 472 474 551 Villaque,
498 468 602 536 flavus
624 489 721 552 quam
743 470 869 537 Tiberis
891 471 985 539 lavit:

359 554 478 625 Cedes;
503 560 534 618 et
556 557 726 620 exstructis
747 556 780 619 in
801 556 903 621 altum

273 654 304 705 20
401 637 531 705 Divitiis
553 638 693 724 potietur
713 639 816 706 heres.

313 725 455 790 Divesne
476 722 582 807 prisco
603 728 698 788 natus
720 724 762 788 ab
782 725 911 804 Inacho,

314 808 369 876 Nil
390 808 531 891 interest,
555 828 596 871 an
616 826 749 893 pauper,
772 816 804 873 et
825 809 934 874 infima

357 895 407 958 De
429 898 524 973 gente
547 893 608 957 sub
631 891 705 956 divo
725 893 869 971 moreris,

400 976 537 1042 Victima
557 977 602 1040 nil
623 976 805 1042 miserantis
826 977 910 1044 Orci.

273 1075 304 1126 25
318 1063 437 1130 Omnes
459 1061 571 1127 ecdem
594 1062 753 1142 cogimur:
776 1062 918 1126 omnium

314 1148 468 1213 Versatur
489 1165 571 1210 urna
592 1146 696 1211 serius
717 1145 807 1210 ocius

356 1233 434 1298 Sors
457 1230 591 1306 exitura,
614 1235 647 1294 et
667 1250 727 1296 nos
749 1230 781 1294 in
803 1236 969 1296 aeternum

398 1313 556 1380 Exsilium
577 1314 756 1398 inpositura
777 1316 920 1381 cumbae.

767 1498 821 1563 IV.

600 1616 665 1680 AD
694 1616 977 1684 XANTHIAM.

311 1735 361 1799 Ne
385 1734 426 1798 sit
447 1733 582 1799 ansillae
604 1730 662 1797 tibi
684 1752 773 1798 amor
794 1734 919 1818 pudori,

311 1818 455 1884 Xanthia
476 1817 621 1896 Phoceu3
642 1817 733 1901 prius
754 1818 944 1885 insolentem

312 1902 412 1969 Serva
433 1901 555 1967 Briseis
576 1901 668 1968 niveo
691 1903 795 1968 colore

461 1986 560 2052 Movit
580 1986 751 2051 Achillem:
841 2039 844 2046 .

283 2070 410 2137 chlcvit
430 2071 561 2136 Aiacem
583 2071 757 2137 Telamone
778 2077 888 2136 natum

308 2157 427 2220 Forma
449 2155 594 2240 captivae
617 2155 778 2221 dominum
802 2159 1010 2222 Tecmessae:

308 2241 397 2307 Arsit
417 2240 546 2305 Atrides
567 2239 673 2306 medio
694 2241 727 2303 in
750 2240 909 2325 triumpho

463 2325 594 2406 Virgine
616 2330 725 2409 rapta3

310 2408 473 2473 Barbarae
494 2417 665 2494 postquam
689 2407 832 2475 cecidere
855 2413 978 2473 turmae

156 2492 160 2499 ’
266 2506 296 2556 ro
310 2493 467 2558 Thessalo
489 2494 617 2572 victore,
640 2499 673 2560 et
686 2493 841 2558 'ademtus
862 2494 979 2558 Hector

308 2577 456 2642 Tradidit
478 2577 574 2643 sessis
595 2578 716 2643 leviora
738 2578 806 2642 tolli

461 2663 620 2741 Pergama
642 2661 757 2728 Graiis.

305 2745 440 2809 Nescias
462 2765 504 2809 an
525 2752 557 2809 te
580 2765 732 2826 generum
755 2745 841 2810 beati

307 2828 464 2910 Phyllidis
486 2828 588 2895 flavae
611 2828 760 2895 decorent
782 2834 947 2915 parentes:

267 2924 296 2976 15
309 2913 445 2994 Regium
468 2919 553 2978 certe
574 2934 686 2996 genus,
710 2922 741 2979 et
762 2914 892 2980 Penatis

460 2999 581 3065 Maeret
603 2999 739 3083 iniquos.

307 3080 410 3147 Crede
431 3102 494 3148 non
515 3082 604 3148 illam
625 3084 683 3149 tibi
705 3083 745 3150 de
767 3083 904 3148 scelesta

304 3167 404 3232 Plebe
426 3165 573 3233 dilectam
579 3192 588 3248 ;
611 3188 716 3252 neque
738 3167 784 3233 sic
805 3166 942 3245 fidelem,

291 3351 515 3403 1'l.1)eeeeleeta
533 3354 611 3404 Plebs
629 3353 765 3415 delectam]
790 3353 882 3402 Omnes
905 3351 957 3401 lere
974 3351 1082 3412 codices,
1107 3350 1249 3401 dilectam:
1274 3349 1337 3399 unde

223 3416 369 3480 ambiguum
387 3420 479 3481 evadit,
498 3425 582 3471 utrum
600 3427 717 3472 amatam
734 3420 915 3485 intelligamus,
932 3423 963 3469 nt
979 3419 1072 3468 Noster
1089 3418 1152 3468 alibi
1160 3418 1245 3482 Epist
1263 3419 1298 3480 11,
1317 3422 1337 3477 1,

224 3486 281 3537 247.
301 3484 412 3545 „Dilecti
429 3487 478 3538 tibi
496 3487 629 3553 Virgilius
648 3488 799 3552 Variusque
815 3490 942 3553 poetas‘:
959 3502 992 3536 an
1009 3486 1141 3547 relectum,
1160 3485 1284 3536 electum:
1303 3486 1337 3536 sio

222 3552 291 3602 enim
307 3552 450 3617 antiquitus
468 3556 544 3606 etiam
562 3557 589 3606 in
607 3558 657 3607 istc
674 3556 861 3620 significatione
879 3555 1030 3616 scribebant,
1055 3554 1209 3603 dilectus
1226 3554 1337 3604 militum

222 3624 268 3670 etc.
287 3620 355 3683 quod
373 3625 398 3670 et
415 3622 461 3672 alii
478 3627 607 3674 notarunt.
641 3625 754 3688 Uterque
772 3639 860 3673 sensus
884 3623 946 3673 satis
964 3626 1003 3673 est
1020 3620 1178 3683 commodum
1195 3620 1240 3672 scd
1256 3626 1336 3689 poste-

221 3689 273 3738 rior
298 3688 380 3752 mcgis
402 3690 494 3754 placet
530 3692 602 3742 Ovid.
622 3694 704 3742 Amor.
725 3693 799 3754 [Art]
817 3693 838 3752 I,
857 3693 898 3743 42.
922 3690 1014 3754 „Elige
1038 3692 1083 3740 cui
1106 3689 1188 3752 dicae,
1217 3690 1258 3740 Pu
1274 3690 1337 3739 miti

221 3756 279 3806 sola
293 3756 412 3821 places.“
445 3759 545 3809 Plinius
563 3760 632 3811 Hist.
649 3760 721 3821 VIII,
740 3762 763 3809 5.
783 3759 809 3825 [ᾗ
831 3760 871 3820 13]
890 3758 920 3807 ds
937 3756 1090 3824 Elephantis
1106 3756 1227 3821 loquens:
1253 3755 1336 3822 „lba-

223 3823 297 3874 ditur
314 3839 384 3874 unus
402 3841 503 3877 amasse
521 3828 655 3892 quondam
673 3830 702 3877 ic
719 3827 843 3892 Aegypto
862 3825 977 3876 corolla:
1000 3824 1172 3887 vendentem:
1197 3826 1336 3891 coaequis

221 3891 371 3955 υιιὶςανίιοι·
394 3893 499 3944 electam
520 3901 604 3960 putet,
628 3897 696 3945 mire
720 3899 830 3959 gratam
846 3894 1023 3958 Arebtophani
1046 3893 1216 3943 celeberrumo
1234 3895 1264 3942 ic
1281 3897 1336 3942 crte

223 3957 430 4012 Grammaticc.“
464 3963 505 4012 Ita
523 3961 560 4014 01.
577 3963 727 4012 Haeduinus
744 3978 775 4011 ex
792 3961 845 4011 suis
863 3960 994 4011 codicibus
1011 3960 1106 4022 edidit;
1123 3975 1183 4010 nam
1199 3959 1266 4011 alias
1275 3959 1336 4012 Edi-

221 4027 312 4090 tiones,
330 4029 481 4093 vulgariter
498 4029 634 4081 dilectam:
654 4030 722 4095 quod
739 4029 826 4080 eodem
843 4029 918 4092 redit,
936 4044 1016 4093 neque
1033 4029 1090 4079 loco
1107 4027 1259 4079 movendum
1276 4030 1334 4079 erat

220 4092 352 4146 Caeterum
369 4097 464 4146 frustra
479 4098 597 4148 laborent
613 4099 776 4163 Interpretare,
802 4101 833 4147 ut
854 4097 964 4147 scelesta
983 4096 1060 4163 plebe
1087 4099 1215 4161 exponant
1237 4095 1335 4159 seroib,

217 4164 325 4227 maheru,
342 4164 456 4226 infelice.
491 4166 545 4215 Imc
563 4182 622 4216 vero
639 4166 747 4216 scelesto
763 4165 814 4226 hic,
832 4169 862 4214 nt
879 4180 977 4231 semper
992 4163 1063 4226 alibi,
1089 4165 1227 4228 scelerata,
1246 4166 1333 4231 impio
