2834 4758
623 309 656 371 o.
677 309 821 358 nonaru
842 310 967 359 ruaccr

777 526 820 594 X

579 647 650 713 AD
687 644 1017 714 LIGURINUM.

318 782 346 849 Ο
368 780 508 848 crudelis
530 780 646 860 adbuc,
669 786 702 847 et
723 781 858 847 Veneris
879 781 1067 848 muneribus
1085 787 1220 880 potens3

319 871 489 953 Insperata
511 874 586 932 tuae
608 886 681 932 curn
702 867 809 932 veniet
830 866 941 1015 pluma
964 867 1144 952 superbiae,

320 954 361 1018 Et
383 971 467 1037 quae
488 971 573 1017 nunc
595 950 738 1018 humeris
760 950 937 1029 involant,
960 950 1137 1018 deciderint
1158 970 1278 1028 comae,

318 1039 412 1103 Nune
434 1043 466 1104 et
487 1036 543 1122 qui
565 1036 652 1103 color
673 1042 723 1103 est
744 1035 900 1122 puniceae
921 1035 999 1102 flore
1020 1036 1108 1122 prior
1129 1055 1235 1115 rosae,

301 1191 325 1241 2.
345 1190 438 1239 Pluma
454 1190 605 1255 superbiae]
640 1189 759 1238 Nondum
777 1190 846 1239 inter
863 1190 1016 1253 interpretes
1033 1188 1161 1253 convenit,
1182 1188 1246 1254 quid
1264 1188 1311 1239 sibi
1330 1190 1361 1239 in

232 1258 281 1308 hoc
304 1258 361 1307 looo
384 1257 448 1307 velit
470 1257 581 1323 pluma,
607 1257 767 1322 „Insperata
791 1263 853 1308 inae
878 1272 941 1307 cum
964 1258 1051 1307 veniel
1073 1257 1167 1321 pluma
1191 1258 1361 1323 rupertiaa.“

233 1325 335 1389 Pluma,
354 1325 428 1375 aiunt
438 1325 602 1387 scholiastae,
621 1330 660 1375 est
673 1328 766 1391 prima
776 1326 868 1388 larba,
888 1326 971 1375 larba
981 1327 1126 1389 incipianr;
1145 1341 1208 1389 quos
1218 1329 1361 1390 sequuntur

233 1393 382 1455 Lambinus,
401 1391 537 1458 Oruquius‚
550 1391 708 1443 Torrentius.
744 1396 779 1442 At
796 1409 869 1443 nemo
888 1393 1022 1457 quisquam
1039 1398 1171 1457 poetarum
1190 1393 1360 1444 bausiatione

233 1461 281 1510 bau
298 1476 359 1510 usus
376 1464 422 1524 est,
440 1464 470 1509 ut
487 1459 590 1510 barbam
608 1466 710 1511 vocaret
725 1462 853 1526 plumam.
880 1460 969 1525 Neque
988 1476 1046 1510 vero
1063 1461 1129 1510 ratio
1148 1460 1201 1510 ulla
1219 1461 1361 1525 excogitari

232 1532 335 1593 potest3
361 1544 406 1578 cur
422 1529 445 1577 si
462 1529 490 1578 id
507 1529 584 1580 vellet
599 1528 739 1591 Horatius,
763 1545 815 1579 non
833 1529 940 1594 proprio
958 1533 983 1578 et
1001 1544 1047 1579 suo
1064 1529 1167 1578 nomine
1185 1531 1296 1579 bartam
1312 1545 1360 1595 ap-

233 1595 375 1661 pellaverit,
395 1596 555 1662 „Insperata
572 1603 636 1647 inae
653 1612 713 1648 cum
731 1601 819 1647 ueniet
835 1597 918 1647 barba
937 1597 1108 1662 asperatam:
1133 1598 1192 1647 Non
1211 1598 1280 1647 enim
1288 1598 1361 1648 verbi

231 1657 378 1714 humilitate
395 1665 489 1714 offendi
507 1665 601 1729 potuit,
619 1665 687 1729 quod
703 1681 790 1716 omnes
806 1665 860 1714 lere
878 1670 975 1729 poetae,
994 1664 1071 1714 etiam
1088 1665 1116 1714 in
1134 1666 1248 1716 carmine
1266 1665 1360 1731 Epieo‚

233 1748 285 1781 non
302 1737 362 1782 sunt
378 1733 516 1797 aspernati.
552 1733 610 1795 Sed,
629 1733 697 1797 quod
713 1732 850 1783 maximum
869 1738 921 1796 est,
939 1732 1027 1798 paullo
1044 1731 1112 1782 inira
1129 1733 1158 1781 in
1176 1749 1250 1782 versu
1268 1735 1361 1797 quinto

232 1800 343 1850 barbam
368 1801 488 1865 attingit3
511 1800 571 1863 ubi,
598 1801 649 1863 ait,
676 1804 725 1864 „in
742 1801 840 1862 faciam
866 1804 977 1850 verterit
1002 1800 1167 1864 bispidam“:
1192 1806 1221 1851 ut
1239 1802 1362 1867 putidum

232 1868 308 1933 piane
326 1869 361 1918 eit
371 1868 412 1919 bis
430 1868 535 1918 eandem
552 1870 706 1919 sententiam
723 1869 846 1919 continuo
863 1868 1006 1918 incuicare:
1024 1873 1054 1917 ut
1071 1884 1103 1917 ne
1121 1868 1212 1918 addam
1220 1869 1362 1920 absurdum

232 1952 296 1999 esse,
314 1952 389 2001 quam
407 1936 511 1988 barbam
528 1937 580 1986 iam
587 1937 707 2002 plumam
715 1938 763 1987 hoc
774 1937 1071 1995 estmollcmvoeaverit,
1092 1935 1197 1986 eandem
1215 1939 1361 2002 evestigio

232 2003 366 2070 hispidam
383 2005 446 2055 fleri.
481 2005 565 2060 Quare
583 2005 635 2055 alia
654 2006 695 2054 via
712 2004 848 2055 insistebat
865 2004 1011 2054 Theodorus
1028 2004 1169 2066 Marcilius,
1190 2010 1220 2054 ut
1234 2006 1360 2070 plumam

231 2073 273 2122 bio
291 2073 502 2137 interpretaretur
520 2074 659 2134 canitiem
677 2073 752 2137 quale
770 2073 835 2123 illud
853 2072 891 2122 ait
901 2072 1011 2122 Nasonis
1029 2087 1090 2130 esse,
1111 2072 1189 2122 Trist.
1202 2073 1322 2137 1V‚8.[v.
1335 2076 1360 2137 1]

231 2140 308 2203 „lam
325 2156 384 2191 raca
411 2155 526 2208 cycneas
549 2143 692 2191 imitantur
716 2146 836 2207 tempora
861 2141 993 2204 plamar.“
1027 2141 1106 2189 Recte
1133 2140 1236 2204 quidem
1263 2157 1361 2208 cycnea

232 2207 458 2273 pluma‘cauitiem
475 2212 562 2269 notat3
591 2210 652 2273 quia
669 2209 743 2275 cycni
769 2213 830 2258 sunt
846 2208 964 2260 candidi:
991 2207 1035 2257 sed
1053 2207 1095 2257 dio
1119 2213 1205 2269 sodes,
1223 2224 1256 2258 an
1274 2211 1361 2259 omnis

234 2277 338 2326 omnino
356 2277 444 2342 pluma
461 2277 585 2327 estalbal
603 2277 719 2334 Quonam
736 2277 817 2342 igitur
834 2285 910 2342 pacto
927 2277 1027 2341 pluma,
1046 2291 1092 2340 per
1108 2292 1135 2326 se
1152 2281 1178 2326 et
1187 2276 1253 2326 nude
1264 2279 1361 2341 posita,

231 2343 342 2394 alborem
360 2345 510 2396 denotabit?
544 2345 633 2407 Vidit,
657 2345 762 2410 opinor,
788 2345 853 2395 hanc
872 2343 1054 2394 absurditatem
1071 2344 1258 2394 eruditissimus
1276 2346 1360 2396 Dace·

231 2412 298 2473 rius;
324 2421 351 2462 at
368 2429 426 2463 cunr
443 2413 569 2463 diversum
587 2413 650 2478 quid
666 2413 842 2477 investigaret,
869 2429 898 2462 eo
916 2412 1033 2462 redactus
1051 2416 1104 2474 est,
1122 2418 1166 2475 ut,
1184 2429 1216 2461 nc
1234 2413 1302 2463 uihil
1321 2414 1361 2463 di·

231 2486 311 2542 oeret,
341 2482 460 2532 omuibus
483 2483 525 2531 his
548 2480 721 2532 absurdiorem
746 2497 847 2531 sensum
871 2480 1112 2530 comminisceretur.
1155 2480 1239 2544 „Cum
1264 2482 1360 2546 pluma

231 2551 304 2598 oenit
321 2553 384 2600 inae
399 2552 555 2614 supermae,-
582 2552 632 2600 doc
649 2552 714 2613 ert,“
738 2549 838 2614 inquit,
862 2564 941 2613 „cnm
968 2547 998 2597 id
1020 2563 1072 2612 qno
1090 2549 1277 2613 superaretur,
1295 2565 1361 2600 avo·

233 2616 298 2666 larii
315 2623 343 2667 at
360 2619 471 2678 alieril‚·
494 2632 568 2668 mere
592 2617 719 2682 loquendi
738 2615 847 2668 Graecia
864 2622 891 2666 ei
909 2615 1090 2666 Orientalibus
1107 2618 1200 2668 nole.“
1235 2616 1359 2679 Quinam,

231 2684 328 2745 amabo,
346 2684 386 2733 illi
404 2688 465 2734 sunt
483 2685 596 2734 Graeci?
614 2689 643 2734 nt
661 2685 691 2735 de
706 2684 880 2735 Orientalibus
898 2683 1049 2743 concedam3
1068 2684 1112 2748 qui
1132 2687 1216 2733 tumen
1234 2684 1288 2750 ipsi
1305 2703 1359 2735 non

229 2751 357 2815 plumam,
376 2752 419 2801 sed
435 2767 542 2817 pennas
559 2752 612 2802 sive
630 2753 689 2803 alar
706 2769 735 2803 eo
754 2769 829 2803 seusu
846 2756 985 2817 usurpant:
1005 2755 1030 2802 et
1047 2752 1115 2802 unde
1132 2752 1152 2801 ii
1167 2752 1279 2803 Horatio
1298 2754 1359 2804 imi·

232 2818 322 2868 tandi?
356 2820 494 2869 Enimvero
512 2818 574 2884 quid
591 2835 648 2870 curu
665 2821 821 2884 plama'illa
838 2821 889 2882 flet,
908 2836 1005 2884 nequeo
1023 2819 1152 2869 divinare:
1180 2820 1224 2869 sed
1242 2837 1301 2870 cum
1320 2828 1359 2871 tot

231 2885 278 2936 aiii
294 2885 326 2936 de
343 2902 420 2954 scopo
437 2886 618 2954 aberraverint,
637 2888 693 2938 vide
710 2889 794 2953 ruodo,
812 2904 845 2939 an
863 2904 909 2940 nos
926 2887 1033 2953 propius
1051 2887 1215 2938 collimemus.
1247 2887 1318 2945 Quid
1337 2891 1359 2939 si

230 2953 312 3019 igitur
329 2959 398 3006 totus
415 2954 487 3007 locus
504 2957 541 3006 sio
559 2957 740 3022 concipiatur?
769 2957 927 3022 „Insperata
946 2962 1008 3006 tuae
1027 2971 1086 3006 cam
1103 2959 1191 3006 venr'ci
1207 2956 1298 3007 bruma
1314 2974 1359 3008 ru-

229 3024 353 3089 perliae3
383 3024 427 3088 Et,
446 3041 514 3090 qaae
531 3040 604 3075 nunc
621 3026 738 3075 hameris
755 3025 909 3086 incolitant,
937 3024 1086 3074 deciderint
1104 3038 1207 3086 comam
1234 3022 1315 3076 Nunc
1333 3031 1360 3076 et

231 3095 279 3157 qui
294 3093 371 3144 color
388 3099 429 3143 ert
464 3096 574 3145 uaiaeae
590 3094 658 3155 llere
674 3095 753 3159 prior·
770 3110 861 3156 rosae,
880 3092 1013 3156 Matutam,
1031 3091 1177 3156 Ligurine,
1205 3094 1234 3141 in
1258 3095 1357 3153 faciem

230 3164 342 3211 crerier-it
359 3162 431 3228 lirpi
448 3163 520 3213 am.“
553 3162 652 3212 Passim
674 3161 743 3226 apud
766 3162 910 3226 Scriptores
935 3160 1106 3211 adolescentia
1123 3162 1194 3224 veri,
1212 3160 1359 3224 provectior

230 3233 301 3278 actm
318 3235 462 3281 auctnmao
481 3236 507 3280 et
523 3230 634 3280 brumae
650 3234 820 3295 comparatur.
856 3230 891 3279 Et
908 3232 1038 3293 praeterea
1056 3230 1151 3278 trama
1176 3244 1224 3294 pro
1243 3233 1356 3294 tempore

230 3295 335 3346 adverso
352 3299 473 3363 ponitur3
496 3302 528 3348 nt
550 3298 623 3348 Ovid.
642 3299 726 3363 Epist.
746 3298 861 3349 Oenones
879 3298 952 3361 [Her.
965 3296 997 3359 V,
1013 3298 1071 3358 341:
1107 3295 1176 3359 „Illa
1195 3296 1250 3346 dies
1268 3296 1356 3357 fatum

229 3366 344 3415 miserae
360 3367 429 3416 mili
445 3366 533 3418 dixit:
551 3368 584 3416 ab
602 3366 652 3417 illa
670 3366 785 3416 Pessima
802 3368 901 3416 maiali
917 3368 1006 3431 coepit
1022 3367 1122 3415 amoris
1138 3364 1247 3414 hiems.“
1277 3366 1356 3430 Ergo,

232 3428 297 3480 Cum
315 3437 403 3483 veniet
419 3435 528 3498 bruma,
552 3437 690 3500 insperata
709 3439 771 3484 inae
788 3435 942 3499 superbiae,
968 3432 1075 3499 perinde
1093 3436 1132 3482 est
1159 3448 1187 3482 ac
1213 3433 1233 3481 si
1253 3433 1355 3495 dixerit,

230 3498 278 3547 ali
295 3504 362 3549 nain
378 3501 514 3564 grandior
529 3501 628 3562 scleris:
647 3503 699 3553 sire
709 3504 757 3552 rabi
774 3503 914 3553 calamitas
931 3501 1169 3567 snperbiamtnarn
1185 3504 1355 3566 oppresserit.

230 3565 320 3631 Pergit
342 3582 401 3617 vero
428 3569 456 3619 in
476 3570 623 3635 metaphora
641 3569 672 3620 ab
691 3572 776 3621 nieme
793 3570 924 3621 traducta:
962 3568 1027 3620 Cam
1045 3584 1149 3633 comae,
1167 3568 1267 3632 inquit,
1287 3568 1355 3620 deci·

231 3633 335 3697 derint3
355 3636 423 3701 quod
440 3636 472 3687 ad
489 3637 612 3688 utramvis
621 3654 700 3703 aeque
713 3638 828 3702 refertur,
847 3638 899 3688 sive
911 3638 1034 3699 brumam,
1053 3637 1106 3686 sive
1118 3640 1234 3687 aetatem.
1254 3636 1355 3703 Quippe

228 3705 260 3753 ut
276 3704 359 3755 bieme
377 3706 505 3755 arborum
522 3722 613 3757 comae
630 3707 768 3771 deridunt,
786 3706 854 3757 unde
872 3706 937 3756 illud
955 3704 1036 3755 carm.
1047 3705 1126 3768 ΝΛ,
1138 3708 1159 3756 l.
1195 3704 1356 3770 ,ffiffugera

229 3774 320 3835 nieerp
344 3772 531 3824 redeuntium
547 3777 676 3840 gramina
694 3778 803 3841 campis,
822 3774 1021 3838 Arcanumque
1039 3775 1160 3824 comae“:
1187 3773 1225 3822 ita
1242 3778 1268 3822 et
1285 3777 1354 3838 post·

229 3839 332 3891 modurn
348 3841 477 3907 Ligurino
495 3843 593 3893 exoleto
612 3859 702 3894 comae
720 3842 899 3893 tondebantur.
934 3841 999 3892 Tum
1022 3845 1048 3892 et
1070 3840 1136 3891 illud
1160 3840 1274 3901 demum,
1306 3841 1354 3905 „ln
1404 3888 1405 3899 ,

228 3905 328 3968 faeiem
346 3914 458 3962 valerii
474 3911 633 3978 bispidam‘t
652 3912 684 3963 ad
701 3916 834 3977 utramque
851 3911 949 3975 pariter
966 3909 1080 3975 respicit.
1115 3908 1151 3958 Ut
1169 3908 1238 3959 enim
1255 3908 1284 3960 in
1302 3924 1353 3960 ma·

230 3979 289 4025 tura
305 3976 357 4027 viri
373 3982 456 4030 aetate
474 3978 582 4046 hispida
600 3981 683 4030 barba
702 3985 753 4043 est,
771 3980 809 4031 ita
825 3979 909 4029 hieme
927 3978 1035 4043 bispida
1053 3981 1091 4028 est
1109 3992 1239 4042 agnorum
1257 3976 1352 4038 facies:
1403 4020 1404 4023 ,

229 4047 260 4092 ut
276 4042 359 4095 Carni.
368 4047 405 4112 ΙΙ,
418 4049 444 4110 9,
456 4051 478 4098 1.
504 4047 584 4112 „Non
602 4063 705 4113 semper
722 4051 818 4099 imbres
836 4048 950 4098 nubibas
967 4046 1083 4111 hispidos
1094 4044 1209 4095 Manant
1225 4047 1255 4095 ia
1272 4061 1353 4110 agros,

1402 4056 1404 4109 i

229 4125 279 4162 neo
296 4112 392 4177 glacies
409 4115 505 4165 iners.“
540 4115 610 4173 Quid
627 4116 679 4166 iam
696 4116 816 4168 videtur?
849 4131 934 4166 nonne
961 4118 1020 4180 apte
1044 4118 1070 4164 et
1087 4114 1212 4164 concinne
1230 4113 1353 4178 quadrent
1403 4136 1404 4139 ¹

229 4180 335 4229 omnia?
369 4182 446 4232 Levis
463 4198 480 4231 a
496 4183 629 4235 codicibus
647 4183 756 4235 variatio
775 4189 826 4251 est,
853 4183 981 4235 sententia
998 4186 1099 4248 aperta,
1123 4181 1273 4246 metaphora
1298 4181 1353 4246 pul-

231 4245 355 4299 oberrime
381 4249 539 4302 continuata
575 4249 744 4308 Quamobrem
761 4269 815 4303 rem
832 4252 915 4317 ipsam
931 4252 1038 4302 fortasse
1056 4249 1196 4301 divinando
1213 4249 1351 4315 attigimus.
