2818 4758
227 231 287 292 114
619 245 650 306 o.
673 245 814 292 norrun
835 245 959 293 nnuccr

351 376 454 459 Rugis
475 383 508 443 et
528 378 661 444 instanti
683 384 831 444 senectae

393 462 536 540 Adieret,
558 462 795 545 indomitaeque
816 464 925 528 morti:

281 546 382 611 tNon
404 546 432 612 si
454 547 599 619 trecenis,
622 554 779 630 quotquot
800 554 882 613 eunt
898 548 978 627 dies,

308 631 427 705 Amice,
450 633 558 716 places
580 631 842 698 inlacrimabilem

350 718 488 781 Plutona
509 716 625 795 tauris;
649 716 705 799 qui
726 724 774 781 ter
794 718 939 802 amplum

393 802 562 886 Geryonen
586 802 767 886 Tityonque
789 800 872 866 tristi
961 824 967 837 ·

308 885 480 970 Conpesoit
501 885 597 962 unda,
621 887 743 952 scilicet
764 886 921 963 omnibus,

266 986 295 1035 ro
309 970 509 1054 Quicumque
532 978 636 1036 terrae
657 990 790 1037 munere
811 972 977 1048 vescimur,

349 1055 575 1138 Enaviganda3
598 1055 666 1120 sive
688 1074 792 1137 reges,

393 1139 467 1207 Sive
489 1139 601 1226 inopes
624 1139 743 1206 erimus
766 1138 878 1204 coloni.

305 1225 440 1290 Frustra
461 1233 592 1290 cruento
613 1226 715 1290 Marte
738 1223 927 1301 carebimus,

306 1309 494 1391 Fraetisque
515 1310 602 1374 rauci
625 1308 774 1375 fluctibus
795 1306 953 1385 Hadriae;

264 1404 293 1454 15
350 1395 485 1459 Frustra
506 1414 564 1478 per
584 1394 764 1459 Autumnus
786 1399 952 1458 nocentem

391 1478 586 1564 Corporibus
607 1485 786 1544 metuemus
808 1478 971 1542 Austrum.

304 1561 466 1628 Visendus
488 1568 558 1627 ater
578 1562 707 1628 flumine
728 1561 882 1644 languido

306 1645 445 1732 Cocytos
468 1667 589 1727 errans,
613 1654 645 1713 et
665 1648 771 1714 Danai
793 1665 896 1729 genus

346 1732 480 1809 Infame,
503 1733 738 1815 damnatusque
761 1731 850 1813 longi

262 1825 294 1878 uo
392 1816 551 1903 Sisyphus
572 1816 723 1882 Aeolides
745 1815 874 1881 laboris.

303 1900 494 1983 Linquenda
516 1902 620 1980 telino,
644 1908 676 1967 et
698 1902 822 1978 domus,
846 1906 877 1966 et
899 1900 1029 1986 placens

303 1988 406 2054 Uxor:
429 2005 534 2069 neque
555 1985 680 2063 harum,
703 2006 784 2068 quas
806 1986 896 2065 eolis,
918 1986 1069 2049 arborum

346 2074 402 2147 Te,
449 2082 554 2136 raeter
574 2071 696 2136 invisas
718 2089 898 2157 cupressos,

385 2092 461 2224 Ulia
482 2154 610 2222 brevem
633 2155 795 2221 dominum
818 2160 980 2238 sequetur.

258 2253 290 2305 ut
304 2240 462 2307 Absumet
483 2240 577 2308 heres
601 2239 752 2307 Caecuba
773 2241 900 2323 dignior

302 2326 438 2393 Servata
459 2333 586 2391 centum
608 2325 763 2404 clavibus,
786 2333 819 2393 et
839 2345 926 2392 mero

344 2411 485 2493 Tinguet
505 2411 724 2497 pavimentum
746 2411 895 2497 superbo,

385 2496 573 2562 Pontificum
596 2496 720 2582 potiore
742 2495 840 2562 cenis.

572 2629 594 2664 v.
614 2616 652 2665 18.
672 2614 749 2679 Vulg.
769 2612 891 2679 Cocytus.

212 2744 367 2808 Reginensis
385 2761 442 2795 curn
461 2746 612 2811 Craeriano,
630 2748 754 2810 Patrensi,
773 2747 863 2809 Celei,
886 2751 912 2798 et
934 2761 1044 2797 emanu
1062 2743 1172 2795 secunde
1189 2743 1340 2797 Batteliano.

213 2813 280 2863 Sene
297 2810 436 2863 foeminino
459 2829 551 2878 genere
574 2814 707 2879 proferunt
729 2816 870 2882 Virgilius,
889 2815 1003 2879 Plinius,
1022 2812 1134 2875 Statius,
1152 2810 1257 2877 aliique.
1292 2812 1340 2862 Ne·

212 2896 262 2946 que
288 2873 429 2946 εὐφωνίας
454 2897 530 2932 causa
556 2883 706 2933 variandum
732 2890 788 2935 erat
813 2900 908 2949 genus;
936 2885 965 2933 ut
989 2883 1083 2933 ritaret
1108 2879 1340 2931 homoeoteleuton:

1394 2618 1396 2683 l

212 2948 309 3013 quippe
326 2948 353 2997 in
373 2949 481 3000 timidas
497 2950 589 3001 ultima
606 2951 684 3016 longa
702 2956 755 3017 est,
779 2953 807 3001 irr
827 2952 920 3017 lyncas
938 2950 1035 3001 brevis:
1060 2952 1086 3000 et
1103 2947 1210 3014 proinde
1228 2948 1341 2998 diversus
1395 2956 1396 2995 ξ

212 3020 250 3066 est
268 3032 359 3081 sonus,
382 3033 465 3083 neque
482 3034 556 3069 aures
573 3019 689 3070 offendit.
724 3020 873 3069 Retinemus
897 3023 981 3069 tamen
1007 3017 1127 3079 umidos,
1152 3019 1256 3066 auctore
1274 3016 1342 3066 Prie·

210 3085 299 3146 eiano,
324 3085 369 3151 qui
387 3102 413 3151 p.
432 3088 489 3140 689.
514 3088 577 3138 baec
601 3087 691 3138 hebet:
725 3087 855 3137 Horatiru
879 3089 909 3137 iu
926 3087 956 3137 11
973 3085 1059 3138 Germ.
1095 3084 1147 3134 Nec
1173 3088 1247 3134 curat
1264 3084 1339 3134 Orien

209 3153 303 3219 leones,
320 3155 373 3204 Aut
389 3155 492 3206 timidos
510 3157 607 3221 agitare
624 3155 719 3221 lynoas.
753 3153 791 3205 ur
812 3154 962 3206 notandum
976 3154 1059 3205 eride
1072 3167 1179 3218 genere,
1197 3152 1341 3217 querimur·

210 3223 300 3273 culino
316 3237 414 3288 genere
435 3224 552 3289 protulit
563 3224 697 3286 Horatius,
715 3238 775 3273 oum
794 3219 927 3288 Virgilius
948 3221 1096 3284 feminino
1114 3222 1144 3270 iu
1167 3219 1208 3270 111
1234 3218 1343 3287 Georgi·

209 3305 314 3353 comm,
339 3290 408 3346 Quid
429 3293 528 3358 Lyncea
546 3291 641 3341 Bacchi
659 3291 777 3340 rafiaei‘

280 3359 317 3407 18.
338 3357 452 3425 Cocytus
469 3362 573 3421 enarer]
592 3357 698 3420 Codices
715 3359 796 3409 nostri
815 3358 957 3423 Leidensis,
975 3357 1189 3418 zalichensium,
1214 3355 1340 3420 Regineu·

209 3423 257 3485 eie‚
281 3423 498 3488 Magdalenensis,
525 3427 612 3488 Galei,
638 3427 781 3481 Petrensis,
807 3426 974 3489 Bodleienus,
1011 3424 1135 3493 Cocytos,
1162 3424 1342 3475 terminatione

208 3491 314 3541 Graeca.
351 3494 432 3556 Atque
449 3494 540 3544 borum
559 3495 739 3545 auctomtatem
756 3495 891 3558 sequimur.

277 3560 318 3609 27.
348 3557 385 3608 Et
406 3575 478 3611 mer-o
506 3560 622 3627 Tinguet
645 3565 828 3627 pauimentum
854 3564 979 3628 superbo]
1008 3560 1097 3610 Nostri
1123 3559 1226 3623 quidem
1255 3575 1340 3611 omnes

206 3627 358 3691 superbo
376 3641 467 3677 mero:
484 3629 624 3681 Lambinus
643 3636 727 3681 tamen
746 3634 772 3681 et
788 3631 922 3683 Fabricius
941 3644 972 3679 οι
989 3628 1042 3678 suis
1059 3627 1203 3693 proferunt,
1219 3643 1341 3693 super·-

207 3695 283 3744 bum
300 3696 490 3758 pauimentum.
525 3699 639 3763 Elegrns
657 3714 718 3749 sane
735 3700 877 3765 pavimenti
894 3699 970 3748 huius
989 3697 1136 3762 epitheton;
1161 3694 1230 3758 quod
1254 3699 1280 3745 et
1297 3710 1340 3746 eno

205 3778 328 3812 marmore
346 3762 484 3826 superbum
501 3770 568 3828 erut,
595 3770 621 3816 et
646 3768 707 3830 quia
732 3772 784 3816 tam
802 3769 914 3831 pretioso
931 3766 993 3816 rino
1011 3765 1178 3828 tingueretur.
1213 3761 1295 3813 Varro
1312 3763 1341 3813 de

205 3831 242 3880 Be
260 3831 332 3880 Rust.
352 3830 400 3888 111,
421 3833 442 3881 1.
478 3830 583 3893 „Quum
608 3833 701 3884 uillam
728 3835 840 3885 baberet
865 3850 945 3900 opere
971 3834 1081 3882 tectorio
1107 3835 1133 3882 ei
1150 3832 1292 3895 intestino,
1317 3834 1340 3881 et

205 3898 357 3963 pavimentis
375 3897 505 3948 nobilibus
523 3900 721 3964 spectandam.“
756 3903 853 3955 Statius
871 3902 932 3953 Silv.
950 3901 1000 3964 111,
1018 3902 1043 3951 3.
1062 3902 1094 3962 [v.
1113 3900 1156 3960 34]
1181 3903 1230 3962 „tu
1249 3898 1341 3963 largus

206 3965 264 4017 lica
284 3964 425 4029 Gemina,
450 3971 479 4015 iu
495 3981 590 4017 mearet
608 3967 773 4034 Cilicumque
789 3972 961 4035 Arabumque
989 3967 1105 4031 superbis
1129 3968 1221 4031 Margo
1239 3967 1341 4031 rogis:“

205 4032 262 4083 ideo
278 4035 401 4098 οοορονῠί,
426 4034 487 4097 qnia
512 4034 670 4098 germinibus
693 4036 751 4086 istis
775 4041 802 4087 et
827 4039 951 4089 messibus
982 4035 1179 4087 cumularentur.
1216 4033 1341 4099 Virgilius

203 4105 265 4151 Aen.
284 4102 318 4164 11,
337 4103 394 4152 505.
429 4100 597 4165 „Barbarion
620 4106 707 4169 postes
730 4120 798 4155 auro
821 4107 967 4171 spoliisque
997 4103 1100 4170 superbi
1109 4109 1134 4154 :“
1161 4118 1252 4168 nempe
1281 4103 1342 4166 quie

204 4183 293 4217 aurum
316 4173 341 4219 et
362 4167 447 4234 spolia
463 4168 565 4221 ferrent.
600 4171 737 4222 Lucretius
754 4171 797 4234 IV,
831 4176 903 4226 1171.
926 4176 1079 4238 „pestesque
1097 4170 1220 4238 superbos
1240 4168 1341 4234 lingua
