2810 4764
395 300 573 349 emuntur
592 301 658 349 ms.
680 302 729 349 111.
744 296 768 348 c.
1106 288 1165 349 159

54 453 125 505 quam
142 435 224 501 accipi
242 441 346 500 queunt.
380 436 452 501 Ergo
476 435 517 485 bio
543 435 631 501 inepta
655 441 680 487 et
697 437 781 487 aliene
798 438 872 488 aunt:
896 450 978 499 neque
1002 435 1069 487 enim
1087 436 1167 485 Roma

54 515 122 574 patre
145 520 268 568 quoquam
292 509 354 553 ueta
372 508 417 553 est.
452 503 574 568 Figurate
601 504 700 569 quidem
725 505 800 555 urbis
823 518 921 569 parens
938 503 1060 555 Romulus
1084 503 1167 553 dictus

56 581 104 626 est:
128 572 170 623 sed
194 587 246 621 non
269 572 311 621 hic
329 571 432 621 Romuli
450 570 563 621 coasilia
586 577 631 622 ent
654 588 742 623 casam
759 571 896 636 intelligit,
921 588 977 621 cnm
1003 572 1067 622 dicit
1083 571 1167 622 uerbis

51 642 162 710 proxime
180 638 356 704 sequentibus,
381 640 473 690 domui
490 645 584 702 terras,
602 642 731 706 urbesque
754 642 862 690 recinat
878 639 1007 704 Legibus,
1034 639 1071 689 ad
1086 640 1167 689 solem

53 712 150 762 victrice
165 713 308 773 utrumque
325 709 461 759 mamerti.“
483 707 544 770 Ipso
554 707 663 759 Heinsio
681 715 751 770 teste,
769 708 845 772 longe
857 708 942 772 plnres
953 708 1060 769 codices,
1078 722 1168 773 nempe

54 795 82 831 ex
108 777 214 842 triginta
239 774 357 825 omuibus
380 779 476 841 septem
500 780 525 825 et
548 776 655 840 viginti,
679 782 788 841 patrum
811 775 905 826 babent
928 792 979 825 non
1003 777 1117 841 palatim
1141 779 1167 824 et

52 862 150 906 omues,
174 860 225 894 uuo
243 848 356 908 excepto,
374 846 486 894 annam
507 844 615 910 populis
640 860 690 894 nou
715 849 820 895 armato
836 844 950 909 populo;
974 859 1050 909 porro
1073 849 1100 893 et
1116 842 1167 893 dno

52 914 150 980 optimi,
169 913 300 971 coaulicis,
325 928 377 962 non
396 911 528 962 consiliis:
562 912 634 977 Lego
650 913 744 977 igitur,
769 912 847 962 unica
863 912 987 961 duntaxat
1002 912 1077 961 litera
1094 927 1167 977 sepo·

50 985 108 1044 sita,
126 981 263 1045 „Armate
280 981 412 1045 quondam
430 978 520 1044 populi
537 984 688 1045 patrumque
704 981 824 1045 vigebam
846 978 999 1031 Concilitr“:
1028 979 1168 1029 certissime

50 1049 239 1109 emendatione;
257 1051 369 1098 amatis
386 1048 508 1097 caeciliu
524 1049 621 1113 populi·
635 1054 808 1114 patrumqueq
827 1049 1052 1099 utmoxversu53.
1071 1047 1169 1111 „bella-

51 1125 186 1183 toremque
203 1116 356 1179 Senatum“,
381 1119 407 1165 et
424 1117 464 1168 9&
500 1115 567 1180 „Ille
591 1116 639 1167 dtu
662 1117 738 1166 miles
753 1116 895 1182 populus.“
929 1114 1046 1165 Valerius
1062 1115 1168 1165 Flaccus

49 1187 124 1249 vm,
132 1187 190 1238 281.
213 1187 336 1250 ,patriae
353 1186 457 1234 emtam
475 1183 510 1233 da
529 1198 625 1249 quaeso
642 1190 777 1236 senectae.-
805 1183 875 1247 Quia
893 1198 982 1233 omues
999 1183 1050 1233 alti
1063 1186 1169 1249 pariter

46 1253 196 1320 populique
212 1250 465 1318 patresqueltecum
483 1251 605 1302 adeuatf‘
625 1252 666 1303 ubi
685 1251 752 1303 idem
762 1252 885 1302 Heinsius
902 1267 933 1301 ex
950 1252 1096 1302 coniectura
1113 1251 1167 1301 alto

49 1326 67 1372 i.
85 1338 109 1373 e.
128 1322 205 1371 mari.
240 1320 297 1385 Ego
314 1335 374 1370 vero
391 1319 428 1370 sic
445 1319 564 1384 legerim:
588 1318 677 1383 ‚stuta
701 1334 790 1370 omncs
807 1321 866 1381 alii,
889 1322 993 1384 pariter
1010 1319 1169 1384 populusque

45 1392 211 1455 patresque.“
234 1388 349 1450 houset,
373 1402 473 1437 euacua
497 1387 576 1438 modo
597 1390 688 1454 patris
710 1389 872 1452 absentiam
898 1390 948 1437 alit
964 1403 1052 1438 omnes
1069 1402 1169 1437 raecum

46 1457 157 1508 adeunt.
185 1454 273 1506 Cicero
291 1454 322 1505 de
339 1455 453 1520 Legibus
470 1455 518 1516 111,
528 1458 552 1507 4.
571 1455 597 1518 [ᾗ
612 1459 652 1519 10]
676 1455 759 1520 „Cum
777 1457 872 1522 populo
890 1454 1054 1521 patribusque
1072 1453 1171 1519 agendi

46 1530 91 1575 ius
110 1530 167 1575 esto
187 1523 320 1574 Coasub‘t‘
346 1523 450 1574 Tacitus
467 1523 559 1574 dunel.
577 1523 623 1585 IV,
634 1526 657 1576 2.
693 1524 793 1590 „Apud
815 1530 900 1589 patres
924 1529 949 1573 et
966 1522 1088 1589 populum
1106 1522 1172 1572 cete·

44 1595 171 1644 brar-et.“
202 1592 275 1653 XIII,
294 1593 332 1642 17.
368 1590 538 1654 „Fovendum
562 1591 678 1657 patribus
720 1592 846 1657 epuloque
869 1593 1044 1658 principemt‘
1069 1591 1169 1641 'Livius

45 1663 67 1724 I,
78 1663 124 1714 26.
161 1660 267 1723 „Atrea
284 1662 368 1708 otram
385 1658 416 1708 id
431 1659 540 1720 facinus
556 1661 673 1724 patribus
690 1608 835 1726 plebique.“
857 1662 878 1723 I,
894 1662 935 1711 40.
970 1658 1070 1724 „Apud
1086 1663 1171 1723 patres

42 1729 201 1794 plebemque
219 1731 297 1791 longe
314 1730 432 1777 maximo
457 1729 487 1777 ιἰι
505 1728 606 1778 lauare
623 1728 732 1779 Servius
752 1726 855 1779 Tullius
878 1729 962 1779 ινα]ι
997 1727 1046 1778 Sed
1063 1728 1114 1776 iam
1132 1742 1170 1776 sa·

41 1800 78 1847 tis
99 1811 231 1861 superque
246 1794 417 1862 *exemplorum
435 1800 486 1845 est:
505 1811 581 1859 quara
599 1796 673 1848 linem
691 1797 734 1847 hic
751 1796 879 1858 faciemus,
898 1811 930 1846 ne
943 1796 1028 1846 omnie
1040 1811 1097 1845 cum
1114 1795 1171 1860 ipso

41 1863 196 1930 pulvisculo
214 1864 345 1913 corradere
360 1863 498 1913 uideamur.
534 1864 564 1914 ld
581 1880 640 1915 vero
657 1865 826 1930 ingenuitatis
843 1868 1013 1925 astanetum,
1038 1868 1066 1912 ut
1088 1863 1172 1912 locum

42 1949 130 1984 unum
149 1931 253 1982 etitem
271 1931 377 1980 eltemm
394 1948 445 1981 uon
462 1936 656 1996 praetereamus,
675 1949 739 1997 quee
756 1938 870 1998 receptae
888 1932 955 1997 apud
964 1933 989 1980 N
990 1937 1085 1981 ostrum
1099 1931 1171 1980 lecti-

40 2001 89 2051 oni
110 2001 198 2066 prima
214 1999 297 2048 fronte
315 2000 517 2064 patrocinentur.
552 2001 627 2050 Prior
648 2001 717 2066 apud
734 2001 852 2051 Ovidium
876 2007 914 2051 est
929 2001 1031 2050 Metam.
1051 1997 1103 2063 XV,
1113 2000 1171 2050 572.

40 2068 90 2119 ubi
111 2069 196 2133 Cipus
214 2068 328 2131 loquitur
346 2067 408 2117 civis
427 2068 567 2129 Romanum
591 2068 758 2135 „Quicqutd,
782 2073 829 2132 att,
847 2069 957 2134 Superi,
975 2073 1092 2117 monstro
1109 2081 1171 2131 pcr-

38 2137 174 2188 tenditur
191 2138 255 2199 c‘sto,
279 2134 332 2186 Seu
350 2136 448 2186 laetum
472 2143 522 2198 eet,
547 2138 645 2202 patriae
671 2136 769 2187 laetum
795 2137 939 2202 populoque
964 2134 1088 2198 Quietum·
1111 2134 1172 2185 Stoa

39 2209 160 2266 mutam,
186 2205 254 2253 miti
269 2205 330 2253 sit“
364 2204 432 2259 Quid
455 2220 524 2255 nunc
542 2206 603 2255 flet?
630 2221 714 2255 nonne
738 2219 829 2270 magno
853 2210 945 2255 conatu
968 2203 1035 2253 nihil
1058 2203 1172 2267 egimus?

39 2275 115 2325 Ecce
137 2273 206 2322 euim
225 2271 281 2336 tibi,
299 2271 375 2336 plene
392 2276 422 2321 nt
439 2273 508 2337 apud
525 2274 659 2336 Nostrum;
680 2276 789 2339 patriae
806 2272 964 2338 populoque.
999 2273 1055 2334 Ego
1072 2286 1130 2322 vero
1148 2275 1173 2321 et

37 2343 84 2393 laic
107 2340 293 2405 corrigendum
311 2355 364 2390 esse
382 2340 520 2402 contendo,
545 2341 616 2405 „Seu
633 2342 735 2392 laetum
753 2346 798 2405 est,
816 2340 932 2407 patribus
951 2340 1048 2391 laetum
1065 2339 1173 2404 populo-

38 2426 92 2474 que
115 2408 225 2465 Quirini
234 2411 259 2468 ,“
282 2408 330 2457 boo
348 2414 397 2469 est,
421 2413 451 2457 ut
467 2409 496 2458 in
514 2409 686 2459 Monumentis
703 2408 831 2459 veteribus
849 2409 968 2459 sollemne
986 2408 1107 2467 habetur,
1124 2406 1174 2470 „Id

36 2478 117 2539 felisa
144 2476 317 2541 faustumque
339 2480 376 2526 stt
391 2475 505 2526 Senami
521 2476 677 2544 Populoque
692 2475 838 2527 Romano.“
872 2476 945 2533 Quod
968 2480 994 2526 et
1016 2477 1072 2540 ipse
1094 2474 1173 2540 Cipus
1217 2528 1218 2533 ,

33 2561 102 2597 mox
123 2545 220 2605 firmat,
238 2559 312 2593 versu
329 2546 386 2596 590.
422 2544 526 2608 „Diria
544 2551 571 2596 et
587 2545 718 2611 extemplo
736 2546 908 2611 populumque
924 2558 1086 2609 genueritque
1102 2558 1173 2594 seua·

34 2623 99 2664 tum
123 2612 293 2664 Convocat‘:
312 2615 337 2662 et
354 2613 460 2662 Ovidius
477 2611 540 2663 alibi
559 2613 664 2664 totidem
682 2613 772 2675 verbis,
790 2614 859 2662 Fast.
878 2614 898 2674 I,
909 2614 949 2665 69.
974 2611 1174 2676 „Deatcrades,

33 2680 222 2748 patribusque
234 2682 294 2731 vtuis
311 2680 458 2745 populoque
475 2681 604 2736 Quinam
639 2683 693 2731 lam
710 2683 757 2732 hoc
781 2682 858 2731 telum
884 2681 994 2730 feliciter
1010 2680 1174 2730 evitavimus:

30 2750 180 2816 posterior
197 2748 268 2798 locus
286 2754 354 2798 extet
371 2749 440 2815 apud
457 2749 601 2800 Iuvenalem
618 2749 686 2815 XIV,
697 2752 737 2801 70.
774 2748 904 2814 „Gratum
928 2748 1056 2813 estquod
1077 2746 1174 2813 patriae

33 2823 135 2870 civem
160 2816 316 2883 populoque
339 2816 451 2867 destini.-
476 2817 507 2868 St
527 2817 597 2878 facis
620 2824 652 2868 ut
672 2818 773 2883 patriae
794 2821 831 2868 sit
853 2818 977 2879 idoneus,
1000 2816 1075 2866 utilis
1093 2818 1175 2881 agris,

34 2886 131 2940 Utilis
152 2890 181 2935 et
197 2883 326 2935 bellorum
344 2889 370 2935 ct
385 2888 460 2951 pacis
477 2887 555 2935 relus
573 2886 710 2952 agendis.“
745 2885 813 2946 Vah,
832 2902 907 2951 qnam
924 2885 1027 2935 inficeto
1044 2890 1070 2935 et
1087 2885 1175 2934 incon·

30 2958 126 3007 cinna
148 2952 271 3018 repetitio
289 2957 340 3015 est,
361 2956 484 3019 patriae,
507 2956 620 3018 patriae.
656 2954 725 3009 Quin
749 2960 775 3004 et
791 2955 833 3004 hic
851 2954 941 3016 etiam,
965 2957 1004 3002 tot
1027 2950 1133 3001 testibus
1151 2955 1176 3001 et

30 3021 204 3075 auctoribus
220 3020 288 3081 irati,
307 3020 413 3071 fidenter
429 3022 584 3087 reponimus,
603 3021 733 3085 „Gratum
751 3028 796 3083 cst,
814 3020 886 3087 quod
903 3019 1018 3086 patribus
1036 3023 1118 3069 civem
1130 3034 1175 3083 po·

27 3090 166 3159 palaque
185 3087 299 3138 dedisti:
317 3087 349 3139 Sc'
363 3089 433 3150 facts
449 3094 481 3139 ut
496 3091 595 3156 patriae
612 3093 648 3140 eit
665 3090 801 3140 idoneus.“
836 3088 910 3145 Quod
928 3090 950 3138 si
969 3089 1054 3138 demus
1071 3087 1099 3136 in
1116 3086 1175 3135 Ori·

27 3161 80 3211 din
103 3163 139 3210 et
158 3154 280 3207 Iuvenale
297 3162 364 3207 recta
382 3174 408 3207 se
425 3156 517 3207 habere
535 3159 655 3208 Patriam
683 3157 766 3207 nihilo
782 3158 867 3208 minus
890 3158 918 3206 in
935 3157 982 3206 hoc
999 3154 1102 3205 Horatii
1119 3154 1176 3204 loco

27 3229 177 3278 vitiosum
195 3224 280 3275 fuerit.
315 3224 417 3291 Quippe
436 3227 529 3276 Patria
546 3242 637 3276 nomen
655 3226 811 3290 reciprocum
830 3231 875 3287 est,
894 3228 1011 3290 retroque
1029 3237 1127 3287 semper
1144 3222 1176 3271 ed
1216 3228 1219 3235 '

24 3293 212 3363 praecedens
229 3292 333 3342 verbum
348 3294 462 3358 respicit,
481 3298 507 3344 et
524 3293 619 3358 abique
635 3310 774 3360 pronomen
793 3292 897 3358 aliquod
913 3307 979 3355 mea,
999 3297 1052 3354 tua,
1070 3295 1176 3341 suaete.

25 3364 215 3416 extrinsecus
233 3360 434 3411 subaudiendum
451 3360 534 3413 hebet.
570 3363 626 3413 Hoc
644 3363 801 3412 verissimum
818 3377 884 3422 esse,
912 3360 956 3425 qni
972 3359 1066 3409 Latine
1083 3360 1176 3420 sciunt,

25 3434 204 3498 agnoscent
227 3429 298 3493 Ergo
316 3428 404 3479 clades
420 3431 504 3491 fluuit
519 3433 548 3480 ta
558 3434 678 3497 patriam
685 3445 768 3491 mam,
787 3430 839 3479 sive
851 3431 936 3495 ipsius
948 3428 1032 3478 eladis
1043 3431 1176 3493 patriam:

22 3519 86 3567 quo
112 3496 194 3549 nibil
211 3496 345 3547 absurdius
361 3497 425 3562 fingi
443 3502 534 3564 potest.
558 3499 608 3548 Sed
626 3499 738 3549 noudum
755 3503 838 3548 tamen
850 3513 902 3549 rem
918 3501 996 3546 totam
1011 3495 1177 3545 confecimus:

24 3585 99 3622 eoce
124 3564 540 3617 euimvirsummus102Frid=
565 3567 709 3617 Gronovius
732 3566 764 3616 ad
781 3566 884 3616 Livium
901 3564 981 3626 XXV,
994 3567 1017 3617 6.
1042 3568 1068 3613 et
1090 3565 1118 3613 in
1134 3564 1178 3613 In·

24 3639 108 3700 diue,
132 3649 194 3684 rem
212 3637 270 3682 ante
288 3631 362 3683 uobis
378 3633 521 3685 inauditam
538 3636 625 3694 docet;
643 3650 733 3700 nempe
745 3634 865 3693 Patm‘am
882 3630 1179 3698 siguificareMagr'stra-

22 3715 95 3759 tum
121 3707 160 3754 et
176 3699 318 3753 Senatum:
341 3707 372 3752 ut
394 3702 447 3768 ipsi
471 3705 606 3753 Senatores
622 3704 714 3753 Patres
737 3706 867 3752 vocantur.
903 3701 976 3757 Quod
1000 3702 1022 3751 si
1044 3715 1130 3750 verum
1154 3702 1179 3748 et

22 3779 155 3826 eertum
172 3767 326 3834 probaverit,
344 3770 439 3821 frustra
456 3787 516 3821 sene
533 3787 580 3822 nos
596 3771 664 3822 hunc
682 3770 768 3821 Flacci
784 3770 868 3820 locam
886 3770 1066 3829 sollicite-mum
1083 3768 1179 3831 quippe

18 3845 83 3896 1100
106 3843 202 3907 pacto
225 3838 275 3901 „Ia
289 3841 409 3902 palmam
425 3840 606 3905 populumque
622 3840 736 3901 tlaait‘,
759 3838 864 3903 perinde
882 3839 944 3898 erit,
971 3853 1000 3888 ac
1025 3836 1047 3885 si
1065 3835 1177 3894 dixisset,

18 3914 60 3963 ln
82 3910 230 3961 amcam
246 3905 438 3971 populumque:
458 3907 525 3971 quod
541 3908 626 3973 ipsum
644 3907 709 3958 illud
721 3910 768 3968 est,
783 3923 833 3972 quo
845 3923 890 3957 nos
904 3905 1077 3957 emendatione
1094 3907 1181 3952 nostra

19 3973 192 4045 pervenire
212 3989 338 4022 conamur.
374 3974 424 4024 Sed
440 3975 569 4026 videamus
587 3975 670 4026 locum
687 3975 771 4025 Livii:
790 3975 834 4026 nbi
851 3975 953 4034 milites,
972 3971 1110 4022 Cannensis
1128 3970 1178 4019 cle·

16 4050 69 4101 dis
94 4041 257 4105 reliquiae,
283 4041 311 4090 in
329 4041 445 4093 Siciliam
469 4044 687 4094 senatusconsulto
709 4043 829 4108 relegati,
853 4041 1001 4093 Marcellum
1025 4038 1098 4088 (lons.
1117 4038 1178 4087 allo-

15 4117 187 4183 quuntum
205 4106 284 4172 ,um
301 4110 376 4175 boc,“
394 4112 475 4176 aiunt,
493 4128 697 4179 ,pperaermaua
715 4114 744 4162 iu
759 4112 1075 4177 provinciamaarmorte
1086 4120 1179 4170 regum

16 4184 196 4236 turbatam
215 4176 251 4226 ad
271 4193 356 4243 grace
379 4179 476 4230 bellum
500 4181 626 4232 adversus
649 4180 754 4232 Siculos
776 4180 856 4230 simul
872 4178 1025 4242 Pocae-sque
1046 4176 1130 4237 mitti,
1155 4179 1181 4224 et

10 4248 194 4318 sanguiue
210 4250 300 4296 nostro
319 4246 515 4313 uulneribusque
532 4265 578 4300 uos
595 4249 695 4316 patriae
712 4247 899 4309 calefactus-os
911 4247 990 4295 esee.“
1013 4242 1063 4294 Ubi
1072 4244 1179 4310 patriae
