2840 4762
169 248 210 313 28
555 260 587 322 o.
609 260 751 309 nonnum
771 259 895 307 uatem

255 397 380 464 Mecum
403 414 502 482 saepe
523 393 593 474 viri,
614 415 699 461 nunc
719 394 794 461 vino
816 392 925 479 pellite
947 414 1058 462 curas:

299 482 379 549 Cras
401 481 516 564 ingens
537 480 725 546 iterabimus
747 499 876 564 aequor.

683 700 769 767 VIII.

582 818 649 883 AD
671 817 880 884 LYDIAM.

254 953 368 1040 Lydia,
392 952 443 1018 die
465 973 523 1038 per
545 952 648 1019 omnis
999 998 1003 1003 »

296 1042 343 1105 Te
364 1039 453 1105 Deos
476 1058 542 1117 oro,
566 1039 588 1104 S
612 1039 701 1104 barin
725 1059 743 1105 c
763 1061 779 1104 r
800 1054 955 1124 properes
976 1037 1117 1106 amando

233 1182 236 1186 .
254 1124 392 1192 Perdere
399 1145 408 1201 ;
431 1142 487 1188 cur
508 1143 652 1209 apricum

298 1208 410 1277 Oderit
430 1227 589 1307 campum,
613 1207 740 1294 patiens
762 1205 904 1294 pulveris
926 1212 1024 1291 atque
1047 1209 1137 1276 solis.

227 1293 323 1360 ocur
345 1312 450 1375 neque
471 1293 620 1360 militaris

294 1380 382 1444 Inter
403 1379 556 1462 aequales
572 1377 710 1463 equitat,
733 1376 858 1445 Gallica
879 1395 938 1441 uec
959 1377 1079 1461 lupatis

256 1466 430 1548 Temperat
450 1483 508 1528 ora
528 1463 651 1530 irenis?

297 1548 362 1614 Our
384 1547 481 1614 timet
495 1547 614 1614 flavum
635 1547 776 1613 Tiberim
798 1549 953 1629 tangere?
974 1565 1031 1613 our
1053 1547 1170 1616 olivum

254 1631 419 1714 Sanguine
441 1633 584 1731 viperino

214 1729 243 1781 to
301 1717 436 1783 (lautius
458 1721 559 1784 vitati
582 1737 686 1800 neque
707 1716 772 1782 iam
793 1715 893 1784 liuida
915 1723 1023 1798 gestat
1044 1718 1142 1786 armis

256 1802 403 1881 Brachia,
427 1823 525 1889 saepe
548 1804 648 1883 diseo,

296 1888 400 1972 Saepe
422 1894 511 1954 trans
532 1888 628 1953 finem
649 1886 754 1951 iaculo
776 1884 892 1951 nobilis
915 1885 1088 1971 expedito?

255 1971 339 2051 Quid
361 1975 449 2051 latet,
474 1979 509 2037 ut
530 1972 672 2037 marinae

295 2057 412 2122 Filium
435 2055 545 2122 dicunt
566 2054 712 2123 Thetidis
734 2055 795 2122 sub
816 2053 986 2119 lacrimosa
1007 2054 1124 2121 Troiae

211 2154 240 2204 15
254 2144 399 2221 Funera3
422 2162 464 2208 ne
486 2142 588 2210 virilis

297 2228 412 2295 Cultus
433 2229 466 2293 iu
488 2228 620 2294 eaedem
643 2233 675 2293 et
695 2224 813 2311 Lycias
835 2222 1014 2309 proriperet
1036 2230 1205 2293 catervas?

438 2380 462 2414 r.
481 2366 505 2416 6.
523 2363 599 2429 Vulg.
617 2362 733 2428 Equitet.
804 2362 827 2412 7.
848 2356 992 2425 Temperet.

166 2566 270 2630 repetit,
288 2565 394 2632 Apollo,
429 2564 542 2627 „Certae
561 2566 631 2614 caim
648 2565 772 2629 promisit
788 2560 909 2627 Apollo“:
947 2560 1085 2626 Tamquam
1111 2565 1173 2615 satis
1201 2566 1300 2621 fuisset

166 2634 194 2681 in
219 2634 303 2698 priore
328 2649 401 2682 vorsu
418 2631 549 2682 Phoebum
574 2632 727 2682 nominasse.
764 2630 807 2680 Sic
831 2630 898 2679 enim
922 2627 985 2678 alibi
1002 2629 1105 2680 Romuli
1122 2648 1215 2684 nomeu
1233 2637 1297 2687 sab·

166 2701 266 2765 iungit,
291 2716 348 2750 oum
373 2716 430 2750 eum
453 2700 679 2768 περιφρασιικιῦς
701 2700 752 2750 iam
776 2699 944 2758 nominasset,
969 2696 1050 2747 Carm.
1069 2698 1113 2760 IV,
1132 2703 1207 2765 &22
1226 2706 1298 2769 quid

168 2768 240 2828 foret
260 2767 324 2818 Iliae
342 2768 515 2832 Mavortisque
533 2783 610 2833 puer,
634 2770 659 2817 ei
676 2770 848 2818 taciturnitas
873 2765 994 2816 Obstaret
1009 2768 1111 2817 meritis
1128 2771 1223 2821 c‘aor'do
1240 2773 1296 2823 Ro-

166 2835 271 2885 111111ίῖκ
313 2837 396 2900 Atque
414 2835 460 2885 alii
478 2836 516 2885 ita
532 2840 621 2900 poetae
638 2852 690 2886 non
707 2851 771 2885 raro.

234 2904 257 2955 2.
280 2901 316 2953 Te
332 2904 403 2954 Deos
422 2918 478 2967 oro,
497 2902 615 2969 Sybarin
633 2919 682 2953 car
690 2904 828 2970 properea]
847 2900 985 2951 Puimauni
996 2901 1095 2966 aliquot
1107 2903 1207 2955 codices
1216 2907 1295 2958 Bers-

165 2971 302 3035 monuique
320 2987 378 3021 cum
394 2972 457 3021 meis
475 2972 564 3021 Graes.
584 2970 639 3021 Gal.
657 2971 752 3036 Regiae
767 2971 822 3020 Soc.
841 2969 969 3028 Petrensi3
990 2974 1016 3019 et
1032 2970 1129 3020 Marius
1141 2971 1296 3027 Victorinus

166 3053 191 3102 p.
210 3040 291 3101 2533,
310 3041 390 3101 2614,
409 3041 484 3093 2621.
510 3038 605 3089 habeut
630 3039 687 3089 Hoc
711 3039 772 3090 deos
796 3053 851 3088 oro.
877 3037 926 3087 Sed
943 3037 1029 3102 plures
1051 3042 1136 3088 tamen
1153 3040 1215 3090 libri
1233 3058 1293 3093 cam

165 3107 287 3157 Diomede
311 3122 335 3173 p.
361 3109 419 3159 509.
446 3111 471 3157 et
481 3107 668 3157 Fortunatiano
687 3123 711 3174 p.
727 3108 901 3169 assarios.
920 3105 1067 3169 praeferant
1085 3112 1117 3157 te.
1147 3107 1296 3176 Utrumque

164 3175 272 3238 probum
290 3181 335 3240 est,
354 3176 398 3226 sed
416 3176 463 3225 hoe
481 3175 585 3225 videtur
602 3174 768 3225 concinnius:
786 3175 823 3224 sie
844 3174 921 3223 Serm.
939 3174 960 3235 I,
980 3175 1054 3238 7,33.
1079 3176 1152 3238 „Per
1168 3191 1293 3246 magnos,

163 3241 255 3308 Brute,
271 3241 333 3297 deos
352 3249 376 3294 tc
395 3243 477 3295 Oro.“

232 3311 436 3364 o.ett.1nar
463 3309 587 3376 aequales
613 3312 724 3375 equitet.
747 3337 782 3345 -
803 3307 948 3374 Temperet]
972 3306 1163 3360 Vetustissimos
1186 3312 1294 3364 Graevii

164 3376 323 3428 membranae
333 3379 400 3430 clare
411 3377 506 3429 habent
515 3381 618 3444 equitat
634 3383 659 3428 et
677 3382 813 3443 temperat.
832 3376 928 3432 Quidni
946 3376 1056 3426 rectius?
1075 3378 1140 3427 Sane
1150 3379 1199 3429 hoe
1212 3386 1293 3446 pacto

164 3444 376 3516 παθητικωτέρα
392 3447 422 3496 tit
436 3448 529 3508 oratio,
547 3446 570 3495 si
587 3461 632 3510 per
649 3446 875 3509 interrogationem
890 3444 1047 3509 pectenatum
1065 3460 1141 3509 quam
1151 3447 1173 3496 si
1181 3447 1291 3514 Lydiam

163 3529 266 3563 narrare
283 3513 346 3564 haec
363 3515 414 3566 sibi
431 3513 524 3564 iubeat.
560 3515 660 3564 Mutata
677 3529 736 3564 rere
754 3517 814 3563 sunt
832 3528 847 3562 a
863 3511 997 3572 Librariis‚
1023 3515 1082 3577 quia
1100 3521 1295 3578 praecesserant

164 3596 292 3647 properes
310 3586 336 3631 et
360 3582 455 3633 oderit.
489 3582 578 3646 Neque
595 3597 655 3632 sane
673 3583 715 3632 hie
733 3581 807 3632 finem
825 3581 959 3642 iecissent,
977 3580 1038 3644 quin
1058 3586 1083 3631 et
1100 3597 1174 3632 versu
1192 3583 1296 3636 decimo

164 3651 243 3713 nitet,
267 3655 354 3714 gestet
370 3651 578 3716 supposuissent3
595 3650 648 3700 nisi
666 3648 808 3699 obstitisset
834 3664 920 3699 versus
944 3651 1061 3710 octavus,
1087 3648 1133 3698 ubi
1160 3666 1190 3699 ex
1217 3654 1295 3703 timet

165 3716 220 3767 fieri
240 3721 334 3768 timeat
350 3733 482 3769 mensurae
500 3719 568 3767 ratio
584 3716 745 3783 prohibebat.
782 3717 850 3772 Quin
876 3721 901 3767 et
918 3717 1024 3766 fortasse
1041 3717 1124 3781 ipsum
1142 3718 1208 3768 illud
1225 3735 1291 3785 pro·

164 3800 240 3849 peres
257 3801 288 3835 ex
306 3785 394 3836 oderit
409 3791 497 3837 natum
516 3791 569 3835 est:
598 3802 655 3835 cum
673 3790 757 3835 tamen
775 3780 806 3834 ad
825 3784 920 3847 oderit,
937 3789 1001 3834 teste
1018 3785 1150 3834 Prisciauo
1168 3801 1193 3850 p.
1214 3789 1291 3851 toas,

163 3852 346 3918 interrogative
356 3854 398 3904 hic
409 3854 519 3919 positum
531 3854 573 3913 sit3
591 3859 625 3917 et,
642 3859 672 3903 ut
682 3853 748 3903 idem
767 3852 803 3902 ait
821 3868 845 3917 p.
859 3854 931 3905 1146.
949 3855 1001 3901 tam
1019 3852 1156 3902 indicativi
1173 3854 1289 3905 futurum

164 3920 206 3981 sit,
225 3937 301 3986 quam
318 3922 490 3973 Subiunetiri.
526 3921 668 3972 Poterimus
691 3922 773 3985 igitur
789 3921 818 3970 in
844 3936 918 3970 versu
936 3920 1018 3984 primo
1035 3920 1118 3987 legere
1140 3936 1291 3987 properat,-

163 3996 241 4052 prout
258 4005 326 4040 nunc
345 3994 414 4041 extat
432 3989 499 4055 apud
517 3989 664 4039 Diomedem
682 4005 706 4054 p.
725 3990 782 4041 509.
816 3988 976 4038 Victorinum
1002 4004 1028 4053 p.
1057 3990 1131 4041 2533.
1162 3990 1290 4041 Fortuna·

164 4056 264 4106 tianum
288 4073 314 4122 p.
332 4059 408 4111 2683.
426 4063 452 4109 et
470 4059 545 4109 2703.
