2810 4764
214 230 281 295 '162
606 245 637 305 o.
659 245 801 297 nostru
821 247 947 297 rusccr

346 381 415 446 Iam
437 398 521 445 numo
542 385 575 444 et
594 378 733 446 incestos
754 400 880 448 amores

387 465 438 531 De
460 471 569 530 tenero
590 464 764 531 meditatur
785 466 895 549 ungui.

261 561 292 614 25
305 551 380 616 Mox
401 549 542 616 iuniores
564 551 689 633 quaerit
710 550 874 618 adulteros
918 631 922 639 ⁹

194 648 196 653 '
302 636 389 701 inter
409 633 516 700 mariti
537 634 626 702 vina:
648 654 753 719 neque
774 635 875 718 eligit,

346 720 408 786 Oui
429 721 527 786 donet
545 720 737 807 inpermissa
757 720 875 807 raptim

388 806 516 874 Gaudia
536 805 710 871 luminibus
732 806 877 871 remotis:

303 890 369 956 Sed
389 890 479 957 iussa
500 910 607 956 coram
628 910 691 957 nou
713 890 781 956 sine
806 889 931 957 conscio

261 987 292 1038 so
306 975 417 1058 Surgit
437 976 569 1055 marito;
592 995 650 1042 seu
672 981 765 1042 vocat
785 974 921 1055 institor,

345 1062 410 1128 Seu
431 1061 523 1128 navis
543 1062 708 1146 Hispanae
729 1060 893 1143 magister,

386 1147 586 1213 Dedecorum
608 1147 768 1232 pretiosus
789 1152 900 1211 emtor.

295 1229 374 1309 'Non
395 1230 447 1298 bis
467 1231 616 1299 iuventus
638 1238 709 1296 orta
730 1230 917 1317 parentibus

301 1314 415 1383 Infecit
436 1336 557 1399 aequor
578 1315 736 1399 sanguine
756 1315 892 1395 Punioo;

260 1411 291 1463 35
346 1401 578 1487 Pyrrhumque,
605 1408 637 1467 et
656 1401 819 1483 ingentem
841 1400 955 1466 cecidit

387 1486 589 1564 Antiochum,
610 1487 886 1569 Hannibalemque
908 1485 1028 1554 dirum:

303 1570 367 1636 Sed
389 1571 579 1637 rusticorum
600 1572 745 1638 mascula
766 1570 902 1636 militum

304 1656 425 1735 Proles,
447 1656 585 1724 Sabellis
607 1657 700 1725 docta
721 1655 883 1738 ligonibus

344 1742 481 1807 Versare
503 1742 625 1825 glebas,
648 1748 681 1806 et
702 1760 833 1808 severae

260 1837 291 1888 so
389 1827 500 1892 Matris
522 1826 565 1892 ad
586 1827 752 1892 arbitrium
772 1828 891 1892 recisos

301 1913 434 1977 Portare
455 1912 566 1991 lustis3
589 1912 638 1978 sol
660 1912 715 1977 ubi
736 1911 891 1976 montium

301 1998 440 2063 Mutaret
461 1998 602 2072 umbras,
624 2003 658 2064 et
677 1997 756 2079 iuga
778 1996 919 2063 demeret

343 2083 452 2147 Bobus
474 2082 628 2164 fatigatis,
650 2080 787 2146 amicum

386 2169 528 2253 Tempus
550 2186 651 2249 agens
673 2167 811 2232 abeunte
833 2184 937 2231 curru.

217 2290 258 2337 oei
274 2288 382 2351 campis,
399 2285 524 2351 fingitque
539 2284 696 2336 morando.“
713 2284 759 2334 ubi
776 2300 823 2349 pro
840 2298 887 2335 ore
903 2283 1043 2334 certissime
1058 2283 1195 2348 legendum
1212 2287 1287 2338 orbe:
1304 2286 1335 2337 de

217 2368 282 2418 equo
299 2351 420 2418 loquitur,
439 2369 513 2418 quem
530 2354 563 2405 ed
580 2369 680 2418 gressus
698 2353 814 2403 instituit
830 2351 958 2416 magister.

284 2424 325 2473 23.
345 2422 402 2472 Iam
419 2437 491 2472 nunc
509 2426 535 2472 ei
552 2424 673 2483 incestos]
690 2420 760 2471 Mala
776 2420 909 2471 distinctio
926 2419 969 2469 hic
986 2418 1100 2469 obtinuit
1108 2420 1136 2470 in
1146 2418 1275 2485 plerisque
1285 2420 1334 2472 edi·

215 2488 344 2550 tionibus;
368 2488 500 2554 „fingitur
518 2491 621 2540 artibus
638 2489 696 2539 Iam
712 2504 801 2551 nunc;
825 2493 852 2539 at
867 2492 980 2538 incestos
997 2502 1102 2538 amores
1117 2488 1160 2538 De
1178 2492 1268 2540 tenue
1286 2506 1334 2540 me

216 2556 321 2607 ditatur
337 2559 450 2621 ungui.“
484 2557 700 2621 imovero,1cm
717 2571 790 2607 nune
808 2556 840 2607 de
858 2561 948 2606 tenere
964 2559 1066 2621 unguii:
1093 2559 1124 2605 nt
1140 2556 1235 2607 Noster
1250 2558 1333 2623 Epist

214 2626 250 2686 ll,
272 2627 293 2675 1.
312 2641 334 2675 v.
354 2627 411 2676 121.
446 2625 499 2689 „Os
517 2631 630 2675 tenerum
645 2627 727 2690 pueri
743 2624 900 2689 balbumque
923 2626 1002 2689 pocla
1019 2624 1136 2689 figurat,
1163 2623 1281 2690 Torquet
1302 2627 1334 2676 ab

216 2694 352 2743 obscaenis
374 2694 426 2741 iam
442 2708 511 2742 nunc
532 2694 697 2743 sermonibus
719 2694 837 2743 aurern.“
871 2691 920 2742 Sed
938 2707 995 2741 cum
1011 2690 1043 2741 de
1059 2693 1197 2757 praeterito
1215 2703 1333 2759 tempore,

215 2765 245 2809 ut
262 2760 313 2823 hic,
330 2760 482 2823 loquuntur;
506 2760 626 2810 usitatius
650 2761 739 2810 dicunt
756 2761 815 2811 Iam
832 2766 904 2812 tunc.
938 2757 1027 2811 Cicero
1043 2760 1129 2825 Epist.
1145 2761 1218 2815 Fam.
1235 2763 1284 2825 ΠΙ,
1295 2764 1332 2814 11.

215 2826 297 2892 „Nisi
312 2828 364 2877 iam
381 2833 442 2878 tuno
461 2830 550 2878 omnia
568 2831 676 2892 negotia
695 2828 890 2890 ecufeemcem.“
907 2827 999 2893 virgil.
1018 2829 1109 2892 Georg.
1125 2827 1171 2891 IV,
1187 2831 1244 2882 137.
1269 2830 1334 2895 „lile

216 2911 318 2946 comem
334 2895 423 2946 mollis
440 2896 491 2946 iam
508 2900 563 2946 tum
581 2896 706 2946 tondebat
723 2897 858 2947 scantbi.“
889 2899 952 2947 Aen.
970 2896 1028 2958 Vll,
1039 2898 1097 2948 737.
1122 2895 1195 2960 „late
1211 2898 1265 2948 iam
1282 2905 1332 2948 tum

216 2963 317 3015 ditione
331 2966 469 3029 premebat
487 2963 620 3016 sas-raim
635 2964 777 3031 populos.·‘
810 2964 861 3016 Sed
877 2964 919 3013 bic
936 2964 1076 3014 reclamant
1093 2963 1169 3014 Mser.

170 3082 173 3087 ,
284 3034 324 3084 21.
344 3031 394 3084 Cui
411 3033 491 3083 donet
507 3034 681 3098 imper-missu]
705 3032 842 3083 Pulmanni
859 3031 937 3082 codex
954 3037 981 3084 et
997 3032 1124 3083 Galeanus
1141 3036 1235 3095 noster,
1254 3035 1331 3084 inter·

214 3104 308 3162 mirem
326 3100 391 3151 alter
407 3101 557 3163 Pulmanni‚
576 3105 602 3150 et
617 3100 724 3151 Achillis
741 3100 821 3152 Statii
837 3099 911 3164 liber,
929 3103 1080 3165 improvisa.
1106 3099 1155 3150 Sed
1172 3106 1242 3152 recte
1260 3100 1334 3153 hebet

214 3170 355 3235 priscarum
373 3169 515 3220 editionum
532 3173 558 3221 ct
575 3168 688 3233 plurium
709 3168 825 3219 codicum
845 3167 936 3232 lectio,
959 3171 1118 3235 inpermissa
1138 3170 1259 3232 gaudie,
1287 3169 1330 3221 etsi

206 3243 287 3288 'nemo
304 3241 424 3297 ueterum,
444 3238 511 3302 quod
528 3237 693 3297 meminerim,
710 3237 777 3286 banc
795 3252 881 3287 vocem
898 3237 1066 3303 usurpaverit
1097 3237 1270 3302 Inpermisea
1287 3240 1331 3289 boc

214 3311 260 3366 est,
278 3308 431 3356 inconcessa
440 3343 448 3369 ,
473 3305 626 3356 interdicte.
652 3304 744 3369 Virgil.
761 3307 825 3357 Aen.
842 3306 864 3366 Ι,
874 3308 931 3357 651.
966 3305 1116 3369 „Pergama
1126 3338 1128 3343 .
1140 3319 1200 3355 eum
1224 3310 1332 3370 peieret,

213 3373 423 3438 inconcessosque
441 3374 632 3440 Hymenacoe.“
656 3374 728 3423 ovid.
742 3373 844 3424 Metam.
862 3372 894 3434 X,
908 3374 963 3424 153.
990 3372 1213 3437 „inconcessisque
1229 3375 1331 3439 puellas

213 3441 325 3504 Ignibus
348 3443 478 3491 attonitos
494 3443 620 3491 marmure
644 3440 754 3491 libidine
770 3442 911 3505 poenom“
936 3439 983 3502 IX,
997 3443 1056 3493 637.
1090 3441 1219 3506 „lamque
1241 3443 1331 3507 palam

213 3513 253 3560 cce
271 3506 384 3572 demens,
401 3509 623 3574 inconcessamque
639 3508 742 3569 fatetur
759 3507 837 3573 Spem
855 3507 992 3560 Veneris.“
1008 3514 1034 3560 et
1050 3510 1136 3562 Amor.
1147 3509 1196 3570 III,
1206 3512 1232 3561 4.
1251 3511 1329 3573 [nst]

212 3575 375 3640 „Indignere
391 3575 470 3627 licet:
487 3580 563 3627 iuvat
578 3577 726 3627 inconcessa
742 3577 891 3642 uoluptas.“
914 3577 1011 3627 Noster
1020 3576 1098 3629 Serm.
1115 3578 1136 3627 Ι.
1154 3578 1179 3639 4,
1191 3579 1249 3630 113.
1274 3576 1332 3643 „Ne

212 3645 698 3776 11111111111211111
715 3644 1330 3779 11111111*1””1Ξ1“1,ῗῗ·11111111
1390 3650 1392 3683 ²

371 3752 380 3775 r
660 3751 666 3764 ·
785 3749 792 3763 ·
905 3751 911 3764 ·
941 3750 959 3775 ‚r
1030 3753 1036 3766 ·
1079 3754 1088 3777 r

196 3779 353 3832 sumine:
371 3779 469 3845 deputas
485 3783 574 3831 amari
590 3779 646 3843 Ille,
664 3780 711 3830 sed
719 3785 759 3845 ut
772 3786 860 3845 pater,
878 3785 923 3832 est.
1071 3752 1078 3777 ⁹

281 3849 322 3901 36.
341 3847 568 3913 Hannibalemque
585 3847 683 3911 dirum]
702 3848 830 3898 Torrentii
847 3848 963 3913 quidam,
983 3852 1008 3899 et
1025 3848 1162 3899 Pulmanni
1179 3849 1289 3912 codices,
1306 3853 1331 3900 et

212 3933 244 3967 ex
260 3916 357 3966 nostris
374 3915 558 3981 vigorniensis,
577 3915 683 3980 durum,
700 3932 782 3981 neque
799 3916 874 3967 aliter
889 3916 1032 3967 Loccherus
1049 3915 1137 3967 edidit.
1164 3916 1285 3970 uthrm.
1296 3918 1329 3979 11,

214 3987 253 4046 12,
264 3986 288 4036 2.
313 3982 386 4047 „Nec
405 3983 503 4034 durum
519 3984 729 4045 Hannibalem“;
747 3985 794 4034 nbi
810 3984 929 4035 similiter
946 3983 1045 4035 codices
1062 3983 1169 4049 aliquot,
1187 3989 1214 4036 ct
1229 3985 1328 4036 Editio·

211 4067 256 4102 ues
273 4052 408 4117 pleraeque
425 4051 529 4102 Dirum.
565 4053 626 4114 Nos,
643 4058 673 4103 ut
688 4052 735 4103 illo
751 4053 808 4103 loco
826 4052 924 4103 durum
944 4068 1002 4104 cum
1017 4053 1112 4102 maiore
1129 4052 1331 4105 membranorum

212 4123 284 4184 parte
301 4118 477 4184 probavimus:
500 4120 538 4169 ita
554 4120 597 4170 bie
615 4121 696 4185 magis
713 4120 808 4172 arridet
826 4120 930 4184 mrum,
955 4120 1022 4186 qnod
1045 4119 1144 4171 codices
1167 4120 1274 4185 plurimi
1291 4138 1328 4173 re·

211 4192 384 4252 praesentant.
419 4187 595 4244 Quintilianus
611 4189 697 4243 Instit.
714 4188 814 4252 vlint
833 4189 859 4255 [ξ
868 4190 894 4252 9]
918 4191 973 4255 „At
995 4188 1065 4240 illud
1086 4191 1143 4245 iam
1159 4203 1217 4241 non
1232 4189 1328 4242 medic
