2810 4764
208 250 272 315 198
601 261 633 320 q.
655 260 797 309 nonaum
817 260 941 309 rancor

204 398 393 450 vetustissimus
417 395 513 456 taciti,
537 394 616 446 oeteri
640 410 698 444 cum
715 393 872 445 editionibus
889 394 995 460 priscis,
1019 394 1125 446 usialis.
1160 396 1228 447 Illud
1246 398 1337 448 habili

203 467 308 534 placuit
330 465 493 529 sagacissimo
516 463 667 528 Rutgersi03
693 468 723 512 ut
746 464 830 528 Lycus
859 461 982 513 inhabilis
1011 461 1112 513 dicatur
1137 466 1227 525 uxori,
1254 482 1334 516 senex

209 551 300 602 nempe
316 533 472 584 iuvenculae.
508 532 596 596 Neque
613 548 672 582 vero
690 526 834 596 negandum
851 535 903 594 est,
921 530 970 582 etsi
988 531 1085 580 nolitis
1102 530 1136 581 sit
1154 549 1246 582 nomen
1265 533 1332 582 rele-

208 605 289 654 tivum
306 608 333 652 et
349 599 423 666 quasi
439 599 606 666 reciprocum,
623 598 689 650 illud
705 604 790 649 tumen
807 614 838 648 ex
854 598 953 649 duobus
971 596 1250 665 intabtleplerumque
1268 600 1333 662 dici,

207 673 281 722 euius
298 669 374 734 culpe
390 669 429 719 vsi
447 669 511 719 vitio
528 667 650 718 habilitas
672 671 761 717 mutua
777 666 924 732 impeditur.
958 666 1169 730 (iurandaquidem
1186 669 1270 733 igitur
1285 685 1335 734 per

207 738 272 806 Lyci
290 741 444 789 senectutem
462 736 541 798 stetit,
560 735 711 801 quominus
728 735 793 785 sltsr
810 735 884 785 elteri
901 733 1000 786 habiles
1017 740 1115 796 essent3
1132 752 1184 786 non
1195 737 1242 787 illa
1252 737 1332 803 Lyco,

208 807 252 859 sed
269 808 352 873 Lycus
369 806 410 855 illi
427 820 483 855 non
500 804 597 861 uetitis
614 803 737 855 dicendus
754 802 812 852 fuit.
838 802 1192 869 ItaVirgiLGeorg,III.62.
1216 803 1333 868 „Cetera

207 892 254 927 uec
271 875 377 936 feturae
393 872 501 933 habilis,
526 888 574 922 nec
592 870 729 922 commode
746 869 916 934 Baeoio“*):
940 870 1068 920 Martialis
1086 870 1157 933 xm,
1176 874 1217 924 22.
1253 873 1333 935 „Non

207 942 302 994 habilis
326 944 445 1007 cyathis,
467 946 493 991 et
517 940 622 990 inutilis
644 954 697 989 uun
719 938 845 1005 Lyaeu‘:
868 954 914 989 eno
937 938 1036 988 scilicet
1059 938 1125 989 vitio
1148 955 1204 991 non
1222 941 1333 991 leubilis

208 1012 315 1061 Ovidius
331 1013 416 1060 Amor.
426 1010 447 1069 Ι,
459 1010 482 1061 8.
495 1010 528 1071 [n.
539 1009 582 1073 40]
617 1006 762 1071 „Forsitan
779 1008 940 1070 inmundae,
961 1005 1039 1057 Tatio
1057 1014 1194 1072 regnante,
1213 1008 1335 1059 Salinae

208 1078 345 1129 Noluerint
368 1076 465 1128 habiles
488 1076 611 1142 plurilus
635 1092 689 1126 esse
712 1076 809 1126 uiris“:
835 1074 863 1127 id
888 1080 941 1135 est,
964 1090 1012 1125 sus
1033 1074 1123 1126 illuvie
1146 1092 1201 1126 non
1218 1077 1332 1128 nubiles.

206 1146 295 1197 Valer:
320 1145 427 1196 Flaccus
444 1144 507 1205 VII,
526 1145 584 1196 231.
619 1140 690 1208 „Fas
713 1144 781 1193 mini
802 1159 853 1193 non
879 1143 991 1207 habiles,
1019 1142 1064 1203 fas
1087 1149 1113 1194 et
1137 1145 1186 1194 uti
1209 1144 1335 1209 linquere

208 1214 349 1267 Colclou‘:
373 1228 464 1278 nempe
488 1212 519 1264 ob
538 1211 602 1262 cneii
626 1208 813 1261 inclementiam
832 1216 857 1260 et
880 1211 1020 1261 incolarum
1037 1208 1179 1261 barbariem
1196 1210 1272 1263 nobis
1291 1216 1334 1262 in·

209 1283 318 1334 latites.
353 1284 388 1331 At
412 1281 472 1346 quia
496 1279 729 1346 praestantissimus
752 1278 809 1329 Nic.
833 1276 957 1328 Heinsius
978 1279 1086 1329 stabiles
1109 1278 1147 1329 ibi
1169 1279 1249 1344 legit,
1279 1296 1333 1329 non

206 1350 316 1412 nabiles,
333 1365 391 1400 cum
408 1349 440 1399 ad
458 1347 544 1399 Ovidii
556 1349 635 1399 »Pcut
643 1349 704 1409 11‚9
721 1348 818 1410 [ν.20],
834 1354 887 1397 tum
905 1348 938 1397 ad
955 1348 1040 1411 ipsum
1057 1347 1200 1408 Valerium
1217 1348 1333 1414 pretium

207 1434 300 1483 operae
323 1417 372 1468 erit
388 1417 623 1481 looumrintegrum
647 1414 799 1465 describere:
825 1416 869 1465 ubi
888 1414 972 1477 Circe,
998 1414 1050 1464 sive
1069 1413 1152 1466 Venus
1178 1413 1225 1466 sub
1243 1414 1333 1467 Circes

208 1486 335 1551 imagine,
354 1486 392 1536 sic
410 1484 499 1534 suadet
516 1484 632 1543 Medeae,
651 1489 679 1534 ut
696 1482 803 1532 (lolelros
819 1483 955 1549 relinqunt
991 1482 1136 1546 „Omnibus
1152 1484 1224 1534 laune
1239 1487 1335 1550 potius

188 1559 190 1563 ’
207 1568 372 1607 communem
390 1554 570 1603 animantibus
587 1554 690 1615 ortem,
718 1550 874 1603 Communes
891 1556 918 1601 et
934 1552 1012 1601 erede
1029 1551 1109 1601 deos.-
1130 1554 1249 1617 patn'am
1266 1552 1333 1603 inde

209 1627 316 1681 uocato,
342 1620 400 1684 Quo
424 1620 495 1670 redit
517 1623 590 1685 itque
612 1618 683 1669 dies:
713 1634 762 1669 nec
785 1635 833 1669 uos
857 1619 897 1669 dis
920 1625 989 1670 nate
1009 1619 1131 1684 malignis
1153 1620 1259 1670 Luserit
1281 1621 1334 1671 icoc

207 1689 288 1740 crudo
304 1704 408 1754 sernper
423 1690 472 1738 sul
489 1688 594 1751 frigore
610 1688 714 1737 messis:
750 1685 801 1736 Fas
823 1688 891 1737 miti
912 1703 967 1737 non
985 1687 1089 1738 stabiles
1106 1688 1150 1749 fes
1167 1693 1193 1738 et
1208 1689 1261 1738 tili
1279 1688 1333 1738 lin·

207 1773 289 1823 quere
313 1755 449 1807 Colchos.“
483 1756 524 1806 Ita
546 1755 688 1821 prsetertur
710 1756 738 1803 in
760 1754 865 1805 Heinsii
887 1755 1000 1806 editione
1023 1755 1168 1820 posthume:
1198 1756 1334 1806 mmerssie

209 1840 284 1890 sane,
307 1829 333 1875 et
349 1824 495 1875 infeliciter.
532 1823 600 1879 Quid
618 1824 686 1873 enim
704 1822 796 1873 uersu
813 1823 846 1873 ad
864 1823 979 1873 Medeam
996 1829 1023 1873 et
1040 1822 1148 1874 Circen?
1171 1839 1205 1873 en
1229 1825 1333 1888 egrico·

207 1894 289 1943 lerum
311 1908 401 1943 uxores
424 1891 515 1942 menti
541 1890 603 1956 quid
626 1896 710 1941 autem
733 1893 824 1940 messis
847 1891 893 1940 sub
916 1891 1040 1956 frigore?
1066 1891 1155 1941 messis
1178 1892 1283 1957 quidem
1306 1896 1335 1943 et

207 1962 290 2027 frigus
308 1961 383 2026 plene
401 1960 530 2010 contraris
548 1964 621 2020 sunt,
646 1958 747 2023 [Virgil.
763 1958 821 2009 uel.
840 1961 867 2020 5,·
883 1961 926 2022 70]
961 1960 1048 2024 „Ante
1070 1959 1174 2022 focum,
1197 1962 1224 2010 si
1246 1959 1333 2024 trigue

208 2033 276 2093 err't,·
300 2032 326 2079 si
348 2030 445 2092 messis,
469 2030 498 2077 in
515 2028 637 2077 antrof‘
670 2027 735 2077 Tum
751 2026 813 2083 illa,
838 2026 959 2091 Luserit,
985 2027 1082 2091 crudo,
1104 2027 1226 2092 stabiles,
1244 2030 1334 2079 omnia

208 2098 328 2148 nituntur
344 2097 397 2147 sols
415 2096 568 2147 coniectum.
603 2095 729 2160 Equidem
746 2111 777 2145 ex
793 2095 870 2145 variis
882 2093 1003 2146 Codicum
1020 2095 1163 2160 scriptume,
1180 2112 1244 2160 ques
1260 2096 1334 2161 apud

209 2168 293 2230 ipsum
309 2165 446 2216 Heinsium
463 2163 549 2215 videre
567 2169 620 2229 est,
636 2163 673 2214 sic
691 2163 775 2214 locum
792 2163 961 2224 msucuenms
988 2179 1053 2228 „nec
1070 2179 1128 2226 nos,
1146 2168 1161 2212 ὃ
1178 2169 1258 2225 natu,
1277 2181 1333 2215 mu·

209 2234 296 2299 lignus
314 2232 424 2284 illuserit
439 2234 534 2283 struo
550 2246 653 2298 semper
669 2233 718 2282 sub
735 2230 842 2296 frigere
858 2232 961 2284 Phasis:
997 2230 1050 2282 Fas
1067 2232 1134 2281 milti
1150 2247 1207 2281 non
1222 2232 1333 2295 habiles,

208 2302 253 2365 sus
271 2303 364 2353 ettiii
380 2301 501 2366 linquere
520 2298 656 2352 Colchos.“
690 2298 764 2349 ulara
781 2315 827 2365 per
843 2316 870 2349 se
887 2300 1026 2352 sententid:
1056 2299 1172 2363 Ouala,
1191 2300 1241 2362 (itu
1256 2299 1333 2351 Circe

208 2370 322 2420 Medeam
341 2369 490 2436 compellat,
515 2368 611 2434 quippe
628 2385 699 2419 soror
715 2369 821 2430 Aeetes,
840 2367 943 2418 Medeae
961 2368 1056 2432 nstris:
1079 2367 1147 2418 uude
1163 2367 1251 2432 paullo
1268 2374 1335 2434 post

209 2455 272 2488 vers.
282 2440 340 2490 242.
359 2437 449 2488 Medea
466 2452 521 2487 sam
530 2435 643 2488 Metroon
656 2436 771 2486 vicissim
790 2442 872 2501 voest)
892 2435 980 2499 Oenius
997 2435 1091 2502 inquit,
1107 2435 1193 2485 solum
1209 2440 1334 2501 patriam

209 2522 289 2557 uoco:
305 2520 393 2572 nsque
410 2510 542 2569 angustus
559 2504 716 2570 invictusque
734 2504 876 2555 tricPtresis
892 2505 940 2554 sest
958 2503 1141 2562 eclisiaAneto
1158 2519 1263 2568 semper
1281 2521 1332 2556 nos

209 2576 353 2636 clausent5
371 2575 438 2638 quin
452 2575 543 2638 potius
560 2572 629 2622 alias
646 2575 769 2636 regiones
786 2574 899 2637 petimus
915 2574 1003 2635 tnagis
1020 2572 1128 2634 labiles,
1145 2574 1235 2636 magis
1252 2578 1333 2637 aptes

209 2642 302 2705 nolis,
320 2646 347 2691 et
364 2640 553 2690 accommodus.
588 2639 663 2690 Nihil
680 2640 785 2704 ingenio
801 2641 843 2690 hie
861 2640 1034 2705 permisimus3
1061 2640 1113 2689 nisi
1131 2639 1198 2704 quod
1215 2655 1263 2704 pro
1282 2642 1334 2691 hoc

209 2725 279 2772 uno,
306 2708 372 2773 quod
390 2708 487 2772 Seripti
510 2707 644 2772 exhibent,
670 2708 771 2758 Arctoo
793 2708 915 2760 dedimus.
951 2707 1005 2759 Sub
1028 2707 1128 2759 Arctoo
1154 2706 1276 2771 frigore,
1303 2715 1334 2759 ut

209 2777 330 2827 Lucanus
347 2775 386 2840 X,
403 2777 462 2827 250.
497 2774 620 2839 „Frigore
641 2773 673 2824 ub
697 2778 791 2826 Arctoo
815 2776 930 2826 medium
954 2781 1080 2826 reuocata
1101 2775 1150 2825 sub
1173 2779 1279 2827 erenf‘
1307 2781 1333 2827 et

211 2844 366 2906 v111‚363.
401 2842 510 2904 „Omnis
532 2844 562 2892 c'n
584 2842 688 2892 Arctois
715 2843 832 2908 populus
861 2846 1019 2909 quicumque
1047 2842 1150 2909 pruinis
1174 2841 1332 2894 Nascitur.“

209 2912 265 2975 Vel,
283 2912 305 2961 si
322 2911 360 2962 ita
377 2910 465 2976 mavis,
483 2911 592 2961 retinere
609 2910 671 2961 licet
687 2911 738 2961 troc
754 2927 818 2973 suno,
831 2917 857 2961 et
874 2911 911 2961 sie
929 2929 1027 2963 versum
1044 2912 1178 2976 reingere:
1197 2909 1334 2973 „cluserit

209 2982 258 3031 hoe
275 2996 327 3031 uno
343 2993 446 3045 suuper
462 2978 1222 3042 sulcardinePlasis“:ut0vid.Pont.Il,10.[v.45]
1253 2979 1333 3045 „lpse
1403 2982 1404 2999 ³

212 3049 319 3115 quidem
335 3049 450 3098 eutrennc'
467 3062 526 3097 cum
542 3049 593 3097 sim
610 3047 657 3097 sub
675 3047 779 3098 tamine
795 3047 916 3100 nieuw
934 3054 959 3098 et
977 3047 1056 3098 Silius
1073 3047 1118 3110 IV,
1137 3050 1168 3110 [v.
1188 3048 1248 3109 781]
1276 3051 1332 3111 „s'o‚
1403 3092 1404 3109 ,

212 3120 327 3180 coniux,
354 3130 518 3182 quocumque
541 3119 571 3165 in
589 3115 691 3167 cardine
708 3116 803 3166 mundi
818 3115 894 3167 Bella
911 3117 1027 3167 suoues.“
1059 3116 1144 3165 Possis
1162 3130 1263 3179 quoque
1281 3117 1333 3168 lenc
1403 3112 1404 3133 ¹

209 3186 304 3237 mrcnds'
319 3200 367 3250 pro
385 3185 435 3234 loc
451 3199 513 3234 uno.
549 3182 598 3233 Sed
615 3184 676 3234 haec
700 3183 790 3238 obiter.
824 3184 898 3234 Nunc
921 3188 952 3234 ut
974 3184 1005 3234 ad
1023 3185 1143 3234 Nostrum
1161 3188 1332 3234 revertemur:

211 3268 375 3318 quemquam,
400 3257 428 3302 ut
444 3250 547 3313 vidisti,
573 3251 693 3301 usitatius
711 3252 759 3315 sit,
784 3256 814 3302 ut
836 3268 867 3303 ex
890 3252 988 3303 duobus
1011 3250 1038 3301 id
1057 3251 1124 3317 quod
1141 3251 1205 3301 vitio
1221 3249 1333 3313 laborat,

211 3320 329 3371 intrabile
346 3320 421 3370 alteri
438 3320 553 3378 dicatum
577 3323 660 3369 temen
678 3320 706 3369 in
724 3319 770 3370 ills
792 3319 902 3370 lectione
925 3321 979 3384 „lit
996 3321 1084 3369 vicina
1101 3322 1160 3369 seui
1176 3334 1230 3369 non
1248 3320 1333 3370 habili

209 3387 311 3454 Lyeo'‘,
329 3388 357 3437 id
374 3387 425 3437 erit
440 3387 604 3449 incommodi,
622 3388 689 3452 quod
706 3391 795 3438 uicina
812 3387 883 3438 nullo
903 3392 957 3438 tum
973 3387 1172 3438 medonensem
1185 3386 1331 3453 significet:

212 3455 279 3520 quod
297 3455 480 3520 liutgersisnae
503 3456 668 3506 correctionis
692 3461 730 3505 est
753 3456 856 3506 unicum
880 3455 1078 3507 tundamentum.
1114 3455 1160 3505 llle
1179 3454 1282 3520 quidem
1301 3471 1333 3506 ex

209 3522 325 3573 quenali
341 3523 369 3572 id
386 3529 498 3585 conatur,
516 3525 569 3575 Set.
586 3523 630 3584 VI,
639 3525 697 3576 509.
715 3524 746 3573 de
763 3523 829 3574 mala
845 3541 936 3585 uxore;
954 3522 1054 3587 „Nulla
1072 3525 1126 3574 ciri
1142 3539 1208 3574 cura
1219 3526 1332 3587 interea,

211 3607 260 3641 nec
282 3593 381 3641 tuentio
403 3590 451 3651 fiet
471 3591 651 3649 Damnosusm,
681 3595 748 3641 uiuit
770 3597 896 3657 tamquam
920 3592 1005 3642 uicinn
1027 3593 1151 3641 marito.“
1186 3591 1235 3642 Sed
1260 3595 1332 3641 tuam

211 3659 298 3720 fidem,
323 3658 363 3708 vir
380 3657 531 3709 clarissime!
555 3676 587 3709 sn
614 3660 674 3725 qnia
691 3665 825 3725 tamquam
850 3663 939 3711 vicine
955 3660 1021 3711 visit
1036 3660 1074 3710 rei
1091 3659 1226 3709 familiaris
1243 3659 1331 3724 negle-

210 3743 273 3792 gens
294 3742 370 3789 uxor,
398 3725 487 3777 ideone
511 3730 600 3778 uicina
622 3727 737 3778 absolute
759 3744 871 3780 uxorem
894 3728 1093 3794 significaverit?
1118 3727 1179 3792 quid
1202 3728 1226 3777 si
1250 3728 1332 3778 simili
1402 3768 1403 3775 ,

212 3796 339 3846 sententia
356 3793 458 3857 dixeris,
477 3800 528 3845 tom
567 3812 610 3846 am
628 3799 728 3861 mpura,
746 3796 786 3846 vel
804 3799 897 3850 canu?
921 3813 953 3846 sn
971 3811 1001 3847 ea
1018 3795 1122 3846 nomine
1138 3810 1184 3860 par
1201 3811 1228 3845 se
1245 3796 1332 3860 posita

211 3879 325 3914 uxerem
342 3862 486 3913 notabunt?
547 3864 592 3912 uin
610 3864 715 3913 omnino
729 3867 821 3915 'vicina
838 3864 906 3930 spud
923 3865 1059 3917 Horatium
1076 3867 1114 3914 est
1131 3866 1220 3914 uicina
1238 3865 1332 3924 nolis3
1402 3878 1403 3885 ¹

211 3932 274 3982 sdeo
291 3936 321 3982 ut
337 3933 478 3996 strepitum
496 3931 591 3981 audire
608 3932 688 3996 possit
706 3947 737 3981 ex
752 3933 861 3985 vicinia:
881 3937 980 3983 etcum
997 3932 1077 3991 addit,
1094 3947 1149 3981 non
1162 3932 1260 3982 iahilu
1271 3935 1333 3982 seni
1402 3946 1403 3975 l

211 3997 300 4065 Lyce,
324 3998 384 4050 inde
402 3998 501 4049 demum
518 3997 676 4062 colligimus,
700 4016 801 4050 uxorem
825 4017 881 4051 eam
904 3999 982 4051 fuisse
1003 4000 1074 4065 Lyci.
1110 4000 1187 4050 Recte
1204 4000 1286 4064 igitur
1304 4016 1332 4050 se
1402 3994 1403 4007 ¹

212 4066 288 4117 habet
305 4067 356 4119 lere
373 4068 485 4117 omnium
503 4066 617 4117 codicum
636 4068 770 4132 scripture,
788 4068 843 4131 „lit
858 4072 955 4133 uicina,
972 4070 1031 4117 seni
1047 4083 1101 4117 non
1116 4068 1211 4119 nobilis
1221 4067 1330 4134 Lyco“:

260 4165 282 4213 *l
298 4167 384 4220 [lisere.
397 4166 435 4216 111.
446 4167 482 4210 62:
501 4169 592 4215 „Cetera
605 4172 739 4218 necseturoe
751 4170 836 4217 nabilis,
857 4181 894 4213 nec
907 4172 976 4221 forna
989 4171 1099 4217 areensem
1114 4168 1141 4208 ib.
1155 4167 1189 4216 lv,
1201 4168 1248 4208 129:
1271 4169 1330 4214 „Nee

208 4220 284 4266 oecon*
296 4218 491 4269 opportunasque,
505 4228 542 4259 nsc
554 4222 660 4261 oomrnoda
675 4219 788 4273 Mccto‘t]
