2840 4762
565 1198 944 1283 LECTORI.

82 1546 112 1602 [p.
126 1546 174 1602 roo]
290 1498 353 1597 Ne
367 1533 493 1610 pagiuae
506 1531 562 1595 hac
581 1549 701 1610 prorsus
715 1535 861 1608 vacarent,
883 1530 1063 1592 exhibuimus
1078 1531 1131 1592 tibi
1145 1547 1184 1593 ex
1200 1532 1332 1609 Oruquio

208 1634 237 1691 et
263 1630 385 1691 Pithoeo
412 1630 599 1709 Epigramma
628 1629 735 1691 veteris
763 1629 947 1692 Grammatici
981 1629 1012 1689 in
1041 1643 1235 1706 Pnsmnnuu,
1269 1649 1332 1707 quo

208 1745 308 1789 omnes
329 1745 431 1789 versus
452 1728 628 1789 Horatianos
649 1745 708 1789 non
729 1728 907 1803 ineleganter
927 1727 1081 1804 expressit.
1124 1729 1230 1803 Porro,
1259 1728 1334 1804 quia

208 1811 295 1886 semel
323 1825 482 1901 iterumque
509 1843 563 1886 usu
589 1829 708 1887 venerat
739 1829 772 1886 nt
799 1843 835 1887 ea
862 1825 898 1886 de
925 1843 957 1886 re
985 1824 1016 1884 in
1045 1824 1131 1886 Notis
1163 1843 1328 1902 ageremus,

207 1922 307 1984 eadem
320 1923 414 1983 Metra
435 1922 593 1999 eodemque
614 1921 715 1983 ordine
736 1941 773 1983 ex
792 1922 921 1998 reliquiis
942 1923 1028 1983 trium
1041 1923 1227 2001 Scriptorum,
1250 1940 1324 1999 quos

207 2021 314 2082 Noster
342 2021 425 2097 sequi
451 2019 614 2097 profitetur,
646 2019 773 2096 undique
800 2020 921 2085 collecta
952 2020 1099 2094 dedimus;
1137 2024 1169 2081 ut
1198 2039 1230 2082 re
1260 2019 1334 2098 ipsa

206 2118 307 2179 videas
328 2137 387 2193 qna
408 2117 466 2180 fide
485 2119 534 2179 ille
555 2117 668 2193 dixerit,
690 2119 746 2195 Ep.
759 2134 780 2193 1,
802 2118 854 2179 ult.
884 2120 935 2195 [19
950 2136 980 2178 v.
998 2119 1051 2193 27]

293 2237 383 2310 Quod
403 2238 488 2298 timui
507 2245 625 2299 matare
645 2222 754 2298 modoe'
771 2246 801 2298 ct
823 2239 972 2299 Carminis
994 2243 1100 2297 ortem.

205 2356 326 2419 Versum
353 2374 423 2417 vero
448 2356 529 2417 illum
556 2373 626 2418 xvu
659 2355 839 2431 Illicitisquc
868 2357 1019 2433 pandent,
1065 2354 1112 2416 cui
1138 2353 1235 2415 Flacci
1270 2355 1331 2417 iste

204 2455 362 2532 respondet
395 2453 496 2530 Lydia
523 2456 575 2516 dic
596 2471 658 2531 per
686 2471 802 2527 omues,
837 2472 873 2515 ex
900 2451 1095 2528 Aristophane
1126 2453 1322 2530 pensavimus,

205 2570 269 2612 cum
290 2549 369 2627 apud
397 2552 470 2613 istos
491 2550 576 2611 hodie
597 2568 656 2611 non
676 2552 846 2627 reperiatur.
888 2551 991 2626 Neque
1012 2553 1108 2611 tamen
1130 2549 1249 2611 dubium
1270 2556 1323 2628 est,

204 2649 275 2723 quin
296 2647 432 2709 Alcaicus
453 2649 500 2722 sit,
522 2647 579 2709 fide
601 2649 856 2710 Grammaticorum
877 2647 1062 2721 Latinorum3
1086 2648 1141 2708 etsi
1163 2666 1200 2708 ex
1213 2648 1325 2710 Aristo·

204 2745 301 2825 phane
330 2745 428 2821 potius
456 2745 587 2806 citaverit
608 2744 786 2821 Hephaestio
807 2763 837 2822 p.
862 2748 911 2805 29.
934 2744 1014 2820 ideo,
1044 2749 1076 2806 ut
1097 2744 1226 2822 videtur,
1255 2747 1326 2822 quia

204 2841 283 2920 apud
303 2843 425 2918 Lyricos
446 2841 552 2903 Proddi
575 2841 715 2902 duntaxat
736 2843 827 2903 vicem
848 2844 922 2919 egit,
944 2842 1023 2919 apud
1043 2841 1124 2903 illum
1144 2845 1336 2906 continenter

204 2945 234 3001 et
260 2939 365 3016 iugiter
392 2944 548 3015 usurpatus
576 2943 629 3001 est.
672 2939 747 3000 Illud
769 2958 839 3001 vero
860 2940 975 3000 maioris
996 2945 1041 3001 est
1062 2941 1214 3017 momenti,
1246 2941 1330 3018 qnod

203 3054 289 3098 versu
310 3052 392 3098 xvnr
412 3037 542 3098 consulto
564 3039 618 3095 νῦν
637 3037 849 3099 circumflexum
869 3039 1058 3114 reposuimus,

287 3153 368 3205 Δεῦτε
385 3153 435 3203 νῦν
452 3147 506 3220 cist}
522 3150 568 3221 ραὶ
585 3149 705 3222 Χάριτες
721 3151 879 3223 καλλίκομοί
894 3170 923 3206 τε
939 3155 1052 3211 Μοῖσαι,

203 3261 235 3319 ut
255 3275 320 3319 cum
341 3257 438 3318 Flacci
459 3261 549 3318 metro
569 3262 749 3334 congrueret,

291 3375 330 3436 Tc
352 3377 433 3450 deos,
457 3371 564 3458 ciro,
589 3376 725 3452 Sybarin
746 3395 803 3440 car
817 3395 971 3456 properes
991 3379 1133 3439 amando.

207 3493 321 3570 Quippe
342 3495 421 3570 apud
434 3493 627 3571 Sapphonem,
650 3495 821 3573 (Hephaest.
843 3514 873 3572 p.
889 3499 951 3574 30.)
975 3518 1028 3556 νυν
1048 3498 1137 3557 breve
1158 3500 1188 3557 et
1201 3495 1331 3558 urenti·

203 3607 257 3650 con
280 3594 339 3664 est3
362 3591 435 3654 adeo
456 3596 488 3654 ut
508 3610 561 3669 pes
582 3594 700 3669 primns,
721 3595 830 3671 pariter
851 3613 886 3655 ac
907 3594 964 3655 dno
986 3598 1149 3672 sequentes,
1174 3592 1332 3657 oronam--

202 3688 257 3750 bus
279 3690 332 3762 sit3

287 3802 370 3856 Δεῠτέ
386 3821 436 3854 νυν
453 3799 488 3870 o‘qi
502 3801 507 3872 Ι
523 3802 570 3872 pai
587 3802 705 3876 Χάριτες
719 3805 724 3876 Ι
738 3805 912 3877 καλλίκομοΗ
928 3823 957 3859 τε
973 3809 1086 3858 Μοῖσαι.

152 3902 155 3907 ⁴
205 3909 296 3984 Quale
307 3907 497 3971 choriambici
513 3912 672 3987 exemplum
689 3912 835 3975 adducunt
849 3912 1004 3974 Diomedes
1021 3931 1050 3989 p.
1061 3917 1130 3973 510.
1147 3914 1186 3992 [p.
1196 3913 1268 3988 509]
1292 3919 1326 3975 et

202 4008 394 4069 Terentianus
415 4008 533 4069 Maurus
553 4027 583 4086 p.
601 4012 692 4070 2424.
722 4010 817 4088 Atque
838 4010 906 4070 inde
928 4015 981 4087 est,
1002 4010 1080 4086 qnod
1101 4011 1179 4073 litem
1200 4012 1330 4074 Horatio-

202 4104 325 4165 intendit
345 4106 453 4166 Marius
468 4105 631 4169 Victorinus
652 4126 682 4184 p.
696 4110 787 4169 2614.
810 4108 847 4169 ob
868 4108 1046 4169 immutatum
1067 4108 1097 4168 in
1119 4127 1221 4170 versus
1241 4110 1329 4186 prin·-

202 4202 278 4279 cipio
298 4201 417 4281 pedem:
442 4202 532 4275 Quod
542 4212 676 4281 metrum,
699 4206 801 4282 inquit,
822 4207 885 4267 sive
899 4222 1005 4269 errore
1018 4224 1072 4270 eeu
1086 4209 1185 4269 studio
1195 4194 1323 4284 poetae,
