2840 4762
420 248 599 297 craumers
619 250 686 298 nne.
709 250 732 316 ι.
755 245 779 297 t.

118 380 315 462 Ambiguum
337 383 453 447 tellure
474 403 558 449 nova
580 384 746 450 Salamina
767 384 918 450 futuram.

106 498 107 513 ι
165 466 193 534 0
216 467 326 546 fortes,
348 466 523 553 peioraque
543 467 634 554 passi

108 652 186 714 solet,
214 650 280 713 „Nil
297 650 492 717 desperandum
512 650 616 703 Cirristo
635 650 717 715 draca,
735 658 762 703 et
778 655 887 719 auspice
900 651 1030 704 Christof‘
1064 651 1156 716 Longe

106 737 161 770 nse
178 720 269 770 melius
286 719 364 770 habat
381 734 411 770 ea
429 719 542 785 paradis,
560 734 636 784 qnam
653 721 710 786 ipsa
727 721 832 771 Horatii
856 720 933 771 verba
957 725 985 770 ut
1011 721 1155 784 uunoqui·

107 788 234 852 leguntur.
264 787 380 838 Christus
398 789 467 839 euim
483 803 541 838 vera
558 794 585 837 et
602 788 652 839 dux
670 795 757 839 uester
773 795 798 838 et
815 805 924 854 suspen
942 787 1038 837 Teucer
1049 787 1092 837 hio
1104 788 1155 837 dux

106 872 135 904 un
153 856 205 905 suis
230 860 292 917 erat,
324 871 418 920 auspex
442 870 475 905 an
498 855 588 917 fuerit,
613 856 711 907 dubito.
746 855 797 906 Gur
820 857 889 906 enim
906 857 1019 921 auspex?
1037 857 1076 905 Au
1095 856 1156 920 quia

106 924 165 972 dum
189 923 317 989 Apollinis
343 923 490 974 consuluit?
518 922 566 972 Cui
593 940 710 988 umquam
738 924 854 974 auditum
871 930 909 977 est
935 923 1010 974 talem
1028 923 1157 973 hominem

109 994 174 1040 icam
193 991 293 1041 vocarit
310 987 351 1040 Au
369 992 430 1056 quia
446 991 501 1057 ipse
518 995 602 1053 rates,
622 999 648 1041 et
665 992 790 1057 interpres
800 991 947 1057 Apollinis?
974 990 1038 1046 Quis
1055 990 1106 1041 tale
1124 992 1155 1041 de

106 1076 131 1108 ro
147 1060 281 1108 memoriae
293 1058 425 1124 prodidit?
443 1062 483 1108 An
495 1074 526 1111 ex
537 1059 708 1109 Romanorum
719 1075 788 1110 more
799 1058 1031 1125 interpretabimur,
1049 1065 1079 1109 ut
1090 1059 1156 1109 duce

106 1130 185 1191 rspice
204 1124 306 1176 Teucro
324 1127 430 1192 perinde
448 1128 495 1188 sit,
514 1143 543 1176 ac
561 1127 644 1177 aetem
663 1133 689 1177 et
705 1131 825 1193 auspicio
842 1127 953 1177 Teucri?
970 1131 1001 1176 ut
1018 1127 1155 1191 scriptores

106 1211 135 1244 mr
142 1194 230 1244 Latini
237 1194 329 1258 passim
338 1194 487 1259 loquuntur,
496 1194 579 1245 ductu
586 1202 665 1260 atque
671 1198 799 1261 auspiciis
806 1195 930 1260 Augusti,
944 1193 1045 1245 Tiberii
1049 1200 1096 1245 etc.
1106 1194 1156 1245 Sed

106 1262 271 1326 sapudipsos
284 1263 571 1327 Romanosquemquam
589 1263 725 1323 inveneris,
744 1264 789 1329 qui
807 1279 871 1328 quse
892 1263 1011 1327 Augusti
1027 1265 1155 1328 auspiciis

123 1334 190 1390 sunt,
208 1346 238 1379 ea
256 1331 378 1394 Arrgusto
396 1334 505 1396 aruspice
514 1335 586 1396 gesta
598 1347 651 1380 esse
662 1331 762 1381 dixerit.
799 1331 886 1386 Nemo.
905 1331 1017 1395 iuquam,
1035 1330 1073 1380 ita
1085 1330 1155 1380 loou·

106 1403 150 1458 est,
169 1400 283 1462 Auspice
301 1395 421 1450 Caesare.
456 1398 568 1464 Accepere
591 1399 660 1448 enim
677 1414 814 1463 numquam
832 1399 862 1449 de
880 1398 991 1448 Homine
1009 1404 1154 1462 usurpatur,

108 1466 139 1515 de
157 1481 186 1515 eo
204 1466 248 1529 qui
266 1467 369 1532 proprie
387 1482 416 1516 eo
433 1464 511 1516 verbo
529 1467 686 1530 signabatur.
723 1468 829 1518 Ovidius
848 1466 958 1532 quidem,
983 1472 1014 1516 ut
1030 1482 1099 1516 nunc
1117 1465 1156 1515 ibi

106 1552 124 1593 r,
142 1534 210 1585 Fast.
229 1534 249 1595 Ι,
268 1535 310 1586 26.
327 1533 359 1584 de
377 1534 529 1585 Germanico
547 1532 667 1585 Caesare:
687 1535 718 1586 Si
742 1536 804 1585 ticet
827 1540 854 1585 et
875 1533 919 1595 fas
936 1539 982 1597 est,
1000 1538 1073 1584 uates
1091 1549 1154 1598 rege

116 1601 247 1663 habenam·
264 1601 375 1667 Auspice
392 1607 416 1651 te
439 1600 510 1663 setim
528 1606 599 1652 totus
616 1605 819 1653 retanuuscat.“
854 1605 888 1652 At
897 1602 1022 1652 editiones
1033 1607 1155 1664 uetustae,

106 1668 167 1734 ripti
184 1668 300 1734 plerique
317 1669 429 1732 codices,
448 1670 475 1719 in
494 1671 587 1734 quibus
602 1686 668 1720 uuus
686 1676 724 1721 est
742 1670 881 1721 doctissimi
901 1669 1013 1720 amiciH
1019 1669 1155 1721 adriani

106 1735 189 1797 indi,
206 1737 302 1786 rectius
313 1737 429 1788 babent:
447 1738 587 1802 „Auspicio
604 1738 682 1802 teliu,
701 1744 771 1789 toea
788 1744 821 1789 ut
837 1754 925 1789 aursus
943 1740 1011 1788 eat“
1034 1737 1070 1788 Ut
1087 1738 1156 1788 infra

106 1806 133 1855 8.
168 1802 269 1868 „Totus
286 1806 319 1854 ab
337 1806 453 1871 auspicio
470 1821 503 1856 ue
512 1807 585 1867 leret
600 1821 681 1858 annus
692 1809 792 1858 ruera“
810 1807 969 1871 Ubicumque
980 1809 1064 1856 autam
1074 1822 1156 1874 μετα·

106 1872 160 1925 κῶς
176 1873 316 1938 accipitur,
342 1889 395 1924 non
411 1874 539 1924 hominem
564 1874 607 1924 sed
625 1875 706 1924 Deum
729 1874 840 1940 aliquem
856 1878 937 1925 notat
970 1875 1012 1924 lta
1027 1873 1154 1938 Virgilius

115 1941 164 2003 ΙΙΙ,
182 1941 222 1991 20.
257 1939 361 2004 „Sacra
378 1941 517 1992 Dionaeae
533 1945 624 2003 matri,
642 1942 763 2008 diuisque
782 1941 900 2004 ferebam
918 1943 1079 2006 Arcipicibus
1098 1946 1155 1991 tau·

106 2024 123 2057 n
151 2010 286 2073 operum.‘⁴
327 2010 364 2059 Et
389 2010 440 2071 lv,
458 2012 499 2061 45.
528 2010 606 2066 ..Diis
621 2011 741 2075 equidem
759 2012 913 2075 auspicibus
930 2026 992 2059 reor
1010 2015 1036 2059 et
1052 2009 1156 2060 luuaue

106 2075 177 2126 sda.“
193 2074 287 2126 Noster
303 2076 388 2142 Epist.
398 2079 419 2138 l,
435 2079 459 2140 3,
471 2079 510 2129 13.
536 2075 695 2139 „Thebanos
713 2084 808 2142 aptare
824 2078 916 2127 modos
932 2077 1028 2139 studet,
1047 2079 1156 2142 auspice

106 2147 138 2193 t.“
180 2144 251 2196 ovid.
270 2145 340 2197 Fast.
358 2146 378 2205 l,
397 2148 455 2198 615.
474 2145 702 2211 „Artspicibusque
719 2147 791 2209 Deis,
809 2148 880 2196 tauti
896 2147 1064 2209 coguorrriuis
1081 2147 1156 2194 lucres

106 2214 288 2277 resuscipiat,
306 2228 359 2277 quo
381 2218 467 2278 pater,
491 2215 563 2262 orbis
581 2217 675 2264 auur.“
708 2213 864 2263 Prudentius
877 2220 965 2263 contra
979 2213 1155 2277 Symmachum

106 2280 145 2330 08.
164 2277 321 2344 „Numquid
337 2287 363 2330 et
379 2281 425 2330 ille
443 2281 499 2331 dies
516 2281 577 2331 Ioue
593 2281 708 2331 corrtutit
725 2283 833 2345 auspice
846 2286 949 2330 tautum
962 2277 1079 2330 Virtutis
1095 2296 1156 2344 pra·

107 2348 138 2397 ?“
154 2347 266 2397 Avienus
276 2349 304 2397 in
314 2348 422 2398 Arateis.
435 2366 458 2399 v.
473 2352 494 2401 1.
504 2351 630 2414 „auspice
648 2354 735 2401 terras
746 2347 852 2412 hietque
862 2347 948 2399 Ioue.“
975 2347 1063 2412 Neque
1080 2348 1157 2397 aliter

106 2432 160 2477 ram,
178 2416 228 2465 nisi
243 2415 315 2465 valde
332 2416 415 2478 fallor,
434 2419 570 2482 scriptores
587 2416 684 2467 Latini.
702 2418 823 2466 Lucanus
840 2416 941 2480 quidem
949 2414 1065 2466 Brutum
1082 2420 1156 2465 vocat

106 2487 189 2543 ticem,
217 2483 261 2534 ubi
289 2484 393 2549 nuptias
418 2484 540 2534 describit
556 2483 661 2535 (tatonis
678 2489 704 2535 et
721 2484 839 2534 Marciae,
864 2484 899 2545 ΙΙ,
923 2485 980 2535 370.
1015 2483 1156 2548 „Pignora

106 2569 110 2599 t
125 2551 225 2615 domus,
235 2551 307 2601 uuiti
317 2554 404 2602 coiere
420 2555 578 2618 propinqui,-
595 2553 751 2618 largientur
760 2554 843 2616 taciti,
861 2554 1030 2616 corrteutique
1047 2556 1157 2616 auspice

106 2622 146 2668 o.“
180 2620 216 2668 Et
234 2619 329 2669 Seneca
353 2620 443 2671 Troad.
468 2622 526 2672 864.
549 2620 688 2671 Helenam:
719 2619 876 2685 Quicstuque
904 2620 1002 2685 hymen
1024 2618 1155 2682 funestus,

106 2686 187 2736 facitu
199 2686 337 2750 Lamenta,
348 2688 448 2750 caedes,
465 2691 632 2753 sauguinem,
647 2692 763 2753 gemitus
772 2690 858 2750 liutet,
875 2686 926 2737 Est
937 2688 1045 2752 aruspice
1056 2688 1157 2738 Helena

106 2756 159 2804 ua.“
183 2755 276 2805 Verum
295 2755 332 2805 ibi
341 2757 443 2822 proprie
460 2755 588 2821 accipitur
603 2773 633 2806 ea
651 2773 710 2806 vox:
729 2773 787 2807 cum
802 2756 1014 2812 notissimumsit,
1031 2757 1155 2820 auspices

126 2822 241 2872 sollemni
265 2824 364 2887 nuptiis
389 2823 504 2874 adhiberi
529 2825 625 2875 solitos.
662 2826 728 2875 Sane
754 2824 816 2874 olim
834 2823 972 2873 turbabant
987 2823 1030 2873 hic
1047 2823 1155 2886 codices,

111 2895 195 2940 vetere
204 2890 347 2941 Scholiasta
356 2898 442 2957 patet:
462 2893 642 2958 „anspice,“
660 2894 753 2957 inquit,
771 2894 839 2953 „troc
852 2896 898 2955 est,
906 2890 1066 2953 scuturensi
1077 2908 1156 2958 spou-

136 2958 289 3023 Apotiiuem
317 2959 391 3022 dicit,
418 2963 496 3010 cuius
521 2976 649 3025 responsa
677 2961 720 3010 eet
745 2962 878 3024 promissa
903 2961 1087 3023 sequebatur.“
1113 2961 1155 3010 Ita

106 3045 110 3075 ι
129 3027 205 3090 plane
222 3025 393 3077 habetAerou
410 3043 487 3077 manu
500 3030 612 3092 scriptus
630 3029 657 3078 in
674 3028 836 3078 Bibliotheca
851 3027 945 3090 Regiae
955 3028 1100 3088 societatis;
1118 3029 1156 3078 ita

106 3092 212 3158 Cruquii
230 3093 424 3145 commentator.
460 3098 540 3159 Atqui
557 3113 586 3146 ea
604 3097 737 3146 annotatio
754 3111 811 3145 curn
829 3097 955 3159 praesenti
972 3094 1082 3145 lectione
1094 3112 1155 3145 con·

106 3162 120 3211 i
137 3178 189 3212 non
207 3167 299 3227 potest.
317 3163 380 3214 Inde
398 3179 500 3228 quoque
518 3169 566 3225 est,
583 3164 709 3229 quodduo
719 3163 885 3214 Lambiniani
902 3178 959 3212 cum
971 3162 1077 3212 totidem
1090 3164 1154 3214 meis

106 3232 179 3280 erant
197 3232 305 3295 auspice
322 3231 449 3281 Teucri.
484 3231 555 3287 Quae
574 3233 675 3297 quidem
693 3232 777 3294 lectio,
803 3231 1068 3310 quantumvisinepta,
1087 3236 1155 3281 certe

117 3298 222 3358 evincit,
240 3298 294 3348 eius
312 3297 476 3350 fabricatores
494 3316 546 3349 non
564 3301 597 3350 ud
614 3300 746 3360 Teucrum,
773 3297 817 3348 sed
834 3297 979 3362 Apollinem
997 3314 1028 3347 so
1048 3303 1155 3365 auspice

106 3367 159 3416 isse.
196 3365 264 3422 Quid
281 3366 379 3416 mults?
405 3368 504 3432 ipsam,
527 3368 615 3430 credo,
639 3372 728 3432 poetae
752 3382 853 3416 manum
871 3365 1156 3432 repraesentabit,'qui

106 3434 164 3483 ierit
187 3449 286 3483 versum
310 3434 342 3484 ad
368 3435 434 3485 banc
463 3436 587 3500 speciem:
612 3434 679 3497 „Nu
703 3434 897 3499 desperandum
917 3431 1019 3485 Teucro
1039 3435 1112 3499 duce,
1131 3441 1157 3486 at

106 3505 143 3552 ice
160 3501 289 3553 Phoebo.“
324 3502 441 3552 Proiecto
458 3503 534 3567 longe
551 3504 667 3553 meliores
685 3502 782 3553 animos
809 3508 834 3551 st
857 3502 991 3552 certiorem
1015 3519 1085 3568 spem
1102 3504 1156 3554 suis

106 3587 111 3618 t
137 3569 278 3620 addidisset
295 3569 404 3632 Teucer,
428 3572 451 3621 si
473 3572 514 3621 his
531 3572 614 3621 verbis
632 3588 673 3621 ees
691 3569 882 3634 compellasset3
901 3586 976 3634 quum
994 3571 1015 3621 si
1034 3572 1066 3622 ad
1084 3587 1156 3621 suam

106 3641 300 3689 tauctoritatem
307 3638 393 3688 omnia
404 3639 546 3690 retulisset:
565 3639 611 3689 snb
620 3639 722 3704 gemino
732 3637 854 3689 animilia
863 3639 990 3702 praesidio
999 3639 1066 3688 nihil
1084 3656 1155 3703 pror·

106 3706 290 3771 imperandum
307 3711 369 3757 erat.
388 3707 456 3763 Quid
466 3707 534 3771 quod
543 3708 608 3757 hanc
617 3707 736 3757 videntur
746 3706 946 3756 emendationem
957 3706 1081 3771 flagitare,
1091 3723 1155 3770 quae

106 3790 148 3823 ‚me
167 3778 323 3838 sequuntur:
348 3773 459 3838 „Certus
483 3776 551 3825 enim
575 3778 699 3840 praemisit
715 3774 839 3838 Apollo.“
874 3774 930 3830 Quo
954 3776 1022 3823 enim
1045 3775 1157 3840 pertinet

117 3843 195 3905 euim,
214 3842 282 3892 siin
299 3843 385 3906 priore
402 3859 476 3893 versu
493 3843 560 3892 nibil
578 3844 713 3908 quicquam
730 3842 762 3891 de
781 3841 899 3906 Apolline
918 3846 1081 3891 memoratum
1100 3842 1155 3892 est?

106 3915 137 3959 to
155 3909 242 3973 aptius
257 3910 320 3960 haec
329 3927 386 3961 cum
395 3909 569 3977 superioribus
582 3915 774 3970 connectuntur,
793 3910 921 3959 simaeum
931 3910 1031 3974 legeris,
1041 3909 1166 3975 Auspice·

106 3979 157 4028 ba?
179 3983 209 4026 ut
232 3977 261 4027 in
284 3978 337 4028 illis
361 3980 439 4031 Statii
463 3979 525 4028 Sila.
549 3980 598 4040 ΙΙΙ,
617 3981 641 4040 5,
655 3981 694 4030 74.
713 3979 776 4041 „iric
800 3978 903 4041 auspice
927 3976 1035 4027 condita
1054 3977 1156 4027 Phoebo

106 4063 124 4104 ι,
143 4045 289 4096 Dicarchei
303 4049 425 4111 portus.“
459 4048 495 4096 Et
512 4047 573 4097 Silr.
592 4048 626 4107 11,
645 4049 669 4109 2,
681 4048 722 4099 38.
740 4051 907 4109 „reseretque
925 4060 1028 4095 arcana
1043 4046 1157 4110 pudicas

106 4115 188 4162 souad'
208 4113 309 4177 fontes,
340 4115 383 4164 oet
412 4131 478 4180 quos
504 4130 578 4164 maus
602 4115 704 4178 auspice
728 4114 831 4164 Phoebo
848 4112 937 4162 Attius
955 4115 1079 4163 immersa
1098 4119 1154 4163 tur·-

106 4188 109 4225 ,¹
143 4180 246 4232 Pollius
276 4184 375 4232 uruc.“
411 4182 500 4246 Neque
525 4199 583 4233 vero
615 4181 680 4232 illud
712 4187 737 4231 te
763 4180 901 4243 deterreat,
937 4180 1005 4244 qnod
1032 4182 1155 4231 continuo
