2840 4752
221 277 284 340 498
566 300 569 307 >
609 287 948 349 quorumpiam

287 426 328 491 Et
349 423 493 511 paullum
516 420 616 488 silvae
640 421 809 507 superbis
831 421 922 488 toret.
966 421 1092 488 auctius
1113 431 1208 508 atque

288 512 333 576 Dr
355 507 471 574 melius
493 507 606 573 iecere.
651 508 732 574 bene
754 514 812 573 est.
856 506 901 573 nil
922 508 1061 595 amplius
1083 528 1148 586 oro,
1267 578 1271 583 ,

260 594 375 662 oMaia
396 598 480 670 nate,
502 591 564 656 nisi
586 598 622 657 ut
643 591 873 692 propriathaec
895 592 973 657 mibi
994 613 1128 660 munera
1149 594 1242 661 laxis.

289 680 324 747 Si
346 698 451 762 neque
473 678 625 743 maiorem
648 677 710 743 ieci
732 683 855 743 ratione
877 678 963 742 mala
984 696 1062 756 rem,

286 766 355 831 Nec
378 784 449 829 sum
471 762 615 828 facturus
636 762 713 827 vitio
734 762 869 847 culpave
890 762 1059 829 minorem:

293 849 328 915 Si
350 867 484 915 veneror
506 848 624 914 stultus
645 846 725 912 nihil
746 847 869 925 horum,
893 847 920 914 Ο
944 847 971 913 si
994 848 1133 929 angulus
1154 849 1207 916 ille

289 934 459 1002 Proximus
481 932 623 1010 accedat,
646 932 702 1016 qui
722 951 806 997 nunc
829 931 995 998 denormat
1015 934 1171 1015 agellum!

248 1021 319 1089 100
342 1020 370 1085 si
393 1037 505 1084 umam
527 1018 652 1099 argenti
674 1017 740 1083 fors
764 1036 848 1099 quae
870 1016 948 1082 mihi
968 1024 1138 1085 monstret!
1162 1026 1197 1084 ut
1217 1018 1278 1094 illi,

290 1104 459 1170 Thesauro
480 1103 609 1170 invento
631 1101 686 1185 qui
708 1102 921 1168 mercenarius
943 1121 1058 1185 agrum

289 1189 385 1256 Illum
407 1187 514 1274 ipsum
535 1194 695 1254 mercatus
717 1187 829 1265 aravit,
852 1187 942 1255 dives
964 1188 1065 1253 amico

289 1274 442 1340 Hercule:
466 1273 503 1351 si,
527 1271 614 1355 quod
628 1271 730 1348 adest,
754 1280 881 1354 gratum
899 1273 1004 1338 iuvat:
1027 1272 1088 1339 bac
1110 1291 1203 1357 prece
1224 1278 1256 1338 te
1283 1289 1357 1347 oro,

294 1359 419 1441 Pingue
442 1377 540 1443 pecus
562 1356 690 1422 domino
712 1358 822 1436 iacias,
846 1363 878 1423 et
899 1362 1005 1423 cetera
1026 1365 1154 1444 praeter

250 1457 279 1508 15
292 1443 475 1526 Ingenium3
498 1448 597 1526 utque
620 1443 715 1520 soles,
737 1449 847 1509 custos
869 1442 948 1507 mihi
969 1443 1129 1508 maximus
1150 1441 1247 1507 adsis.

292 1530 378 1611 Ergo
402 1528 457 1593 ubi
478 1547 530 1594 me
551 1526 585 1592 in
606 1527 722 1593 montis
745 1534 777 1593 et
798 1528 831 1591 in
852 1548 959 1593 arcem
981 1548 1022 1593 ex
1043 1529 1129 1596 Urbe
1151 1525 1283 1603 removi,
1355 1606 1358 1609 ,

294 1614 380 1693 Quid
401 1613 492 1698 prius
513 1613 679 1678 inlustrem
702 1612 816 1679 Satiris
838 1614 995 1695 Musaque
1016 1612 1180 1697 pedestri?

291 1700 360 1765 Nec
381 1698 468 1764 mala
489 1717 541 1762 me
562 1696 694 1763 ambitio
716 1696 830 1783 perdit,
853 1717 913 1763 nec
933 1697 1103 1783 plumbeus
1124 1698 1250 1773 Auster,

291 1782 538 1865 Autumnusque
560 1784 679 1864 gravis,
701 1782 860 1848 Libitinae
882 1789 1037 1866 quaestus
1059 1782 1203 1848 acerbae.

249 1879 280 1930 ao
294 1868 450 1935 Matutine
467 1874 569 1953 pater,
594 1887 650 1934 seu
673 1868 750 1933 lane
772 1867 924 1934 libentius
946 1867 1049 1944 audis,

291 1954 383 2022 Unde
405 1953 550 2018 homines
573 1971 703 2038 opernm
725 1953 846 2038 primos
869 1954 1019 2035 vitaeque
1040 1953 1167 2018 labores

533 2088 556 2122 r.
575 2073 598 2123 4.
618 2070 693 2136 Vulg.
711 2069 796 2123 nita.
834 2074 873 2124 10.
891 2072 954 2122 Fors
973 2086 1033 2136 qna.

227 2189 336 2254 ingerit,
355 2193 443 2240 eontra
459 2189 574 2254 plurium
597 2193 623 2239 et
640 2188 771 2239 meliorum
789 2189 907 2240 codicum
924 2189 1014 2250 fldem3
1039 2194 1069 2240 ut
1085 2190 1153 2240 Fast.
1172 2188 1218 2247 IV,
1245 2190 1304 2240 tos.
1330 2192 1357 2236 et

230 2261 286 2310 156.
322 2256 423 2323 „Qum
448 2258 612 2321 1011εαὶ111,
638 2272 714 2323 quom
737 2273 829 2306 nerum
853 2273 930 2307 omne
952 2261 1089 2308 tremunt.“
1125 2256 1179 2320 „Et
1194 2256 1302 2321 foma,
1332 2258 1358 2305 et

227 2342 323 2390 morer,
341 2331 368 2376 et
384 2326 453 2375 bona
470 2324 545 2386 soma
564 2328 692 2375 manent.“
727 2325 770 2376 Sic
788 2325 832 2375 illc
851 2340 882 2375 ex
899 2326 976 2376 unico
993 2324 1064 2376 dedit
1081 2324 1176 2386 codice,
1203 2340 1281 2389 eoque
1301 2339 1355 2373 nou

227 2395 291 2444 adeo
309 2398 422 2444 vetusto:
450 2408 508 2443 cum
531 2393 610 2443 catari
624 2408 717 2458 magno
735 2408 841 2443 numero
861 2396 952 2443 tremit
974 2398 999 2444 et
1016 2398 1106 2443 monet
1122 2391 1249 2452 habeant,
1275 2392 1356 2456 idque

226 2462 291 2512 rucis
309 2462 413 2512 auribus
430 2461 537 2527 gratius.
574 2459 646 2511 Certe
671 2461 746 2511 aliter
769 2461 797 2511 in
815 2461 927 2526 Virgilio
951 2478 996 2511 suo
1020 2461 1130 2527 reperit,
1157 2462 1219 2511 Aen.
1237 2460 1269 2521 V,
1293 2461 1353 2512 343.

227 2529 355 2593 „Tutatur
371 2529 451 2591 sanor
468 2528 629 2596 Euryalum,
648 2529 827 2594 lacrimaeque
845 2528 984 2579 dccoruc.“
1009 2529 1133 2579 Horatius
1151 2544 1210 2578 vero
1227 2542 1356 2592 nusquam

226 2598 324 2663 plurali
347 2595 470 2649 usus'est
493 2597 521 2646 in
546 2596 625 2647 simili
648 2597 792 2659 locutione,
818 2596 863 2647 sed
885 2612 983 2663 semper
1007 2595 1147 2663 singulari,
1173 2602 1204 2646 ut
1227 2596 1305 2646 docui
1324 2594 1355 2645 ad

226 2665 308 2716 Carm.
328 2664 349 2728 I,
369 2667 409 2717 24.
428 2681 451 2713 v.
473 2666 495 2716 8.
516 2670 541 2715 et
559 2665 630 2714 alibi.

296 2735 320 2785 4.
355 2732 435 2784 Nibil
451 2733 567 2797 amplius
585 2735 642 2795 oro]
678 2731 765 2783 Scribe
790 2749 820 2782 cx
843 2733 901 2799 plus
925 2732 1009 2783 decem
1028 2733 1121 2783 nostris
1139 2731 1285 2792 codicibus,
1306 2745 1353 2781 nm

231 2800 348 2867 amplius
366 2817 428 2851 oro:
446 2804 472 2850 et
491 2801 527 2849 sic
546 2801 659 2865 quinquo
676 2800 821 2850 Pulmanui.

297 2871 338 2923 10.
375 2868 395 2918 0
417 2871 443 2918 si
465 2883 564 2919 umam
589 2871 698 2933 argenti
720 2867 779 2928 fors
803 2884 855 2934 qna
879 2868 948 2918 mibi
968 2869 1106 2928 monstret]
1146 2868 1188 2916 lta
1211 2865 1273 2916 libri
1296 2868 1354 2932 post

226 2936 319 2987 Aldum
337 2937 437 3001 excusis
456 2952 520 3001 oon,
537 2935 566 2986 id
584 2941 629 2999 est,
647 2940 723 3001 siquo
731 2941 821 3002 puoto,
839 2938 917 3001 siqua
935 2938 1054 2985 ratione:
1075 2934 1139 2985 unde
1157 2935 1354 2985 dormitantibus

224 3004 269 3055 hic
294 3005 495 3071 interpretibus,
521 3004 659 3054 etiamnum
683 3004 866 3054 circumfertur.
909 3006 942 3053 At
965 3004 1065 3069 priscae
1090 3002 1215 3053 editiones
1239 3008 1303 3066 tres,
1331 3004 1355 3051 et

226 3072 365 3125 Pulmanui
381 3073 581 3137 Bemmanniqua
600 3072 694 3138 plures,
712 3088 797 3122 omnes
817 3072 925 3135 deniqne
943 3085 958 3120 a
974 3070 1049 3121 nobis
1067 3071 1115 3120 risi
1135 3072 1248 3130 codices3
1277 3070 1355 3134 „Ori

226 3156 325 3192 urnam
344 3143 452 3205 argenti
467 3141 526 3202 fors
544 3152 616 3193 onan
634 3140 701 3190 mibi
717 3141 876 3190 monstrat“:
895 3145 1072 3206 praeterquam
1090 3139 1156 3204 quod
1166 3140 1263 3202 Regius
1281 3140 1354 3189 habet

225 3223 319 3261 cusu:
338 3208 378 3271 „0
395 3211 421 3257 si
438 3222 518 3273 quom
535 3223 633 3258 urnam
651 3212 760 3273 urgenti
773 3209 832 3270 forr
849 3209 917 3258 milri
932 3209 1088 3257 monstret.“
1117 3207 1164 3257 Sed
1179 3208 1264 3272 placet
1276 3206 1353 3271 Quae,

227 3274 297 3339 quod
321 3276 434 3341 plurium
457 3275 609 3325 auctoritate
634 3275 749 3326 fulcitur.
792 3277 812 3326 0
836 3278 929 3341 siquae
951 3275 1010 3336 fors
1034 3290 1132 3325 urnam
1159 3280 1268 3339 argenti
1292 3275 1354 3326 meti

228 3347 365 3396 monstret.
401 3342 500 3407 Siquos
516 3341 583 3405 sors,
601 3346 630 3392 ut
649 3342 710 3395 alibi
727 3345 812 3408 siquis
832 3358 916 3395 corus.
952 3344 1030 3395 Serm.
1051 3344 1087 3394 11.
1105 3345 1129 3394 5.
1147 3360 1170 3391 v.
1190 3346 1231 3394 49.
1259 3342 1352 3409 „siquis

229 3425 302 3460 casus
317 3425 432 3476 patarum
451 3412 536 3475 egerit
553 3412 643 3462 orco.“
668 3410 802 3462 Terentius
820 3412 923 3478 Hecyra
937 3412 986 3473 III,
1005 3413 1028 3463 3.
1049 3429 1072 3461 v.
1083 3412 1124 3464 26.
1150 3410 1290 3476 „Quaeque
1307 3412 1352 3461 fors

224 3478 340 3539 fortuna
358 3482 411 3541 ast,
429 3480 532 3544 inquit,
550 3481 627 3529 nudis
645 3494 715 3544 quac
733 3485 757 3529 ta
776 3479 856 3530 bodie
874 3481 996 3530 obtulit.“
1031 3478 1157 3544 Virgilius
1175 3483 1237 3528 Aen.
1257 3481 1298 3542 11,
1316 3480 1351 3532 94.

225 3551 272 3611 „et
286 3561 336 3611 me,
362 3546 413 3597 fors
431 3547 505 3611 siqua
523 3546 633 3604 tulisset,
661 3548 775 3597 Promisi
791 3548 933 3601 aliorcrn.“
960 3551 986 3597 et
1002 3545 1063 3610 VH,
1082 3549 1140 3599 559.
1183 3546 1269 3610 „Cede
1286 3548 1353 3598 locis.

225 3630 292 3680 ego,
320 3615 394 3679 siqua
410 3630 492 3680 anper
508 3614 612 3665 fortuna
630 3615 752 3666 laborum
770 3617 836 3665 ert.“
863 3614 908 3677 IX,
927 3617 968 3667 41.
1004 3615 1101 3678 „siqua
1127 3617 1230 3664 inter-ea
1259 3615 1352 3665 fortuna

224 3683 350 3745 fnisset.“
385 3687 410 3733 et
428 3684 485 3735 214.
513 3684 605 3748 „siqua
632 3682 662 3733 id
687 3682 790 3732 fortuna
818 3685 942 3734 vetabit.“
976 3683 1028 3744 XI,
1062 3684 1119 3735 128.
1155 3682 1208 3744 „Et
1236 3688 1260 3733 tc
1287 3684 1352 3748 siqua

227 3755 299 3801 viam
317 3750 422 3801 dederit
438 3751 577 3812 forianu.“
601 3751 633 3800 ad
651 3766 715 3816 quae
734 3751 857 3816 exempla,
875 3752 940 3802 forte
958 3756 984 3801 et
1001 3750 1071 3801 illud
1082 3750 1114 3815 Χ,
1125 3752 1184 3802 458.
1207 3751 1270 3813 „Ira
1282 3754 1352 3817 prior

227 3818 332 3882 Pallar‚·
358 3820 381 3869 si
406 3821 457 3884 qua
473 3819 531 3880 fors
549 3817 658 3869 adiacet
675 3835 769 3869 aarum
788 3818 900 3869 Viribus
918 3819 1105 3885 imparibns“;
1132 3819 1169 3868 sic
1187 3819 1351 3883 retingendum

225 3888 284 3948 erit,
303 3887 407 3952 „siquae
425 3886 476 3936 sors
496 3887 605 3937 adiuuat
621 3888 747 3937 aasum“:
773 3892 804 3937 ut
824 3887 958 3938 Terentius
975 3886 1035 3937 Prol
1043 3903 1091 3951 ogo
1107 3886 1249 3938 Heautont.
1267 3890 1300 3949 [v.
1316 3887 1351 3947 44]

225 3954 339 4019 „Siquos
357 3955 490 4005 laboriosa
509 3960 554 4017 est,
574 3955 610 4004 ad
625 3970 667 4005 me
685 3957 836 4007 curritur.“
861 3955 927 4005 Nam
945 3956 1032 4019 ethic,
1055 3961 1155 4020 praeter
1164 3955 1353 4005 vetustissimum

227 4022 386 4085 Bembinum,
404 4023 483 4072 ceteri
501 4038 587 4074 omnes
605 4023 704 4073 codices
722 4026 799 4088 siquo
821 4023 928 4085 habent,
947 4023 1008 4073 lieet
1025 4039 1104 4073 versu
1123 4023 1131 4072 i
1152 4039 1179 4072 so
1197 4028 1352 4088 repugnante.

225 4090 271 4139 Sic
289 4094 315 4140 et
332 4089 401 4155 apud
418 4089 566 4141 Ciceronem
582 4090 671 4140 multis
687 4090 751 4141 locis
767 4095 878 4156 siquae,
896 4092 1044 4157 naqadein
1067 4038 1219 4142 membranis
1237 4089 1353 4141 veteribus

225 4160 330 4217 extant,
348 4157 393 4206 ubi
408 4156 483 4206 hodie
501 4162 579 4223 siquo
597 4162 622 4207 et
639 4173 726 4223 neqna
745 4158 969 4211 circumferuntur.
1005 4159 1075 4210 Vide
1092 4159 1257 4209 Franciseum
1274 4159 1353 4209 Fabri·

228 4223 296 4273 tium
313 4223 345 4273 ad
362 4222 415 4274 Cic.
434 4224 506 4277 oruc.
524 4226 559 4286 Π,
577 4226 618 4277 21.
