2834 4758
133 290 137 297 .
178 230 241 295 326
385 244 417 304 o.
440 244 582 293 noanrn
603 245 726 294 rancor
750 245 890 293 necnon
911 245 1021 292 amna.
1044 242 1083 292 rr.

261 379 444 445 Fastidiose
467 380 567 445 tristis
589 380 794 462 aegrimonia.

260 466 419 530 Vectabor
440 465 581 531 humeris
604 472 678 530 tuno
700 486 761 548 ego
783 464 919 530 inimicis
942 484 1057 546 eques3

218 566 248 614 75
263 551 418 631 Meaeque
441 557 525 615 terra
547 552 640 616 cedet
661 551 859 616 insolentiae.

259 638 310 701 An
332 655 415 718 quae
437 655 565 701 movere
588 656 697 702 cereas
717 635 886 716 imagines,

260 723 315 801 (Ut
335 721 406 807 ipse
428 720 511 785 nosti
533 720 690 797 curiosus)
714 728 746 786 et
767 721 840 806 polo

259 806 414 905 Deripere
436 805 545 870 lunam
567 806 698 871 vocibus
721 806 841 892 possim
865 806 953 882 meio,

259 894 384 957 Possim
406 897 563 956 crematos
585 890 727 956 excitare
748 896 900 969 mortuos,

215 991 246 1041 ao
259 975 473 1057 Desiderique
495 982 673 1061 temperare
695 977 826 1061 pocula3

260 1063 385 1127 Plorem
407 1060 486 1125 artis
508 1061 540 1125 in
563 1067 594 1126 te
616 1062 661 1125 nil
684 1062 810 1143 agentis
833 1059 979 1125 exitum?

412 1179 436 1214 v.
454 1164 494 1214 78.
513 1167 539 1213 et
556 1165 597 1215 79.
614 1162 689 1227 Vulg.
709 1163 825 1211 Parrum.
861 1162 901 1214 80.
920 1160 1055 1210 Paculam.

173 1262 248 1313 (lons.
270 1263 381 1314 Honorii
398 1266 456 1316 378.
492 1263 683 1328 „Palladiaque
701 1279 784 1313 comas
809 1264 916 1313 innexus
934 1260 1059 1311 arundine
1080 1259 1200 1311 Triton.“
1228 1265 1254 1310 et
1271 1261 1302 1309 11

174 1334 205 1381 de
222 1333 308 1395 Rapta
326 1334 443 1397 Proserp.
458 1334 516 1385 368.
550 1330 716 1397 „Mutuaqae
734 1331 845 1381 alterata
861 1331 985 1380 innectite
1003 1330 1069 1379 colla
1086 1328 1215 1379 lacertis.“
1234 1331 1301 1377 Pru·

174 1399 275 1449 dontius
294 1399 503 1464 Peristephanou,
521 1398 553 1462 X,
572 1402 630 1452 353.
667 1401 780 1460 „innexa
798 1399 880 1449 crines
898 1397 1179 1462 vinculisrcgalibaa.“
1198 1402 1224 1446 et
1236 1398 1301 1462 Pay-

173 1468 253 1518 chom.
274 1469 332 1518 357.
358 1469 418 1531 „laia
435 1468 541 1532 rigidae
558 1467 631 1517 nodis
658 1468 785 1518 innectier
801 1467 901 1516 ulnas.“
936 1467 1026 1525 Vides,
1052 1466 1156 1530 opinor,
1184 1464 1300 1514 adhaec

174 1535 288 1599 exempla
305 1535 440 1585 dicendum
450 1536 553 1586 omnino
563 1535 649 1596 luisse,
666 1535 850 1600 „Facete-aque
861 1535 956 1585 uinclis
962 1539 1060 1599 guttur
1069 1537 1186 1583 innectar
1195 1534 1303 1595 traamf‘

173 1619 225 1654 uon
244 1608 274 1651 ut
291 1619 359 1652 nunc
377 1603 561 1665 circumfertur,
579 1603 763 1668 „Fr-aetraque
780 1603 870 1653 vincla
886 1604 994 1668 gutturi
1004 1603 1203 1652 irraeeteatao.“
1220 1600 1302 1650 Haud

173 1672 241 1724 enim
259 1675 351 1721 temere
369 1671 406 1722 sic
423 1672 534 1736 positum
552 1672 667 1722 invenies
685 1672 753 1736 apud
770 1670 850 1721 bonos
867 1672 1011 1736 scriptores.
1045 1670 1076 1719 In
1085 1685 1163 1718 unum
1173 1668 1303 1719 duntaxat

171 1739 213 1789 vel
231 1739 336 1789 alterum
354 1739 438 1790 locum
456 1740 551 1791 incidi:
570 1743 600 1791 nt
612 1739 719 1789 Arnobii
728 1738 774 1791 lib.
782 1740 830 1788 III.
848 1755 874 1805 p.
886 1741 942 1791 146.
961 1738 1033 1788 Edit.
1044 1737 1151 1787 Heraldi
1163 1740 1230 1802 [cap.
1240 1738 1301 1799 2713

173 1807 364 1869 Inueniuntur,
388 1809 438 1869 ait,
464 1810 609 1859 cer-vicibus
633 1810 737 1872 laquei:
760 1823 847 1857 verum
864 1807 940 1857 huius
957 1806 1023 1856 levis
1039 1811 1077 1855 est
1094 1804 1248 1865 auctoritas,
1274 1811 1301 1854 et

172 1875 279 1925 fortasse
303 1876 452 1941 scripserat,
477 1881 628 1926 nectamur.
663 1876 782 1925 Et-Silii
799 1875 887 1926 Italici
903 1875 948 1936 XI,
967 1876 1024 1926 250.
1044 1875 1114 1937 [241]
1138 1873 1217 1935 „huic
1236 1888 1300 1937 age·

174 1944 237 1993 darm
255 1946 327 2006 (nam
345 1960 394 1994 car
411 1944 526 2009 indigua
543 1944 671 2006 feramur)
690 1943 872 2008 Magnanimo,
891 1943 974 2005 miles,
991 1944 1101 1992 meatim
1117 1941 1220 1991 innecte
1230 1946 1300 1991 cate·

172 2012 245 2062 nas.“
278 2011 372 2062 Verum
390 2013 452 2062 haec
470 2012 562 2077 opinor
579 2011 647 2061 hand
666 2011 726 2061 Silii
743 2011 840 2061 locutio
855 2016 900 2073 est,
919 2011 963 2061 sed
981 2008 1156 2060 librariorum:
1174 2009 1212 2060 sic
1231 2010 1300 2059 enirn

173 2081 288 2145 corrigo,
311 2080 523 2144 „Magnaar'mm
547 2080 635 2141 miles,
661 2082 771 2130 meritae
787 2080 812 2141 i,
830 2084 903 2129 necte
922 2081 1056 2130 eatenar.“
1091 2078 1213 2142 Sequitur
1230 2078 1301 2128 urim

172 2163 231 2198 mox
249 2164 321 2199 versu
339 2150 398 2200 258.
417 2150 486 2211 [249]
522 2147 577 2211 „Ar
593 2148 699 2211 Decius,
718 2148 781 2197 dam
799 2148 887 2198 vincla
898 2148 992 2212 ligant,
1010 2148 1090 2196 Necte
1099 2149 1181 2209 caius,
1200 2148 1299 2210 inquit,

172 2214 243 2266 Nam
262 2218 300 2265 ric
317 2216 495 2267 Hannibalem
513 2216 587 2266 decet
603 2218 760 2277 intr-coiere,
784 2219 912 2266 catenas.“
947 2216 1063 2280 Denique
1081 2219 1106 2264 et
1124 2213 1202 2264 Statii
1220 2212 1299 2263 Theb.

172 2283 217 2345 IV,
235 2285 276 2336 26.
310 2283 428 2349 „Haeret
445 2286 531 2334 amica
549 2299 660 2334 mantra:
686 2289 791 2334 certant
806 2284 935 2334 innectere
953 2282 1019 2333 collo
1036 2283 1162 2332 Brachia.-
1186 2297 1300 2332 manan-

173 2357 262 2417 tesque
287 2351 377 2402 corales
402 2354 464 2403 tino
488 2352 578 2403 orcula
605 2354 729 2416 turbant,
755 2352 823 2403 Hinc
840 2354 936 2416 magni
952 2351 1040 2415 caliga
1058 2351 1169 2400 maris.“
1205 2350 1300 2399 Sedet

172 2420 214 2537 ilc
241 2420 305 2470 forte
332 2421 524 2485 corrigendum:
559 2421 676 2484 „Haeret
701 2423 788 2471 amica
813 2435 924 2484 manas,
959 2419 1075 2469 certatim
1101 2422 1201 2469 nectere
1229 2418 1300 2469 eollo

197 2489 320 2539 rachia.“

241 2559 281 2607 78.
300 2558 325 2606 et
343 2557 384 2607 ta.
421 2555 536 2606 Vocibra
550 2571 658 2621 porram
675 2557 753 2615 mele,
771 2554 880 2605 Parrum
900 2557 1039 2617 crematae]
1074 2553 1224 2619 Legendum
1242 2569 1300 2603 cnm

172 2622 328 2673 editionibus
346 2623 469 2686 antiquis,
486 2628 512 2673 et
529 2623 658 2688 plerisque
675 2623 814 2683 codicibus,
832 2624 927 2673 nostris
944 2627 1011 2674 certe
1029 2623 1061 2672 ad
1077 2639 1158 2672 unum
1173 2620 1301 2683 omnibus,

173 2690 321 2757 „Decipere
338 2691 412 2740 caelo
430 2691 537 2740 vocibus
554 2692 649 2756 possim
666 2695 739 2754 meir,
758 2691 857 2740 Possim
866 2696 996 2741 crematas
1014 2693 1135 2741 caecitare
1151 2692 1301 2741 mortuos.“

241 2759 283 2808 80.
321 2755 479 2822 Temperare
496 2759 631 2822 pacatam]
650 2759 737 2808 Placet
754 2759 843 2823 magis,
862 2758 929 2823 qnod
946 2759 975 2808 in
991 2759 1086 2809 nostris
1100 2758 1231 2820 Leidensi,
1249 2758 1300 2807 Zu-

172 2826 232 2874 lielr.
251 2824 404 2889 Reginorum,
422 2825 628 2890 Magdalenensi,
654 2827 806 2890 Bodleiano,
833 2827 928 2891 Regiae
946 2827 1095 2888 Societatis,
1120 2832 1147 2876 et
1164 2842 1211 2891 pro
1228 2826 1301 2876 varia

172 2893 282 2943 lectione
299 2893 416 2942 Patrensi
434 2893 586 2959 invenimus,
604 2893 795 2959 „Decideriqae
814 2900 963 2959 temperare
979 2894 1097 2959 pocula.“
1132 2896 1214 2944 Norat
1231 2895 1300 2944 euim

172 2960 282 3010 Canidia
300 2961 374 3026 plura
392 2961 545 3025 philtrorum
564 2967 589 3013 et
605 2964 738 3027 potionum
756 2978 849 3027 genera
867 2963 1003 3013 conficere:
1022 2963 1089 3012 unde
1106 2962 1165 3026 ipsa
1182 2962 1298 3011 sicVaro

172 3031 285 3081 minatur
301 3028 385 3095 apoc.
407 3029 437 3080 V.
455 3046 478 3080 v.
498 3033 538 3083 73.
573 3029 653 3095 „Noa
671 3032 782 3091 usitatis,
802 3029 881 3092 Vara,
900 3030 1049 3095 potionibus
1067 3029 1299 3081 Admerecarres.

171 3098 257 3149 Maius
272 3099 386 3164 parabo,
405 3099 486 3149 maius
503 3098 646 3159 instandum
666 3101 715 3148 titi
730 3098 894 3149 Fastidienli
910 3100 1056 3164 poculum.“
1090 3099 1161 3163 Ergo
1177 3099 1235 3160 hic,
1255 3097 1301 3147 ubi

172 3166 203 3215 de
222 3170 275 3216 arte
293 3171 319 3215 ot
334 3167 452 3232 potentia
470 3183 515 3216 sna
532 3167 665 3232 gloriatur,
680 3168 780 3232 poarala
799 3168 880 3231 magis
897 3168 1023 3217 convenit.
1058 3166 1121 3215 Tum
1131 3172 1157 3216 et
1165 3167 1213 3215 hoc
1223 3171 1301 3231 pacto

171 3234 278 3297 effugies
296 3233 409 3284 odiosum
428 3235 646 3284 homoeoteleuton
666 3250 751 3284 versus
769 3236 912 3299 sequentis,
928 3235 1064 3300 periclum,
1083 3238 1192 3284 accitam.
1228 3233 1301 3284 Oete·

172 3317 228 3350 ram
247 3316 276 3349 ex
294 3302 341 3351 hoo
359 3302 445 3352 metiri
462 3303 544 3367 possis
562 3304 734 3368 interpretum
753 3301 928 3367 diligentiam
955 3303 999 3368 qui
1017 3303 1113 3353 nnllam
1132 3302 1300 3351 variationem

171 3369 200 3417 in
219 3368 271 3416 suis
289 3368 420 3419 codicibus
437 3378 590 3421 memorant:
609 3371 691 3433 oredo,
711 3371 771 3434 quia
787 3371 913 3436 poculum
934 3372 1028 3422 iamin
1047 3369 1165 3420 omnibns
1177 3370 1299 3421 editioni·

172 3434 220 3484 bus
238 3440 367 3499 receptum
385 3441 446 3488 erat.
