2840 4752
193 238 256 303 460
585 252 617 313 a.
639 253 781 301 nasim
800 252 925 301 runem

256 382 329 450 Non
351 393 401 452 est
420 386 578 473 periurus,
600 405 705 470 neque
726 385 885 453 sordidus.
927 384 1059 452 inmolet
1078 385 1210 469 aequis

195 482 240 536 tet
260 470 321 537 Hic
341 491 473 556 porcum
494 472 642 538 Laribus.
684 491 796 538 verum
817 469 1006 537 ambitiosus
1027 475 1060 536 et
1079 471 1217 537 audax.

257 554 397 638 Naviget
416 556 611 657 Anticyram.
655 554 734 640 quid
755 555 838 623 enim
860 555 977 633 differt,
999 555 1173 621 balatrbne

256 642 367 708 Dones
387 640 540 726 quiequid
561 642 671 719 babes,
693 661 931 725 ennumquam
952 646 1043 707 utare
1064 641 1230 726 paratis?

258 724 391 794 Servius
411 727 571 815 Oppidius
593 726 800 793 amusium
823 725 964 812 praedia,
986 725 1078 792 dives

544 845 567 879 r.
591 827 667 895 vulg.
703 829 758 882 lea
775 826 953 881 Barattraas.

193 929 341 981 Priscianus
356 942 383 996 p.
402 929 460 991 691,
485 929 531 981 ubi
554 934 580 981 et
603 935 654 981 tres
677 928 863 993 manuscriptos
885 928 913 979 in
937 928 1023 980 eadem
1039 927 1147 980 lectione
1168 927 1337 979 consentire

193 996 262 1060 ridi,
288 995 384 1060 ‚‚and
402 998 472 1048 letas
489 1004 538 1049 aat
554 1013 631 1049 renes
647 999 739 1048 morto
756 1001 888 1048 tentantur
906 1000 1012 1050 acato.“
1048 996 1125 1060 aare
1141 995 1337 1048 indicativum

192 1066 295 1117 modum
310 1065 353 1116 hia
371 1064 478 1131 recipit,
504 1071 534 1116 ut
556 1082 634 1131 supra
657 1081 681 1117 r.
701 1066 757 1117 lea.
793 1080 841 1127 „eo
864 1065 932 1129 qnod
950 1063 1073 1116 lissima
1087 1081 1154 1131 parc
1175 1065 1336 1116 laomim

192 1134 286 1184 morta
308 1133 419 1183 iactatur
443 1133 559 1185 eodem.“
594 1135 735 1184 Revooetur
757 1133 844 1196 itaque
867 1132 974 1199 antiqua
998 1133 1142 1198 scriptura,
1167 1132 1260 1184 nullo
1286 1147 1336 1182 sue

192 1201 283 1252 memte
300 1201 331 1252 de
348 1201 425 1252 avitis
440 1201 544 1252 sedibus
561 1200 674 1269 depulsa
708 1201 825 1250 (laterum
849 1201 964 1252 imitatus
986 1205 1025 1252 est
1041 1202 1150 1252 Serenus
1167 1198 1336 1252 Sammoni-

194 1285 239 1320 cus
250 1284 307 1334 cap.
316 1270 365 1319 ΙΙΙ.
382 1270 435 1332 [113
452 1285 476 1319 v.
488 1268 530 1337 29]
556 1271 664 1332 „Por-tio
682 1272 708 1319 ri
715 1272 811 1334 capitis
828 1267 916 1318 morbo
934 1272 1156 1320 tenteturacuto.‘⁴
1174 1267 1332 1323 etxxm.

192 1335 294 1401 [xx11;
312 1353 335 1388 v.
354 1338 414 1401 39¹2]
449 1337 499 1400 „St
516 1339 586 1388 tatur
603 1340 764 1388 immeritam
782 1335 872 1386 morbo
889 1341 1002 1387 tentatur
1019 1341 1121 1388 acuto.“

263 1407 319 1458 166.
354 1404 524 1456 Baralirem
540 1406 629 1456 Dones
646 1404 775 1472 quicquid
790 1405 879 1467 baba]
904 1406 959 1455 Iam
976 1404 1046 1466 olim,
1062 1410 1092 1454 ut
1108 1420 1140 1456 ex
1156 1402 1333 1456 Scholiastis

193 1471 276 1525 dicere
290 1472 368 1536 licet,
391 1471 461 1523 locus
477 1473 519 1523 hic
537 1472 670 1538 ambiguae
688 1479 744 1523 erat
759 1470 887 1522 lectionis.
920 1473 1008 1523 Plures
1025 1472 1127 1538 quidem
1144 1473 1276 1535 codices,
1302 1474 1331 1521 et

193 1539 318 1620 editiones
333 1557 419 1590 omnes
433 1541 536 1602 habent,
553 1541 724 1593 Baralirem
733 1540 826 1591 aona:
844 1539 913 1605 qnod
930 1541 987 1602 erit,
1004 1542 1032 1591 iu
1051 1545 1163 1591 ventrem
1180 1546 1212 1591 et
1232 1537 1329 1604 inglu·

192 1607 918 1742 tttlllltlss‘0r.:ttb⁸t.¹c.tb.t¹..tt'.tt
937 1608 1328 1742 :ltttltrttttsspttt

192 1742 275 1800 Quam
299 1750 383 1795 tamen
406 1745 429 1794 si
452 1745 581 1805 admittis3
608 1744 665 1795 vide
688 1760 773 1794 annon
797 1744 939 1809 elegantius
962 1760 1081 1810 reponere
1099 1744 1182 1809 possis
1200 1745 1326 1795 damner

192 1826 240 1878 pro
258 1810 352 1865 doner:
379 1813 463 1878 „quid
479 1816 549 1863 euim
567 1813 673 1876 differt,
700 1813 863 1863 barathrone
879 1813 989 1863 Damnes
1006 1812 1135 1878 quicquid
1156 1813 1258 1874 trabes,
1285 1825 1322 1861 aa

192 1895 337 1963 numquam
361 1886 439 1963 utape
461 1883 600 1965 paratmt‘
630 1885 661 1931 ut
683 1879 805 1963 §idonius
828 1879 984 1945 Apollinaris
1007 1880 1137 1978 camp.
1161 1896 1231 1934 vers.
1257 1879 1322 1932 325.

191 1946 1321 2092 ltttetmtt‘till:‘lmlt'ttttltl‘ttttlttlt....memb

190 2087 278 2135 noster
295 2086 368 2149 (quos
385 2099 458 2135 versu
476 2084 574 2135 demum
592 2086 643 2137 224
665 2083 815 2148 insectatur)
839 2083 883 2134 sed
907 2085 1059 2136 ambitiosae
1085 2089 1112 2134 et
1127 2084 1249 2135 audaces
1272 2082 1318 2132 bic

191 2150 310 2217 sugillat,
340 2156 369 2202 nt
392 2158 459 2203 recte
482 2152 549 2203 vidit
571 2153 610 2202 vir
634 2152 750 2217 egregius
768 2152 832 2205 Dan.
850 2151 981 2203 Heinsius.
1016 2151 1206 2204 consideranda
1222 2153 1317 2215 itaque

192 2224 232 2270 est
248 2219 307 2282 alia,
326 2235 401 2285 quam
418 2221 585 2286 suppeditant
603 2219 701 2270 codices
719 2221 801 2270 nostri
818 2220 969 2285 Baginensis
987 2225 1013 2270 ct
1029 2219 1165 2281 Galeanus,
1187 2225 1214 2272 et
1232 2218 1315 2270 Scho-

191 2287 282 2339 liastae
300 2304 399 2353 quoqne
417 2294 571 2353 agnoscunt3
599 2287 683 2355 „qaid
699 2291 768 2338 caim
787 2288 887 2351 differt,
910 2287 1008 2338 balatro
1024 2304 1057 2338 ne
1074 2289 1163 2338 Donec
1180 2283 1315 2353 quiequid

191 2357 278 2419 lates,
305 2371 341 2406 aa
359 2372 503 2422 numquam
520 2362 598 2407 atara
623 2358 764 2422 paratirb‘
790 2356 838 2406 boc
865 2360 911 2419 est,
938 2355 1019 2406 dones
1045 2372 1080 2406 ae
1105 2361 1131 2407 et
1154 2353 1315 2422 profundas

191 2423 323 2489 quicquid
348 2426 434 2488 babor,
462 2430 492 2474 at
509 2424 622 2475 balatro.
658 2424 760 2474 Balatro
787 2428 871 2474 autem
898 2428 936 2474 est
961 2425 1036 2474 bama
1062 2423 1154 2488 nihili,
1181 2422 1311 2484 decoctor,

191 2490 237 2557 qui
254 2507 301 2541 sua
317 2491 395 2543 stulta
420 2492 542 2558 prodigit.
578 2493 683 2542 Glossae
700 2490 828 2543 Labbaci:
850 2484 976 2552 Ἄσωτος,
1000 2495 1157 2557 pancarius,
1183 2492 1312 2542 tamaric-

190 2574 249 2621 em,
267 2559 411 2624 prorogas,
427 2561 569 2626 proferor,
586 2565 750 2624 sumtuosa,
770 2559 901 2610 balatro.“
935 2559 1015 2610 Varro
1033 2560 1064 2611 dc
1080 2560 1118 2610 Re
1135 2560 1208 2610 Rust.
1226 2560 1265 2620 ΙΙ,
1285 2559 1311 2609 5.

192 2627 219 2693 [ὅ
239 2629 263 2689 1]
295 2627 413 2690 „Videte
431 2630 486 2678 iam
503 2644 556 2690 cce,
574 2631 671 2694 inquit,
688 2626 840 2690 balatrones,
858 2633 886 2678 et
900 2628 953 2678 tac
970 2627 1082 2690 afferam
1098 2643 1186 2678 meam
1205 2630 1309 2679 carim

192 2700 218 2745 et
233 2696 351 2759 flagra.“
384 2695 521 2746 Lucretius
537 2697 593 2756 ΙΙΙ,
616 2697 673 2749 968.
699 2697 769 2759 [954]
805 2695 909 2759 „Auser
927 2696 1024 2747 attiae
1041 2694 1181 2760 lacrimas,
1198 2693 1309 2750 beletro.

191 2767 376 2831 eticompesce
398 2764 546 2828 queretur.“
580 2765 621 2814 Ita
644 2764 773 2815 verissime
794 2763 938 2814 emendavit
954 2763 1010 2814 Nic.
1028 2764 1152 2815 Heinsius
1168 2762 1202 2814 ad
1220 2760 1309 2814 Ovidii

189 2831 274 2880 Amor.
293 2830 342 2892 ΙΙΙ,
361 2833 384 2883 3.
404 2834 435 2894 [v.
453 2834 476 2895 l]
495 2848 551 2882 cum
569 2832 661 2897 scripti
678 2832 777 2882 codices
794 2831 833 2882 ibi
851 2831 978 2884 baratttro
996 2829 1114 2893 habeant,
1131 2835 1162 2881 ut
1178 2831 1222 2881 bic
1240 2827 1308 2897 apud

190 2896 317 2950 Flaccum.
343 2899 459 2950 Profecto
472 2914 518 2950 sna
528 2916 554 2950 se
571 2899 695 2950 facilitate
713 2905 739 2950 et
755 2898 871 2949 bonitate
887 2899 950 2949 satis
966 2899 1124 2950 sommendat
1140 2899 1204 2949 baec
1220 2898 1307 2959 lectio,

189 2965 350 3017 Balatrdae:
369 2972 444 3032 atque
462 2967 527 3019 illud
544 2968 612 3018 haud
630 2968 709 3018 levem
727 2967 751 3018 ei
768 2968 876 3032 gratiam
894 2967 1023 3030 conciliat,
1041 2967 1108 3031 quod
1125 2967 1183 3018 Nic.
1194 2967 1306 3019 Heinsio

189 3033 329 3099 placuerit:
355 3034 437 3086 adhuc
461 3044 544 3087 tamen
568 3040 647 3086 restat
669 3035 763 3096 altera,
786 3036 814 3086 in
837 3034 935 3087 dnobus
959 3034 1090 3086 codicibus
1113 3051 1129 3085 a
1150 3037 1306 3102 Bersmmrm

189 3106 297 3168 reperta,
315 3119 379 3166 qnae
396 3103 512 3154 fortassis
530 3104 646 3154 omnibus
658 3103 767 3169 palmam
781 3103 926 3169 praeripere
938 3119 984 3154 suo
994 3104 1049 3154 iure
1066 3106 1202 3156 mereatur.
1223 3100 1308 3169 ‚pisid

189 3172 259 3220 enim
272 3169 371 3233 differt,
388 3169 517 3222 balatroni
527 3172 615 3222 Dones
625 3172 754 3237 quicquid
764 3172 850 3235 trata,
868 3187 903 3239 ap
918 3187 1063 3236 aramqaam
1076 3177 1155 3222 artare
1164 3168 1304 3238 pmamr‘

189 3236 262 3287 Certe
280 3238 408 3302 particula
425 3238 579 3289 disiunctiva
596 3237 640 3290 Ne
655 3245 710 3290 tuto
728 3240 788 3290 hinc
805 3238 891 3290 abasse
908 3245 1006 3304 potcst3
1032 3244 1062 3290 ut
1078 3239 1163 3305 Epist.
1181 3240 1224 3301 11,
1241 3241 1265 3292 2.
1282 3254 1304 3289 r.

191 3307 247 3357 166.
274 3305 365 3368 „Qum
381 3306 473 3368 refert,
493 3310 566 3356 etuas
582 3314 723 3357 camerato
740 3323 835 3373 reaper,
854 3308 994 3357 anatimt“
1012 3312 1037 3358 et
1046 3308 1125 3360 Serm.
1134 3307 1170 3368 ΙΙ,
1190 3310 1213 3359 Ι.
1231 3307 1304 3360 ab&

189 3371 279 3437 „Quid
295 3373 392 3434 refert,
410 3377 457 3424 ari
472 3376 557 3439 virgis
570 3373 697 3440 ferroque
714 3378 808 3427 reccare'
830 3376 994 3426 Auctoratus
1012 3391 1072 3438 ear,
1090 3391 1123 3425 an
1142 3378 1219 3442 turpi
1235 3377 1303 3427 etac-

188 3457 234 3491 sur
258 3443 288 3490 tn
310 3443 411 3492 arcam
441 3443 495 3491 Iam
519 3447 603 3493 autem
626 3444 753 3494 sententia
775 3443 837 3507 erit,
863 3442 931 3499 Quid
954 3443 1054 3505 differt,
1081 3449 1200 3493 utrumne
1217 3457 1304 3494 aranu

188 3523 327 3573 numquam
350 3507 425 3560 rebus
448 3511 530 3576 partis
553 3515 638 3573 utare,
666 3526 704 3561 an
724 3510 874 3562 ambitiosus
898 3515 924 3561 et
947 3510 1042 3561 audace
1065 3511 1118 3562 siva
1135 3511 1304 3572 turbulentus,

189 3577 338 3641 seditiosus,
363 3576 430 3628 bona
452 3579 537 3629 omnia
560 3577 698 3644 profundas
721 3579 749 3629 in
767 3579 918 3644 aucupanda
934 3578 1017 3644 plebis
1034 3579 1119 3644 gratia
1134 3584 1161 3629 et
1178 3579 1303 3645 suffragiis

189 3646 330 3697 venandis?
355 3646 444 3698 Dones
462 3647 611 3711 balatrooi,
629 3652 659 3697 ut
676 3648 754 3699 Serm.
772 3648 799 3710 1,
817 3648 842 3699 2.
871 3664 897 3702 v.
914 3649 954 3699 56.
989 3645 1062 3710 „Qui
1078 3649 1198 3713 patriam
1216 3649 1303 3699 mimae

186 3714 267 3765 donat
289 3714 456 3779 fundumque
480 3715 640 3781 laremque.“
680 3714 840 3766 Balatroaes
864 3719 948 3765 autem
971 3719 997 3765 et
1019 3714 1143 3765 eiusmodi
1167 3714 1302 3766 nebulones

187 3781 285 3833 nullius
298 3781 379 3833 bonae
396 3783 477 3848 frugis
495 3784 587 3835 sectari
604 3788 629 3834 et
646 3783 775 3834 comedere
792 3782 907 3833 solebant
924 3783 1080 3845 ambitiosos,
1097 3782 1143 3848 qni
1158 3784 1302 3835 muneribus

187 3848 305 3916 ludisque
322 3851 483 3913 exhibendis,
509 3857 535 3901 et
551 3850 707 3919 pauperibus
725 3850 839 3917 sportula
856 3850 1023 3911 deliniendis,
1049 3850 1158 3915 aliisque
1181 3851 1302 3917 idpsum

188 3917 321 3982 sumtibus,
340 3918 424 3983 largos
439 3935 467 3971 sc
475 3918 648 3985 benignosque
666 3935 719 3971 esse
736 3925 763 3970 et
778 3918 868 3969 baberi
885 3916 1028 3970 studebant.
1055 3918 1128 3970 Unde
1144 3918 1212 3970 illud
1229 3920 1302 3971 initio

188 3985 317 4037 Sermonis
330 3986 351 4049 Ι,
369 3989 393 4051 2,
411 3988 435 4039 2.
461 3987 603 4052 „Mendici
621 3990 724 4048 mimae,
741 3985 894 4051 balatrones,
914 3988 964 4038 troc
979 4002 1065 4051 genas
1082 4002 1159 4038 amne
1175 3986 1301 4038 Moestum

188 4067 221 4104 ac
237 4054 384 4104 sollicitam
403 4059 441 4104 eat
458 4058 577 4105 cantoris
594 4060 679 4106 morte
700 4053 812 4120 Tigette'5
831 4055 934 4121 Quippe
950 4055 1077 4120 benignus
1095 4057 1180 4108 erat.“
1208 4056 1300 4106 Ferant

188 4135 288 4185 quoque
313 4121 373 4172 huic
397 4120 502 4172 lectioni
526 4123 716 4188 appositissima
741 4122 797 4173 loca
814 4122 919 4189 Vopisci
944 4124 972 4174 in
995 4122 1089 4173 Carino
1112 4137 1135 4174 c.
1153 4125 1194 4175 20.
1219 4128 1245 4174 et
1261 4125 1298 4176 el.

189 4189 221 4248 [c.
242 4190 273 4239 la
291 4193 318 4236 et
334 4190 377 4249 20]
395 4185 440 4237 ubi
458 4188 562 4239 lunium
579 4189 703 4253 quendam
718 4188 871 4254 Messallam,
887 4189 964 4256 plane
981 4190 1149 4241 cartaeorum
1165 4191 1235 4241 bunc
1251 4190 1299 4241 Hc·

1391 3768 1402 4005 l
