2810 4764
226 273 287 334 212
615 288 648 348 o.
670 288 811 337 nonum
831 288 954 336 mucor

284 421 486 488 5Aeternum
507 421 666 489 meditans
688 422 787 489 deeus

353 507 462 575 Stellio
484 506 635 593 inserere,
658 515 691 575 et
713 506 845 573 eonoilio
867 506 974 573 lovis?

309 591 422 657 Dicam
444 592 581 676 insigne,
604 612 723 670 reeens,
745 591 851 658 adbuc

349 676 507 743 Indiotnm
530 697 585 743 ore
607 678 680 744 alio.
723 697 787 744 non
806 696 902 744 seous
922 677 957 741 in
977 675 1063 760 iugis

307 760 428 828 Edonis
451 768 559 849 stupet
579 762 689 841 Euius,

268 858 299 908 1o
354 846 495 913 Hebrum
516 847 725 935 prospiciens,
748 852 781 914 et
801 846 874 913 nive
896 845 1065 912 candidam

618 983 642 1020 v.
660 968 684 1018 9.
703 965 779 1031 Vulg.
797 964 949 1016 necamus.

221 1097 296 1161 apide
312 1100 384 1149 sicca
402 1099 585 1167 bellipotens
603 1104 711 1167 tamque
726 1102 775 1151 hos
794 1099 915 1167 elipeum,
934 1102 989 1150 ium
1007 1101 1087 1151 vertit
1104 1099 1136 1150 ad
1153 1098 1239 1152 illos.“
1262 1100 1348 1150 Inusi-

222 1169 277 1214 tata
300 1170 383 1216 tamen
406 1168 468 1218 haee
491 1170 546 1219 visa
569 1174 630 1219 sunt
651 1166 726 1219 bonis
750 1168 890 1219 Librariis:
914 1184 972 1218 nam
989 1167 1103 1247 Virgilii.
1120 1168 1221 1232 quidum
1245 1168 1346 1248 oodiops

221 1233 704 1375 otllelslulltbsstmtb
716 1234 1347 1366 ‘totlttttllst‘{subtilitati

221 1369 360 1419 ruentibus
377 1371 457 1421 undet
475 1373 540 1423 Saxa
558 1388 607 1422 nee
624 1372 656 1423 ad
673 1377 765 1423 vastae
782 1372 918 1438 trepidare
935 1372 1039 1422 silentia
1057 1371 1164 1422 tunue“
1193 1374 1234 1422 lta
1253 1374 1347 1423 Noster

221 1436 306 1499 Epist.
324 1439 359 1499 ΙΙ,
380 1441 403 1499 1,
422 1442 463 1491 31.
483 1457 514 1490 ex
531 1445 618 1491 nostra
635 1440 825 1504 emendatione,
850 1438 919 1504 „Nil
934 1445 1010 1490 intra
1029 1445 1068 1489 est
1084 1440 1153 1499 olea,
1178 1440 1250 1490 sitit
1266 1447 1346 1491 extra

222 1508 262 1552 ert
277 1505 306 1553 in
323 1521 387 1555 nuoe
405 1507 494 1560 durt.“
529 1508 618 1574 Neque
636 1509 711 1559 aliter
718 1509 824 1571 Graeoi3
842 1514 873 1558 ut
881 1510 1014 1559 Anacreon
1023 1506 1105 1559 cerm
1116 1507 1163 1560 IX.
1173 1507 1243 1571 [XIV
1252 1509 1344 1574 Bergk,

222 1586 243 1621 v.
262 1572 306 1634 22]
342 1571 376 1622 Τι’
390 1570 444 1642 γάρ
461 1592 497 1644 με
522 1574 565 1627 δεῖ
580 1575 714 1628 πέτεσθαι
732 1578 772 1643 Op
816 1592 846 1628 τε
871 1573 917 1626 καὶ
935 1569 997 1626 κατ’
1026 1570 1143 1643 ἅργους,
1170 1581 1196 1626 et
1219 1575 1344 1628 XXXIII.

223 1637 305 1700 [XXV
330 1641 427 1706 Bergk,
455 1661 477 1693 v.
496 1646 522 1707 5]
557 1646 683 1712 Χειμῶνι
708 1636 735 1693 d’
761 1594 800 1699 eis
824 1643 950 1712 ἄφαντος
974 1646 1003 1694 Η
1018 1643 1118 1696 Νεῖλον
1143 1639 1192 1705 dni
1217 1643 1344 1711 Μέμφιν.

220 1707 336 1757 Ceterum
354 1715 403 1760 ortt
419 1726 492 1777 quoe,
510 1728 561 1762 non
580 1718 606 1763 et
622 1713 718 1764 hebent
734 1712 835 1763 oodioes
853 1712 1011 1774 vetustiores,
1029 1719 1059 1762 ut
1076 1728 1107 1762 ex
1123 1713 1218 1762 nostris
1233 1713 1344 1763 Leiden-

220 1775 269 1837 sis,
294 1777 464 1841 Graevianus,
488 1781 640 1845 Regimensis
657 1797 715 1831 ourn
732 1780 804 1831 aliis:
828 1797 910 1846 neque
934 1780 1009 1830 aliter
1027 1781 1130 1830 Servius
1152 1785 1178 1830 et
1195 1780 1344 1832 Prisoianns

214 1843 283 1893 loeis
299 1844 351 1895 iam
368 1846 462 1897 uitatis.
488 1847 593 1899 Codioes
610 1853 695 1899 tumen
712 1849 853 1911 Prieoiani,
871 1865 934 1914 quos
951 1849 1050 1900 versavi
1066 1852 1187 1912 quattuor
1203 1849 1301 1911 MStos,
1320 1854 1346 1899 et

219 1926 285 1976 quoa
302 1914 482 1978 praeferebant.
518 1917 638 1966 Frustra:
657 1917 783 1982 Virgilius
800 1917 889 1982 Eulog.
905 1917 937 1968 X.
957 1920 989 1979 [v.
1000 1919 1025 1980 9]
1060 1916 1153 1980 „Qum
1170 1932 1282 1968 nemora
1295 1921 1345 1967 ‘aut

221 1982 269 2045 qut
284 1996 331 2031 uos
347 1982 432 2032 sottus
449 1985 565 2035 bubum
581 1984 713 2050 puellae.“
1394 2048 1395 2053 ¹

286 2050 310 2099 9.
328 2049 472 2101 Eusommb
488 2058 577 2117 stupet
593 2052 686 2115 Euius]
705 2052 782 2113 Quid,
800 2052 879 2114 sodes,
897 2058 937 2102 est
953 2054 1086 2102 exsomnis
1103 2051 1208 2101 Euius?
1226 2051 1344 2116 Respon-

219 2114 314 2166 debunt
336 2118 505 2184 interpretes,
532 2136 567 2170 ae
589 2136 681 2171 somno
710 2126 880 2186 experrecta,
907 2120 1046 2185 sospitans.
1081 2120 1161 2184 Atqui
1183 2119 1232 2168 bot
1257 2120 1344 2184 ipsum
1394 2118 1395 2129 ¹

218 2183 386 2236 somnioulose
399 2188 538 2251 proferunt.
557 2188 701 2254 Numquam
715 2189 825 2239 enimes
842 2188 1033 2253 signifieatione
1050 2188 1176 2251 reperitur
1194 2190 1343 2247 enromai53

218 2252 261 2301 sed
279 2252 373 2318 ubique
390 2259 463 2306 notat
485 2259 622 2321 insomnis,
645 2260 703 2307 rino
719 2272 819 2306 somno.
843 2263 873 2306 ut
889 2256 980 2321 virgil.
998 2260 1060 2306 Aeu.
1078 2255 1129 2316 VI,
1147 2257 1206 2307 556.
1224 2254 1257 2305 de
1275 2255 1349 2305 Tisi·

218 2319 316 2384 phone:
347 2321 530 2387 „Vestibulum
548 2325 674 2377 exsomnis
691 2329 780 2374 servat
796 2331 937 2390 noctesque
954 2324 1087 2390 diesque.“
1121 2324 1200 2373 Silius
1218 2323 1278 2373 Ital.
1297 2323 1342 2373 IX

218 2391 250 2450 [v.
269 2391 296 2451 5]
330 2392 441 2453 „oonsut
458 2393 601 2443 maduoere
618 2398 721 2443 noctem
737 2393 887 2456 Exsomnis,
913 2393 1044 2458 telumque
1067 2407 1149 2442 manu
1167 2392 1276 2442 vibrare
1293 2407 1343 2456 per

217 2458 352 2507 umbras.“
368 2459 480 2510 Velleius
489 2461 637 2511 Paterculus
647 2462 682 2522 11,
692 2462 724 2513 88
734 2460 761 2526 [ᾗ
769 2462 795 2523 2]
805 2460 835 2510 de
843 2461 1005 2511 Maecenate:
1022 2459 1100 2525 „Vir,
1109 2461 1158 2510 ubi
1166 2474 1208 2509 res
1216 2460 1343 2524 ospitium

218 2527 346 2590 erigeret,
363 2543 428 2578 saue
444 2532 604 2579 eusomm'sf‘
620 2533 647 2580 et
666 2531 714 2581 127
733 2531 817 2591 [extr]
836 2529 867 2578 de
885 2528 992 2579 Seiano:
1018 2527 1123 2592 „Vultu
1140 2531 1248 2592 vitaque
1267 2532 1342 2578 ἐναπ-

218 2594 339 2656 quitiam,
358 2597 449 2646 animo
467 2600 643 2647 eoesomnem.“
663 2597 706 2647 Sia
724 2602 750 2645 et
766 2596 851 2646 omnia
869 2597 923 2646 eius
941 2598 1041 2661 poneris
1059 2597 1207 2661 composita,
1224 2593 1341 2659 uecors,
1393 2598 1394 2603 ’

217 2674 295 2722 exos,
313 2667 472 2727 earaagoe's,
491 2679 632 2728 msueetts,
651 2664 744 2729 sortem,
757 2679 871 2730 emm,
889 2680 995 2727 exsors,
1014 2666 1155 2728 emaaimis,
1173 2663 1200 2712 id
1218 2667 1265 2726 est,
1283 2667 1342 2714 eine

217 2730 307 2777 animo
325 2733 374 2780 eto.
408 2731 465 2782 Hoe
483 2731 559 2782 semel
577 2733 730 2794 oonstituto,
748 2733 799 2782 iam
815 2731 925 2782 libenter
941 2732 1026 2783 dooeri
1043 2732 1133 2794 velim,
1152 2748 1197 2782 our
1213 2732 1342 2781 Baeoham

215 2794 258 2844 bie
283 2811 446 2861 eoesomusm,
471 2800 523 2849 sive
546 2800 699 2860 insomnem,
723 2800 806 2850 somni
828 2805 969 2865 expertem,
992 2801 1089 2851 Noster
1110 2800 1230 2866 appellet.
1265 2798 1341 2849 Certe

216 2865 316 2912 tentum
332 2864 417 2928 abest,
440 2871 471 2916 ut
487 2883 617 2917 exsomnes
639 2869 777 2918 manserint
794 2869 922 2928 Baeobae3
946 2874 975 2918 ut
998 2884 1059 2933 prae
1083 2870 1164 2918 nimiu
1186 2867 1340 2918 lassitudine

216 2929 361 2995 frequenter
385 2950 487 2984 somnus
511 2936 545 2985 iis
562 2934 716 3001 obrepserit,
744 2941 773 2986 ut
795 2937 945 3001 Propertius
962 2938 983 3001 I,
1001 2940 1024 2990 3.
1044 2940 1076 3000 [v.
1095 2940 1121 2999 5]
1157 2933 1232 2999 „Nee
1248 2938 1340 2985 miurus

217 2999 331 3050 assiduis
347 3001 447 3052 Edonis
469 3003 539 3065 fessa
558 3005 661 3054 storeis
680 3003 773 3066 Qualis
790 3007 819 3054 in
837 3006 947 3054 herboso
965 3005 1078 3055 concidit
1095 3005 1237 3069 Apidano:
1265 3001 1340 3054 Totis

215 3069 273 3117 otta
290 3070 358 3120 mibi
373 3071 479 3122 mollem
491 3073 587 3136 spirare
601 3072 712 3136 quietern
723 3072 838 3137 Cpntbta
854 3088 908 3122 non
922 3076 1002 3123 uertit
1013 3076 1081 3124 nisa
1094 3077 1178 3135 eaput
1188 3072 1339 3123 manitmf‘
1392 3122 1393 3127 ,

215 3136 313 3187 Statius
331 3138 424 3189 Aebill.
442 3141 463 3201 l,
474 3143 532 3193 631.
552 3142 620 3204 [622]
639 3141 670 3191 de
687 3140 920 3191 saeris'Trieteriois
937 3142 1045 3191 Buoohi:
1069 3139 1234 3205 „Consedere
1251 3143 1338 3206 ebori,
1392 3146 1393 3173 r

214 3204 389 3272 pontiumque
411 3211 532 3259 operetta
552 3209 635 3274 pulsu
658 3209 730 3259 Aera
754 3211 868 3258 taoent“
892 3213 918 3258 et
934 3225 992 3259 mox
1009 3225 1082 3259 versu
1100 3211 1157 3261 655.
1178 3212 1247 3272 [646]
1284 3210 1338 3272 „At

214 3270 316 3322 Bassos
339 3278 459 3340 comites,
484 3277 604 3327 dismissa
627 3278 697 3327 nube
720 3276 831 3341 soporis,
863 3276 948 3341 signa
973 3278 1062 3327 eborr's
1086 3277 1189 3327 indicta
1212 3279 1336 3342 putant“

215 3339 336 3391 Sidonius
359 3342 440 3395 Carm.
458 3345 489 3408 V,
507 3347 566 3397 490.
603 3344 765 3406 „Bistonides
788 3344 872 3394 vetuti
890 3343 1016 3395 Cioonum
1040 3360 1099 3395 oum
1123 3345 1195 3405 forte
1218 3350 1337 3410 pruinas

217 3406 330 3472 Ogygiis
347 3412 480 3476 complent
497 3414 613 3478 tiparir5
631 3429 677 3463 seo
685 3412 836 3479 Strymonis
854 3415 934 3476 arod,
947 3412 1000 3463 Seu
1018 3429 1044 3463 se
1060 3429 1110 3479 per
1118 3412 1273 3479 Rhodopen,
1291 3429 1337 3464 eeu
1391 3432 1392 3439 ¹

215 3489 268 3538 qua
285 3477 419 3528 nimbosus
437 3482 466 3529 in
484 3496 585 3545 aequor
602 3479 694 3530 Voluit
710 3481 888 3547 Hyperboreis
905 3483 934 3530 tn
952 3481 1335 3544 cuutibmvlmamsHem,

215 3542 265 3591 Dat
283 3559 370 3595 somno
388 3562 451 3611 vaga
468 3548 557 3609 turba3
581 3548 663 3598 simut
680 3548 780 3599 lassata
797 3551 938 3613 quieseunt
956 3548 992 3598 Or
1012 3551 1048 3614 iu,
1066 3555 1092 3599 et
1109 3549 1146 3599 ad
1161 3548 1278 3609 biformis
1296 3567 1335 3600 re·
1391 3572 1392 3621 3

214 3612 277 3691 topt
292 3627 342 3662 neo
359 3615 425 3664 tibia
441 3617 562 3676 {tutumf‘
593 3616 730 3682 Euripides
748 3616 776 3666 in
793 3616 901 3666 Baoohis
912 3618 968 3668 682.
988 3564 1059 3683 fiii]
1088 3603 1180 3667 uider
1198 3615 1229 3668 δὲ
1246 3619 1334 3668 πᾶσαι

213 3693 344 3815 {titt
358 3679 596 3818 didiii‘itff
610 3678 1288 3819 titt{diastematis“titillet²
1304 3681 1334 3805 l}

212 3815 264 3865 inm
282 3816 358 3879 vides,
375 3819 441 3869 ratio
459 3824 505 3884 est,
523 3836 569 3870 our
585 3821 658 3884 quasi
672 3826 795 3887 perpetuo
807 3820 920 3886 epitheto
933 3821 1060 3872 insomnes
1072 3827 1194 3871 vocentur
1203 3792 1332 3873 Bueeirue:

213 3884 317 3947 nedum,
336 3902 381 3937 onr
397 3888 460 3939 haee
476 3888 533 3953 ipsa
550 3889 630 3937 Euias
648 3904 677 3938 eo
695 3888 808 3955 epitheto
826 3887 944 3938 donanda
962 3889 1010 3953 sit,
1029 3905 1092 3953 quae
1111 3906 1162 3939 non
1179 3896 1270 3950 noetu,
1291 3890 1334 3941 sed

212 3951 324 4004 interdiu
353 3956 404 4006 iam
427 3954 577 4016 baechatur;
608 3957 711 4021 qnippe,
736 3957 821 4006 statim
844 3958 972 4021 sequitur,
1000 3960 1134 4024 prospicit
1149 3957 1277 4020 Hebrum,
1309 3964 1334 4008 et

212 4019 353 4085 Thraciam,
371 4029 397 4074 et
405 4023 558 4090 Rhodopen:
578 4025 644 4087 quod
662 4025 713 4074 nisi
731 4024 772 4074 die
791 4025 859 4074 oloro
876 4025 959 4075 faeere
971 4042 1023 4075 nou
1036 4026 1128 4091 potuit.
1147 4026 1215 4082 Quid
1229 4027 1332 4078 autem?
1390 4046 1391 4061 π

212 4102 245 4136 an
262 4089 320 4140 ideo
338 4095 471 4142 exsomnis
488 4091 596 4142 dioenda
613 4098 674 4154 erat,
693 4093 753 4157 quia
771 4093 801 4141 de
815 4093 856 4141 die
869 4093 1012 4156 vigilabat?
1030 4094 1106 4143 immo
1120 4109 1177 4143 vero
1190 4096 1332 4146 eudemum

212 4160 338 4208 exsomnis
355 4165 401 4220 est,
419 4175 483 4225 quae
501 4159 567 4210 diem
585 4165 742 4224 noctemque,
760 4161 799 4210 vel
813 4165 912 4210 nostem
925 4160 1013 4211 saltem
1025 4161 1158 4226 integram,
1177 4162 1232 4212 sine
1245 4180 1332 4214 somno

212 4226 339 4290 transigit.
374 4228 457 4290 Quid,
481 4228 549 4293 quod
572 4228 636 4278 illud
661 4232 689 4278 in
714 4232 785 4294 iugis
810 4244 912 4293 prorsus
935 4229 1005 4279 aride
1029 4236 1054 4279 et
1077 4232 1193 4282 inornate
1217 4233 1330 4296 ponitur,

884 4378 898 4405 θ
