2842 4758
162 250 224 313 364
558 263 590 323 q.
612 262 756 311 aoaunn
776 262 901 310 nascar

169 413 175 422 ·
226 397 330 474 Qunam
353 403 410 461 aut
431 397 549 479 aquila,
572 404 630 461 aut
643 414 776 481 serpens
791 395 1008 480 Epidaurius?
1029 403 1064 462 at
1078 396 1135 462 tibi
1150 406 1272 464 eontra

222 480 346 557 Evenit,
367 481 531 565 inquirant
550 480 629 545 vitia
651 489 687 546 ut
708 486 764 545 tua
785 501 898 546 rursus
925 487 957 546 et
977 479 1034 546 illi.

222 566 408 632 Iracundior
430 572 479 632 est
501 566 623 652 paullo:
655 565 761 631 minus
782 572 879 650 aptus
900 566 1004 631 acuns

179 664 210 714 oo
223 651 364 717 Naribus
385 650 498 717 horum
521 650 701 717 bominum:
728 649 824 715 rideri
845 650 959 736 possit,
981 670 1019 717 eo
1040 650 1128 733 quod

159 803 295 869 signifieat,
314 809 392 854 acute
409 809 436 853 et
450 807 591 867 perspicue
606 800 922 869 elpenilusremoidere:
940 805 967 851 et
983 801 1090 867 proinde
1107 803 1288 856 inexcusabile

158 887 261 937 prorsus
279 877 304 921 et
321 870 482 922 intolerabile
499 872 542 921 bio
560 875 625 920 esset
642 869 783 919 cacoaelon.
821 871 910 932 Neque
934 869 1002 918 euim
1025 870 1161 936 quicquam
1179 873 1288 938 profluit

158 955 216 990 eum
235 939 371 1006 Oapmoro
395 956 440 989 suo
469 939 604 990 Dacsriusr
632 938 705 1002 quasi
728 953 787 987 vero
809 952 925 1001 magnam
950 952 1003 986 rem
1019 936 1128 998 faceret,
1152 942 1197 1004 qui
1215 942 1286 1008 Oxy·

156 1023 247 1058 moron
277 1012 303 1057 et
325 1007 469 1073 Enallagen
499 1013 525 1057 et
555 1012 638 1057 cetera
664 1005 892 1055 Grammaticorum
917 1004 1053 1070 emplastra
1079 1006 1286 1073 quibuscumque

156 1075 286 1126 ulceribus
303 1075 443 1125 adhiberet
476 1075 603 1140 Equidem
621 1074 708 1139 potius
725 1073 762 1124 sic
779 1088 941 1138 reponerem,
967 1072 1052 1136 „Cum
1076 1079 1124 1125 tua
1143 1082 1171 1125 tu
1189 1077 1287 1127 uideas

157 1144 243 1194 ocrelie
259 1144 332 1193 mala
351 1143 439 1208 lippus
456 1145 604 1193 iureaciis“:
629 1146 655 1192 et
677 1156 816 1207 pronomen
839 1140 905 1191 illud
928 1141 1038 1190 dicerem
1062 1157 1076 1191 a
1100 1159 1161 1193 voce
1179 1159 1285 1209 praece·

157 1211 232 1261 dente
250 1211 396 1276 absorptum
414 1227 481 1261 esse:
509 1215 646 1276 posteaque
670 1209 702 1259 ad
726 1224 826 1259 versum
843 1208 1014 1274 supplendum
1028 1210 1183 1274 pervideas,
1201 1229 1285 1278 prae·

157 1278 261 1338 uideas,
288 1277 429 1343 provideor
454 1295 501 1342 pro
525 1279 595 1327 vario
618 1277 780 1328 librariorum
802 1276 909 1342 ingenio
932 1277 1040 1326 conflata
1063 1293 1125 1332 osse.

226 1346 342 1396 Ceterum
349 1362 397 1412 pro
405 1347 477 1396 mala
487 1345 701 1411 Oruquiieliquot
717 1345 816 1395 codices
825 1345 907 1405 malm
926 1349 951 1394 et
968 1345 1005 1394 sic
1024 1348 1052 1394 in
1062 1346 1137 1396 bouis
1146 1348 1283 1414 eaempla-

156 1416 230 1466 ribur
240 1416 295 1478 legi
308 1430 324 1463 a
332 1415 432 1464 Murato
441 1413 534 1464 didicit
540 1413 663 1464 Hercules
674 1412 803 1476 Ciolanus‚
822 1412 855 1463 ad
864 1412 950 1462 Ovidii
958 1413 1060 1464 Metam.
1070 1413 1124 1476 [1V‚
1134 1415 1195 1475 285]
1206 1430 1231 1479 p.
1239 1418 1283 1468 80.

157 1482 205 1546 [ed.
226 1486 345 1547 antuerp.
367 1483 449 1544 15831.
481 1483 551 1547 Ergo
576 1488 642 1533 totus
665 1482 737 1531 loeus
760 1483 792 1530 ad
809 1482 878 1530 huuc
895 1480 997 1530 modum
1014 1483 1210 1532 constituendus
1227 1491 1281 1533 est:

156 1549 240 1616 „Cum
258 1555 305 1600 tua
321 1549 469 1615 praevideas
486 1550 571 1600 oculis
587 1549 651 1599 male
670 1550 761 1614 lippus
778 1551 903 1606 inunctis,
923 1547 977 1599 Cur
995 1552 1023 1597 ia
1043 1553 1190 1600 amicorum
1207 1555 1283 1602 viliis

156 1623 210 1668 lam
229 1620 317 1667 cernis
335 1618 478 1667 amstumi“
505 1616 550 1667 ubi
574 1619 705 1668 inscitia
729 1616 930 1666 subaudiendum
954 1621 993 1666 est
1010 1632 1040 1666 ex
1057 1617 1137 1666 altero
1155 1619 1284 1669 orationis

155 1685 268 1735 membro
294 1688 322 1735 in
350 1688 498 1735 amicorum
524 1688 604 1735 vitiis.
645 1685 734 1749 Neque
760 1684 836 1733 eliber
861 1684 923 1733 olim
948 1683 1040 1748 legisse
1066 1685 1168 1735 ridetur
1196 1692 1281 1737 Acron

156 1752 324 1804 Scholiastes:
349 1753 475 1816 „0rdo.·“
492 1754 536 1815 ait,
557 1752 640 1817 „Cum
659 1758 705 1802 lua
723 1752 807 1802 oeulis
824 1755 943 1802 inunctis
961 1752 1050 1818 lippus
1067 1753 1167 1817 videas,
1186 1756 1215 1804 id
1232 1762 1281 1818 ert,

156 1837 216 1872 cum
241 1827 289 1872 tua
312 1824 378 1872 vitia
403 1836 497 1871 cunae
521 1824 599 1886 prensi
621 1821 740 1870 caemuf‘
775 1820 818 1868 Ita
841 1819 968 1885 exemplar
991 1821 1127 1886 scriptum,
1156 1827 1182 1871 et
1200 1823 1282 1873 editio

154 1889 253 1940 Veneta
272 1891 353 1940 lusor
377 1889 442 1939 male
461 1893 544 1939 autem
562 1889 695 1938 Fabricius
713 1887 808 1949 edidit,
829 1886 893 1937 Cum
912 1894 958 1937 lua
975 1888 1048 1938 arula
1066 1890 1150 1939 omelia
1167 1919 1202 1926 -
1216 1907 1280 1956 per·-

155 1957 252 2007 uideas.
289 1958 427 2021 Eleganter
450 1973 510 2006 vero
533 1957 602 2006 male
626 1957 727 2021 lippus,
755 1957 773 2006 i.
792 1972 813 2006 e.
838 1955 971 2005 admodum
996 1963 1022 2004 ct
1046 1957 1117 2006 valde
1135 1957 1231 2023 lippus,
1249 1964 1281 2008 ut

154 2024 218 2075 alibi
240 2026 312 2075 male
334 2027 437 2085 salares,
463 2025 533 2074 araia
555 2039 669 2088 parnas,
695 2023 765 2074 mola
788 2038 893 2073 raucas.
930 2022 1003 2073 Mola
1030 2029 1112 2073 autem
1139 2042 1187 2090 pro
1209 2027 1281 2076 male

155 2093 249 2159 passim
267 2108 283 2142 a
299 2093 426 2143 Librariis
444 2092 521 2157 poni,
546 2092 647 2142 docebit
670 2097 695 2142 te
712 2091 947 2157 praestantissimus
965 2091 996 2140 N.
1015 2092 1138 2142 Heinsius
1155 2095 1188 2144 ad
1206 2095 1278 2144 criu

153 2162 222 2211 Fast.
241 2162 276 2222 Il,
297 2163 353 2212 110.

223 2232 263 2281 29.
299 2227 390 2278 Minas
413 2233 492 2292 aptus
518 2231 604 2278 acutis
626 2224 746 2277 Naribus
769 2228 864 2277 luorum
888 2228 1034 2288 bominum]
1069 2227 1137 2283 Quid
1161 2229 1203 2278 bic
1228 2229 1278 2279 sibi

154 2296 236 2347 velint
252 2299 341 2346 minere
359 2302 439 2361 aptus
456 2298 567 2346 naribus
591 2299 692 2357 acutis,
718 2311 771 2345 non
794 2294 856 2345 adeo
879 2293 1013 2358 liquidum·
1030 2300 1077 2346 est.
1120 2297 1279 2347 Scholiastae

154 2369 250 2415 veteres
268 2365 305 2414 sio
323 2364 467 2429 explicant:
496 2364 605 2429 „paullo
622 2363 782 2413 iracundior
799 2368 852 2425 est,
877 2369 908 2413 ut
925 2378 979 2412 aaa
995 2367 1082 2428 possit
1099 2364 1277 2414 deridentium

153 2434 334 2483 urbanitatem
351 2434 509 2482 sustinere.“
544 2433 633 2497 Neque
651 2431 683 2480 ab
701 2431 748 2480 boc
766 2430 887 2480 recedunt
904 2431 1056 2495 interpretes
1073 2433 1141 2482 novi.
1165 2433 1202 2482 ut
1219 2449 1276 2498 pro-

154 2501 220 2551 lecto
238 2500 474 2566 interpretationem
498 2500 564 2549 hane
588 2498 715 2550 sententia
732 2499 861 2563 postulare
879 2498 994 2558 videtur3
1022 2499 1098 2549 verba
1117 2503 1202 2550 tamen
1220 2503 1278 2566 ipsa

153 2573 198 2618 aut
221 2569 304 2618 invita
327 2584 382 2618 eam
405 2569 547 2634 recipiunt,
574 2573 619 2617 aut
641 2567 717 2631 plane
740 2573 866 2616 recusant.
901 2567 966 2616 Nam
992 2572 1089 2616 aculae
1105 2583 1199 2627 naras,
1225 2586 1276 2618 non

153 2653 247 2687 sannae
265 2640 292 2685 et
309 2636 458 2695 derisionis,
477 2636 520 2685 sed
537 2635 619 2685 morbi
637 2641 663 2685 et
679 2635 768 2684 mortis
786 2635 837 2684 iam
854 2634 976 2684 instantis
995 2635 1105 2698 signum.
1140 2635 1277 2687 Lucretius

153 2704 181 2754 in
205 2704 375 2768 descriptione
399 2704 492 2768 pestis,
519 2703 571 2766 VI,
601 2705 672 2754 1191.
700 2706 779 2766 „item
804 2702 840 2752 ad
861 2718 1014 2767 supremum
1037 2702 1152 2768 denique
1177 2709 1278 2769 tempus

154 2771 316 2836 Compressas
335 2786 416 2831 nares,
434 2772 490 2820 nasi
508 2771 627 2835 primoris
646 2786 749 2820 acumen
761 2770 854 2830 Tenue,
873 2772 964 2820 canali
975 2771 1055 2833 oculi,
1073 2777 1276 2837 aaualempora,

152 2838 258 2903 frigida
283 2839 387 2903 pellis.“
422 2837 554 2888 Cornelius
572 2838 659 2888 Celsus
683 2840 723 2900 II,
748 2840 772 2891 6.
798 2839 900 2903 [priua]
936 2837 997 2902 „Aa
1018 2839 1115 2888 ultima
1132 2855 1204 2903 nero,
1223 2843 1275 2889 iarn

152 2912 258 2957 neamus
284 2918 337 2956 esse
362 2911 501 2970 testantur,
526 2922 599 2956 nares
618 2911 720 2967 acutae,
748 2907 867 2971 collapsa
891 2911 1025 2972 tempora,
1044 2907 1116 2956 cearli
1139 2911 1275 2957 concaui.“

153 2975 223 3032 Quae
243 2991 272 3025 ex
290 2975 450 3039 Hippocrate
468 2990 540 3024 versa
558 2981 625 3035 sunt,
643 2977 776 3039 Prognost.
796 2990 817 3026 o.
836 2976 859 3025 2.
879 2973 936 3042 [val.
956 2976 987 3025 21
1007 2990 1031 3039 p.
1051 2976 1084 3026 89
1101 2973 1191 3037 Ktlhu]
1219 2978 1277 3024 Ρ1Σ

151 3042 276 3105 ΟΞΕΙΛ,
300 3036 446 3110 ὀφθαλμοὶ
469 3041 571 3099 κοῖλοι,
595 3040 735 3110 κρόταφοι
758 3039 985 3109 ξυμπεπτωχότες.
1021 3043 1091 3106 Ergo
1110 3043 1166 3092 ficri
1183 3048 1275 3108 polest,

151 3116 182 3162 ut
198 3111 360 3161 librariorum
379 3111 421 3160 hie
439 3127 509 3160 error
526 3110 573 3172 sit,
592 3112 636 3175 qui
655 3113 741 3160 nesciis
759 3126 805 3173 pro
824 3110 936 3160 adsciscis
954 3110 1117 3174 scripserint3
1144 3110 1274 3174 „lracrra-

153 3180 214 3229 dior
232 3185 271 3229 eet
286 3180 396 3245 patella:
414 3183 502 3228 tiriaus
520 3185 599 3243 aptus
613 3178 719 3228 aduncis
731 3176 850 3227 Naribus
869 3179 965 3229 bomem
983 3180 1152 3227 staminum&
1172 3183 1202 3227 ut
1219 3180 1275 3243 ipse

152 3246 223 3306 alibi,
242 3248 320 3297 Serus.
334 3248 356 3307 Ι,
375 3250 398 3308 6,
418 3249 440 3297 5.
468 3244 522 3308 „Ut
537 3246 658 3311 plerique
675 3246 768 3308 solent,
786 3261 850 3295 naso
868 3247 1008 3310 suspendis
1027 3245 1126 3295 adunco
1139 3248 1274 3310 lgaalosf‘

152 3321 178 3364 et
186 3315 295 3379 Persius,
313 3320 452 3379 perpetuus
461 3313 542 3363 nostri
553 3314 668 3364 imitator
676 3315 729 3363 Sat.
741 3315 762 3377 Ι,
772 3317 814 3365 54.
826 3316 878 3376 [40]
897 3314 994 3376 ,‚rides,
1012 3316 1059 3375 ait,
1078 3318 1104 3363 et
1113 3317 1194 3364 nimr's
1201 3316 1275 3364 uncis

151 3382 264 3432 Naribus
282 3382 435 3446 indulgen
468 3381 515 3431 Cui
534 3383 676 3448 suspicioni
693 3381 768 3444 lavet,
787 3381 853 3446 quod
871 3382 950 3432 codex
967 3381 1075 3445 collegii
1093 3380 1229 3432 Trinitatis
1246 3382 1273 3432 in

151 3451 291 3515 posteriore
308 3450 395 3499 Flacci
412 3449 469 3499 loco
487 3466 534 3515 pro
552 3450 659 3501 adunco
677 3449 755 3500 babet
773 3455 860 3500 acuto.
896 3449 999 3515 Alioqui
1024 3454 1119 3499 acutae
1136 3465 1217 3500 aaran
1234 3451 1273 3499 in·

150 3519 282 3583 geniorum
293 3524 318 3567 et
327 3533 442 3581 sagacem
452 3518 570 3568 denotare
580 3523 700 3583 possunt3
718 3523 845 3568 utcontra
863 3519 941 3567 obesa
958 3520 1034 3568 narie
1043 3516 1164 3567 stolidum
1173 3523 1199 3567 et
1208 3518 1274 3567 nihil

151 3588 309 3647 sentientem,
327 3585 409 3651 Epod.
421 3585 481 3647 XII,
490 3589 513 3638 3.
539 3586 632 3636 Verum
641 3587 688 3636 boc
698 3586 729 3636 ad
739 3586 851 3636 auctoris
868 3591 977 3635 mentem
995 3584 1154 3635 nihilfacere
1165 3585 1273 3636 ridetur.

150 3656 261 3706 Possunt
279 3661 304 3704 et
321 3655 471 3704 iracundum
489 3654 648 3718 significare3
675 3670 733 3704 uam
751 3658 780 3703 ut
798 3653 955 3714 Aristoteles,
973 3654 1001 3703 in
1020 3653 1274 3718 Physiognomonicis

150 3740 171 3774 o.
183 3728 206 3777 6.
226 3724 370 3785 [BekkerII
388 3739 413 3787 p.
424 3725 493 3783 811⁸,
505 3726 548 3785 30]
565 3717 600 3772 Οἱ
616 3719 667 3784 τὴν
685 3720 747 3790 ῥῖνα
766 3718 853 3788 ἄκραν
871 3715 961 3779 ὀξεῖαν
978 3718 1085 3789 ἔχοντες
1094 3718 1273 3789 δυσόργητος

151 3792 254 3855 Quibus
272 3808 352 3841 nares
369 3798 465 3841 aculae
482 3798 558 3852 sant,
583 3790 619 3841 ad
637 3794 706 3839 iram
728 3796 793 3841 sunt
815 3792 963 3854 proniores.
999 3789 1056 3845 Quo
1073 3805 1149 3838 sensu
1167 3795 1193 3839 et
1209 3790 1272 3839 illud

149 3859 257 3909 Ausonii
281 3859 383 3909 videtur
400 3860 590 3924 accipiendum,
614 3859 774 3908 Praelatione
798 3858 830 3907 ad
847 3858 987 3922 Griphum:
1015 3855 1125 3921 „Neque
1142 3872 1184 3906 are
1200 3858 1275 3918 fallit

149 3926 210 3988 fore
229 3928 357 3991 aliquem,
376 3930 423 3991 qui
441 3929 511 3977 barac
528 3930 616 3977 iocum
634 3927 716 3977 acutis
733 3926 838 3975 naribus
857 3931 884 3975 el
900 3930 1026 3990 caperata
1044 3924 1135 3985 doale
1153 3926 1274 3976 candem-

134 3999 220 4045 'aet.“
256 3996 305 4044 Sed
328 4000 354 4045 et
377 3995 525 4045 iracundiae
548 3996 618 4045 nolio
640 3994 701 4044 huic
718 3993 804 4043 Flacci
828 3995 884 4043 loco
908 3995 994 4043 minus
1018 3999 1079 4058 apta
1102 3997 1151 4043 est:
1181 3999 1207 4043 et
1225 3996 1274 4044 erit

150 4062 256 4112 fortasse
274 4063 318 4126 qui
337 4067 423 4112 uocalis
440 4065 552 4113 naribus
576 4068 627 4112 tarn
645 4063 713 4128 apud
732 4061 866 4121 Flaccum,
891 4078 965 4126 quam
983 4061 1050 4125 apud
1068 4062 1208 4111 Ausonium
1227 4078 1272 4128 pro

150 4129 305 4180 derisoribus
329 4136 354 4180 et
379 4130 546 4181 sannionibus
569 4131 632 4194 poni
656 4131 793 4181 existimet.
834 4134 917 4194 Atque
941 4131 988 4179 hoc
1013 4130 1114 4194 quidem
1137 4129 1166 4178 in
1191 4130 1274 4180 medio

149 4196 274 4259 relinquo.
304 4197 420 4247 Ceterum
438 4214 489 4247 uon
508 4198 645 4261 Virgilium
663 4199 706 4247 hic
724 4195 845 4247 describit
863 4202 888 4247 et
901 4198 1104 4266 χαρακτηρίζει,
1122 4202 1151 4247 ut
1169 4203 1195 4248 et
1212 4199 1272 4248 olim
