2810 4764
206 274 269 338 206
600 290 632 349 q.
653 290 794 337 nouum
815 290 939 340 nnncc1

359 420 499 489 Summis
520 420 691 489 uerticibus
713 422 784 490 dira
804 424 989 492 Necessitas

291 509 424 588 Clavos;
446 527 509 571 non
532 508 673 574 animum
694 515 792 589 metu,

357 594 429 659 Non
451 591 563 660 mortis
584 592 709 676 laqueis
731 594 884 680 expedies
906 602 1013 683 eaput.

289 678 496 765 Campestres
518 677 633 746 melius
655 679 805 764 Scythae,

188 844 191 849 ἱ
246 777 276 828 10
353 763 497 844 Quorum
518 764 665 848 plaustra
685 784 788 847 vagas
810 766 870 832 rite
892 766 1022 833 trahunt
1043 766 1168 846 domos,

287 849 415 928 Vivent,
438 854 471 912 et
491 847 586 930 rigidi
610 849 728 923 Getam

355 935 514 999 inmetata
535 932 652 1016 quibus
674 933 789 1015 iugera
809 936 930 1003 liberas

287 1020 413 1101 Fruges
435 1024 468 1084 et
489 1017 637 1083 Cererem
660 1018 781 1104 ierunt3

353 1105 422 1170 Nec
442 1103 567 1168 cultura
588 1102 694 1190 placet
715 1104 841 1188 longior
862 1125 985 1172 annua:

244 1201 273 1251 15
287 1188 545 1272 Defunctumque
566 1187 731 1255 laboribus

351 1273 486 1356 Aequuli
509 1279 631 1339 recreat
653 1280 739 1341 sorte
759 1274 909 1342 vicarius.

234 1415 236 1418 ,
284 1358 355 1425 lllie
375 1365 477 1423 matre
498 1358 680 1424 serentibus

350 1442 510 1525 Priuignis
530 1443 646 1509 mulier
666 1449 825 1530 temperat
844 1443 1012 1511 innocens:

284 1530 353 1597 Neo
374 1527 485 1595 dotata
506 1527 589 1610 regit
610 1528 715 1595 virum

241 1627 284 1701 ao
351 1613 508 1689 Coniunx,
530 1634 589 1680 neo
608 1613 709 1679 nitido
730 1611 802 1678 fidit
821 1612 977 1679 adultero.

283 1698 351 1767 Dos
373 1705 425 1765 est
444 1718 564 1781 magno
584 1697 765 1785 parentium

352 1784 472 1862 Virtus,
494 1790 527 1849 et
547 1790 695 1850 metuens
717 1783 850 1851 alterius
871 1781 932 1849 viri

280 1867 378 1937 Certo
400 1869 529 1937 loedere
551 1868 700 1935 castitas:

348 1956 391 2023 Et
411 1973 544 2039 peecare
564 1954 666 2033 nefas,
688 1957 746 2019 eut
767 1950 904 2039 pretium
927 1959 977 2020 est
999 1952 1088 2019 mori.

238 2052 269 2103 aa
284 2040 312 2108 Ο
334 2040 417 2123 quis,
440 2040 513 2123 quis
534 2040 621 2106 volet
640 2037 747 2125 inpias

350 2124 485 2204 Caedes,
508 2128 540 2190 et
561 2124 682 2190 rabiem
705 2121 817 2188 tollere
838 2120 993 2188 civicam?

574 2277 597 2310 r.
616 2261 657 2312 25.
675 2259 751 2325 Vulg.
772 2259 939 2324 equisque.

197 2394 276 2458 „Nea
295 2396 388 2446 ἀοιιιιιε
405 2400 431 2446 et
447 2396 565 2461 fundus,
588 2411 643 2447 non
661 2398 732 2445 aerio
750 2394 861 2446 ‘aceruus
884 2399 911 2443 et
927 2396 992 2444 ueri
1008 2395 1126 2459 Aegrotc
1149 2395 1253 2447 domini
1276 2399 1322 2449 de-

197 2465 278 2515 ducit
295 2479 408 2530 corpore
425 2464 514 2526 febres,
531 2464 594 2517 Non
612 2466 702 2515 animo
720 2465 820 2514 cuns.“
853 2464 932 2512 Porro
950 2466 976 2512 et
993 2462 1148 2513 Scholiustes
1164 2470 1261 2516 veteres
1279 2470 1324 2519 aia

194 2532 255 2583 olim
278 2531 384 2597 legisse,
409 2548 461 2582 non
484 2534 522 2595 ai,
545 2533 607 2584 satie
630 2531 729 2582 indicat
752 2547 838 2582 eorum
861 2531 1000 2582 anarmtio:
1035 2529 1205 2596 ,‚Quamuie‘⁴,
1235 2534 1321 2597 aiunt,

195 2600 298 2665 „mado
320 2599 465 2665 persidem,
488 2616 543 2650 non
566 2607 654 2651 tumen
678 2603 785 2650 ancora
803 2599 942 2664 voluptate
965 2600 1007 2648 bis
1028 2598 1089 2660 bue
1101 2604 1195 2666 potes:
1219 2602 1321 2669 quippe

194 2684 252 2719 cum
274 2670 431 2717 normate
454 2671 548 2718 mortis
571 2671 684 2718 armeta
706 2670 743 2718 cit
766 2669 884 2718 bumana
909 2666 1043 2731 conditio,
1071 2682 1121 2718 nec
1142 2671 1230 2733 puceis
1253 2672 1321 2723 inde

195 2742 220 2785 te
236 2735 293 2786 ullo
311 2735 427 2785 remedio
445 2741 493 2785 aut
509 2739 630 2800 praemio
648 2734 805 2786 redimere.“
838 2735 1002 2786 Rectissime:
1026 2739 1053 2785 at
1074 2734 1122 2785 illa
1138 2738 1238 2803 quippe
1255 2753 1319 2790 cum

193 2819 246 2853 non
263 2805 294 2865 ci,
314 2801 357 2852 aed
374 2805 413 2853 ric
430 2803 581 2868 exprimunt,
600 2807 677 2869 prout
695 2819 741 2853 nos
759 2802 953 2854 emendavimus.

262 2873 285 2923 6.
304 2870 374 2920 Dira
391 2873 543 2933 necessitas]
569 2873 604 2922 Et
623 2870 686 2922 editi
704 2875 730 2921 et
748 2872 838 2938 scripti
856 2872 941 2933 bem
959 2875 1043 2921 tamen
1060 2871 1099 2921 vel
1117 2870 1319 2924 reclamantibus

193 2940 227 2990 iis
244 2939 321 2988 rescri
341 2939 416 2988 aerim
434 2940 453 2990 d
458 2955 534 2989 era:
553 2939 620 3003 quod
637 2940 770 3005 proprium
778 2940 943 2991 Necessitatis
961 2939 1092 3003 epitheton
1109 2943 1156 3001 est,
1172 2940 1319 2992 utGraecie

194 3004 295 3076 στερῤὰ
349 3001 426 3073 ἄγκη,
443 3003 568 3076 κρατερὴ,
587 3003 695 3075 quippei·
726 3007 901 3064 Quintilianus
910 3006 1020 3058 Deolam.
1029 3007 1089 3057 XII.
1099 3010 1130 3071 [c.
1144 3009 1184 3070 15]
1202 3007 1319 3070 „suma

193 3077 280 3127 animi
296 3080 470 3138 tomentum,
488 3078 610 3141 corporis
628 3077 713 3139 taber,
737 3079 870 3140 magistre
886 3075 1029 3141 peccandi,
1053 3076 1189 3126 durissima
1204 3078 1318 3127 necessi·

193 3148 283 3207 tatum,
304 3144 499 3205 defomietima
516 3143 677 3195 malorum.“
709 3144 839 3194 Arnobius
856 3143 901 3195 lib.
910 3144 959 3194 III.
970 3146 1000 3206 [c.
1011 3146 1053 3207 21]
1080 3143 1135 3207 „Ae
1151 3159 1226 3207 rogo,
1245 3160 1321 3210 quae

192 3215 263 3262 ratio
282 3217 329 3277 cat,
347 3227 415 3277 quae
433 3217 486 3262 tam
504 3211 567 3263 dura
583 3213 729 3270 necessitas,
747 3227 815 3277 qaue
833 3214 989 3264 coaad‘etc.
1007 3210 1264 3278 NosterCarm.l‚24,
1275 3215 1318 3266 19.

192 3279 323 3342 „Durume
340 3280 388 3331 aed
404 3282 487 3332 lecim
503 3280 536 3342 fit
552 3283 691 3345 patientia,
712 3278 847 3346 Quicquid
863 3282 1000 3345 eom'gere
1017 3285 1056 3330 eet
1070 3279 1177 3341 nesce‘:
1201 3280 1250 3330 hoo
1268 3287 1319 3344 eat,

192 3348 314 3412 quicquid
327 3363 430 3398 necem
447 3352 492 3398 est.
510 3348 616 3398 Durum
634 3352 660 3398 et
678 3349 767 3399 dirum
784 3349 811 3398 in
829 3348 910 3399 Miltia
927 3346 1022 3412 ubique
1039 3347 1091 3399 fere
1108 3347 1317 3418 confunduntur3

191 3421 220 3465 ut
236 3416 329 3464 mirum
346 3416 381 3465 sit
398 3420 449 3465 tam
466 3431 543 3481 praue
561 3420 587 3467 et
603 3432 718 3482 perverse
736 3416 778 3467 hic
796 3420 934 3482 congruere
951 3416 980 3465 iu
997 3415 1083 3481 peiore
1100 3416 1236 3481 scriptura.

258 3485 299 3534 24.
318 3483 374 3534 Aut
387 3486 506 3549 pretium
522 3489 561 3533 eat
576 3487 656 3547 mom]
674 3484 758 3535 Codex
776 3485 845 3535 inter
853 3483 1051 3535 Pulmannianos
1068 3484 1188 3549 optimus,
1195 3487 1318 3549 pretium

191 3552 287 3602 emm:
312 3551 354 3600 oui
378 3551 476 3601 accedit
492 3551 652 3603 Battelianus
676 3558 762 3604 noster
785 3556 810 3602 et
827 3553 976 3603 Bersmanni
998 3568 1078 3616 unns,
1100 3554 1218 3617 pretium
1234 3557 1315 3604 mori.

192 3619 248 3675 Qua
265 3618 376 3669 lectione
392 3618 502 3670 admissa
519 3620 713 3686 distinguendus
730 3626 769 3671 est
786 3621 872 3681 loeus3
897 3621 969 3685 „Boc
986 3624 1026 3670 eet
1042 3634 1143 3686 magere
1158 3622 1317 3685 parentium

192 3686 294 3750 Virtus,
313 3692 339 3736 ct
354 3692 473 3737 metuens
492 3688 603 3739 alteriue
620 3692 676 3739 virt
691 3688 768 3740 Certo
785 3687 894 3748 foedere
912 3691 1028 3752 castitas,
1046 3687 1083 3739 Et
1096 3703 1209 3754 peecare
1225 3686 1322 3754 nascer

191 3761 239 3806 aut
255 3758 371 3820 pretium
387 3755 479 3804 mori.“
496 3761 525 3806 ut
541 3757 627 3807 omnia
644 3757 676 3807 ad
688 3758 735 3808 dcc
747 3761 788 3808 eat
799 3756 947 3808 referantur.
965 3757 1024 3806 Non
1036 3756 1205 3806 incommode:
1225 3771 1315 3820 quam-

190 3838 265 3888 quam
283 3828 309 3873 et
325 3822 428 3888 vulgata
445 3823 522 3874 lectio
539 3840 590 3874 non
609 3829 647 3877 est
665 3825 799 3891 culpanda.

257 3893 299 3943 25.
319 3891 340 3941 0
358 3894 477 3957 quiaquia
500 3891 571 3943 volet
587 3895 691 3958 impiae]
727 3892 800 3943 Nihil
823 3908 906 3944 moror
929 3897 957 3943 et
978 3891 1086 3956 scriptos
1104 3895 1129 3942 et
1146 3891 1241 3952 editoe,
1265 3894 1314 3957 qui

190 3974 268 4022 prava
285 3960 474 4026 conspiratione
491 3963 612 4026 quicquic
628 3960 670 4010 hic
689 3961 818 4023 exhibent,
836 3960 877 4024 „0
888 3963 1008 4026 quicquic
1025 3958 1095 4009 volet
1105 3962 1202 4025 impiae
1213 3957 1315 4011 Caedes

191 4031 216 4075 et
232 4029 334 4078 radim
353 4028 446 4078 tollere
463 4030 600 4078 civicamt‘
636 4027 761 4094 Quisquis
777 4029 861 4079 volet:
888 4029 1041 4092 quasivero
1058 4028 1139 4077 multi
1154 4032 1245 4089 essent,
1263 4029 1312 4092 qui

189 4093 216 4142 id
233 4094 316 4145 iacere
331 4101 450 4162 possent3
468 4095 540 4160 quasi
556 4111 609 4146 rem
626 4095 696 4147 factu
712 4097 860 4147 facillimam
876 4101 952 4164 poeta
968 4095 1126 4160 designarem
1149 4111 1206 4146 cum
1223 4111 1254 4145 ex
1271 4112 1313 4146 se·

190 4163 326 4223 quentibus
349 4179 365 4213 a
383 4168 485 4228 pareat,
507 4164 590 4230 magis
608 4164 746 4229 optandum
763 4165 855 4228 tuisse,
880 4180 955 4230 quam
972 4163 1137 4231 sperandum,
1160 4168 1191 4213 ut
1206 4162 1238 4212 ab
1256 4163 1313 4214 ullo

189 4229 334 4281 mortalium
351 4180 383 4283 ii
396 4233 450 4283 fleri
466 4238 558 4299 posset.
595 4232 663 4288 Quid
680 4237 777 4297 autem,
804 4231 975 4300 equiequis?
999 4232 1137 4298 siquidem,
1160 4236 1244 4282 stante
1260 4231 1312 4282 hec
