2840 4752
419 263 604 312 senmurum
624 264 690 310 nm.
705 264 741 311 11.
764 256 788 308 t.
1105 249 1167 312 509

109 397 289 466 Committes
321 418 387 463 rem
410 416 536 463 ornnem
558 403 590 461 et
610 397 709 463 vitam
737 403 769 462 et
790 415 861 462 cum
883 416 1016 483 corpore
1037 398 1165 464 famam.

106 484 244 551 Evasti?
263 491 398 559 metues,
421 481 525 559 credo,
548 483 724 564 doctusque
746 482 889 547 cavebis:

108 570 266 648 Quaeres,
288 569 418 652 quaudo
438 567 553 632 iterum
575 587 704 652 paveas,
727 566 904 650 iterumque
928 568 1030 653 perire

59 669 93 718 ro
108 655 238 721 Possis:
262 656 280 718 ὃ
303 653 419 718 totiens
442 657 568 718 servus!
592 672 676 735 quae
697 652 793 716 helua
814 652 926 737 ruptis,

108 739 193 805 Cum
216 739 315 805 semel
337 737 458 820 effugit,
479 737 585 803 reddit
605 758 641 803 se
662 756 763 823 prava
784 737 929 803 catenis?

105 826 183 890 Non
199 843 269 890 sum
284 822 445 900 moechus,
468 822 526 888 ais.
559 842 663 906 neque
679 841 750 903 ego,
772 821 911 898 hercule,
933 822 994 903 fur,
1018 822 1072 889 ubi
1086 843 1165 890 rasa

105 911 279 975 Praetereo
301 908 430 993 sapiens
451 914 613 989 argentea.
657 907 733 972 tolle
754 906 918 993 periclum,

107 996 179 1060 Iam
201 1013 286 1075 vaga
308 992 451 1079 prosiliet
472 992 571 1059 irenis
591 1000 707 1058 natura
728 991 866 1057 remotis.

58 1094 92 1145 τῦ
108 1083 202 1145 Tunc
223 1077 302 1143 mihi
323 1077 480 1156 dominus,
503 1097 609 1143 rerum
630 1076 773 1162 imperiis
796 1077 1022 1159 hominumque

107 1167 174 1230 Tot
194 1164 355 1246 tantisque
377 1164 502 1228 minor?
523 1183 617 1245 quem
640 1169 688 1227 ter
708 1161 848 1229 vindicta
869 1167 1046 1244 quaterque

105 1251 144 1316 In
170 1250 252 1316 osita
273 1247 361 1314 haud
383 1267 534 1330 umquam
556 1249 674 1314 misera
696 1247 863 1313 tormidine
885 1248 1009 1333 privet?

105 1272 201 1401 Arlde
223 1353 329 1420 super,
352 1333 446 1399 dictis
468 1332 554 1415 quod
576 1353 639 1397 non
660 1331 764 1399 levius
785 1333 905 1398 valeat:
928 1352 1002 1397 nam

107 1420 184 1488 Sive
205 1419 343 1485 vicarius
366 1425 424 1495 est,
447 1418 501 1502 qui
524 1438 616 1485 servo
638 1424 739 1503 paret,
762 1418 815 1481 uti.
829 1438 899 1483 mos

59 1519 92 1567 ao
107 1507 224 1572 Vester
245 1505 307 1584 ait;
331 1524 387 1570 seu
410 1522 597 1570 conservus:
619 1503 676 1569 tihi
699 1503 776 1586 quid
799 1523 869 1568 sum
892 1504 976 1585 egoi
996 1521 1110 1587 nempe

105 1590 168 1667 Tu,
190 1590 268 1655 mihi
290 1588 345 1672 qui
365 1588 540 1687 imperitas,
562 1588 634 1654 aliis
657 1587 758 1654 servis
780 1587 891 1667 miser3
914 1594 1011 1671 atque

106 1676 264 1758 Duceris,
281 1683 316 1740 ut
336 1694 442 1741 nervis
464 1673 577 1740 alienis
598 1673 715 1740 mobile
736 1672 874 1755 signum.

147 1795 170 1825 v.
189 1780 230 1830 68.
254 1776 329 1843 Vulg.
351 1774 442 1837 Credo,
461 1781 566 1826 metues.
603 1777 643 1828 78.
663 1774 839 1840 Sept-edictis.
875 1776 917 1826 82.
935 1773 1060 1838 Lignum.

53 1896 191 1947 inbecillus
207 1911 273 1957 auin,
292 1896 373 1957 iners,
391 1899 417 1943 et
433 1892 509 1957 adde,
527 1896 553 1943 ai
568 1897 615 1954 uir,
631 1897 743 1959 popina.
767 1894 809 1944 Sic
827 1892 915 1943 Cicero
934 1892 966 1943 ad
982 1891 1095 1942 Atticum
1103 1891 1162 1953 vri,

53 1976 65 2017 t.
86 1966 113 2030 [ξ
133 1966 158 2026 3]
193 1963 339 2026 „Tironem
362 1962 452 2012 Putris
475 1975 586 2025 nemum
609 1962 721 2026 reliqui,
746 1962 949 2024 adolescentem,
974 1965 1006 2010 ut
1027 1961 1113 2021 noeti;
1137 1964 1164 2009 et

53 2033 114 2094 dds,
133 2032 218 2095 siquid
235 2032 283 2092 ris,
300 2031 428 2095 pratum:
451 2029 522 2079 nihil
538 2029 595 2079 aidi
611 2030 730 2081 melius.“
765 2031 848 2091 Haec,
866 2029 926 2093 quia
943 2028 1020 2092 vulgo
1036 2026 1103 2078 male
1121 2042 1162 2077 aa·

55 2100 97 2166 ipi
115 2100 206 2160 solent,
225 2097 306 2148 tribus
325 2097 408 2148 verbis
426 2097 561 2162 explicare,
579 2113 630 2147 non
647 2103 748 2163 praeter
766 2114 818 2149 rem
835 2114 888 2148 esse
905 2096 1044 2147 uidebatur.
1150 2146 1157 2166 ‚

111 2169 153 2219 68.
188 2167 300 2217 Evertit
315 2166 416 2229 credo,
433 2164 543 2234 metues]
578 2166 636 2215 Alio
653 2166 785 2216 verborum
802 2166 891 2215 ordine
908 2165 986 2215 codex
1003 2164 1098 2227 Regiae
1116 2163 1161 2213 So·

53 2237 153 2298 ietatis,
171 2234 301 2298 „tinardi
316 2250 425 2284 vratusratus
436 2249 534 2295 canno,
554 2233 697 2300 doctusque
715 2237 844 2285 canetis.‘⁴
870 2233 936 2298 quod
945 2239 970 2282 et
979 2232 1119 2295 elegantius
1137 2235 1163 2281 et

54 2304 150 2353 larius:
174 2319 232 2353 nam
249 2303 277 2352 in
295 2303 397 2366 vulgata
414 2302 524 2352 lectione
541 2302 639 2352 nescias
656 2303 739 2367 prime
756 2303 852 2363 fronte,
877 2306 961 2351 utrum
978 2300 1011 2348 ad
1028 2302 1112 2350 euasti
1128 2315 1161 2348 un

53 2372 74 2421 ‚d
92 2376 190 2421 metues
208 2370 364 2422 referendum
382 2371 416 2421 sit
432 2368 498 2421 illud
516 2369 607 2420 eredo:
627 2375 652 2423 et
663 2374 793 2436 practerea
810 2372 920 2420 medium
937 2367 1063 2418 clausulae
1080 2367 1162 2418 liben-

53 2441 95 2489 ius
113 2444 229 2503 occupat,
249 2454 324 2503 quarn
340 2439 454 2490 initium.
482 2437 570 2488 Cicero
588 2454 635 2503 pro
652 2440 785 2489 Deiotaro:
804 2454 858 2501 cup.
869 2440 893 2489 9.
912 2437 938 2502 [ὅ
949 2439 992 2498 24]
1011 2435 1161 2502 „Spernait

53 2507 126 2569 redo,
145 2506 270 2569 difficiles
288 2508 337 2556 titi
354 2506 538 2557 Aleuandriue
554 2505 615 2567 sore
633 2509 747 2557 muut‘
781 2505 877 2571 Philip.
895 2506 926 2558 V.
945 2521 1001 2570 cap.
1022 2507 1060 2556 13.
1079 2505 1106 2568 [ξ
1117 2507 1160 2570 3η

53 2576 210 2637 ‚Dubitaret
230 2573 312 2636 oredo,
332 2576 407 2624 homa
427 2577 624 2632 amentissimus,
638 2575 734 2625 bellurn
751 2574 854 2635 inferre
871 2576 981 2625 notist“
1002 2578 1028 2623 et
1045 2572 1117 2633 VIII,
1136 2574 1160 2624 9.

53 2644 131 2708 §iifl
167 2641 291 2708 „Nucula
309 2643 366 2704 troc,
385 2642 467 2703 credo,
486 2642 649 2693 admonuit.“
684 2644 743 2693 Nat.
761 2643 836 2695 Deor.
854 2642 934 2705 1,24.
971 2639 1044 2704 „Sed
1059 2641 1107 2691 uti
1123 2646 1162 2691 art

53 2714 159 2761 teritus?
176 2715 205 2760 in
223 2710 338 2772 mundis,
355 2710 439 2773 credo,
457 2711 719 2761 innurnerahilibur.‘⁴

112 2780 150 2831 ta.
185 2779 261 2829 Adde
277 2794 360 2843 supra
378 2779 469 2843 dictis,
494 2778 566 2843 quad
587 2795 642 2829 nan
662 2780 744 2829 leuius
761 2779 859 2840 valeat]
893 2777 973 2829 Neruo
989 2777 1055 2827 hauc
1072 2776 1161 2827 leutio·

53 2863 100 2898 rem
124 2847 208 2897 mendi
231 2848 348 2896 incusare
371 2853 470 2911 posset,
496 2846 548 2896 nisi
571 2846 648 2896 aliam
671 2847 893 2897 subministrarent
916 2845 1023 2896 codices.
1058 2845 1160 2909 Quippe

53 2920 162 2980 quattuor
170 2914 313 2977 Pulmauni,
332 2915 487 2978 totidemque
505 2930 534 2964 ex
551 2915 656 2977 nostris,
675 2915 811 2975 Patrensis,
830 2914 964 2976 Galesnus,
975 2913 1160 2977 Vigorniensis,

53 2989 68 3032 t
86 2999 101 3032 a
118 2983 198 3048 prima
215 2998 291 3032 manu
309 2982 460 3046 Reginensis
479 2998 564 3033 sunan
581 2983 687 3044 habent,
706 2999 756 3032 non
774 2997 865 3046 supra.
901 2982 970 3046 Lege
988 2997 1060 3045 ergo,
1079 2985 1104 3030 et
1122 2981 1160 3031 di·

54 3052 156 3116 tingue:
175 3050 371 3114 „Addasnnem
390 3051 549 3116 dictisquod
565 3065 619 3101 nan
638 3051 720 3101 leuius
738 3051 856 3101 ualend‘:
874 3051 921 3099 hoc
939 3054 985 3110 est,
1002 3048 1159 3114 superadde,

53 3120 112 3170 rdde
128 3123 245 3184 insuper,
263 3118 336 3184 quud
353 3120 440 3168 ualent
457 3135 511 3168 non
530 3119 612 3168 leuius
629 3122 663 3168 iis
681 3134 749 3183 quae
766 3120 832 3170 dini.
855 3118 956 3167 Plinius
974 3118 1042 3167 Hist
1060 3116 1159 3178 XXllI,

53 3192 66 3239 t.
93 3186 119 3253 [ξ
138 3188 180 3250 59}
215 3186 343 3251 „Acetum
361 3186 483 3251 prodest,
501 3202 577 3250 super
595 3202 625 3236 ea
641 3202 706 3251 quae
723 3187 847 3248 diximus,
872 3187 1051 3237 acescentibus
1068 3186 1159 3235 οἰὺπέέί

53 3254 132 3320 litgil
150 3257 210 3304 Aen.
230 3254 269 3316 Π,
287 3256 345 3306 592.
365 3256 434 3317 [593]
459 3270 603 3319 „roseoque
620 3256 685 3306 haec
702 3255 808 3320 insuper
825 3255 924 3305 addidit
941 3256 1013 3305 ore.“
1035 3253 1081 3317 XI,
1103 3256 1158 3305 107.

53 3330 87 3387 ‚et
109 3326 193 3373 audis
217 3323 282 3372 haec
305 3323 411 3386 insuper
433 3322 531 3371 addit.⁴‘
566 3322 653 3387 Super
670 3323 737 3373 idem
754 3339 784 3374 ae
801 3328 918 3388 insuper.
953 3323 1018 3373 Vide
1036 3322 1159 3373 Servium.

53 3393 135 3441 tester
151 3392 233 3455 Epist.
243 3391 278 3453 II,
296 3392 319 3441 2.
337 3406 359 3443 r.
371 3393 413 3443 33.
440 3391 563 3455 „Accipit
580 3396 605 3440 et
623 3392 661 3440 dic
679 3392 748 3442 dena
767 3407 842 3457 super
859 3395 979 3442 sestertia
996 3390 1160 3442 nurnnsum.“

53 3460 168 3511 .³haedrus
184 3458 228 3519 IV,
247 3460 287 3511 23.
307 3460 338 3521 [v.
357 3460 398 3521 13]
434 3461 533 3522 „Super
550 3461 629 3508 etiarn
647 3462 739 3521 iactae,
759 3465 847 3523 tegere
865 3459 937 3524 qrrod
953 3459 1028 3510 debet
1044 3458 1159 3523 pudor.“

110 3529 149 3580 82.
183 3527 310 3587 Ducenio,
338 3532 369 3576 ut
390 3529 479 3576 nervia
503 3527 599 3576 alienis
622 3528 717 3577 mobile
742 3527 855 3592 lignani]
890 3525 1007 3590 Lignum
1030 3530 1056 3575 ct
1073 3542 1159 3576 omnes

53 3597 152 3647 »mnium
170 3594 269 3645 codices
287 3598 437 3658 agnoscunt,
455 3599 480 3644 et
497 3597 592 3645 veteres
610 3595 774 3654 Scholiastae,
792 3594 1016 3658 quiairnuteatsra
1034 3593 1067 3642 de
1084 3594 1159 3657 tigno

53 3667 115 3714 ‘ncta
138 3664 343 3728 interpretantur.
378 3662 479 3712 Primus
502 3677 531 3712 ex
554 3662 699 3712 coniectura
724 3677 828 3712 smmum
853 3662 968 3726 reposuit
985 3660 1159 3711 nobilissimus

53 3734 129 3782 lauza
144 3737 224 3796 pater,
241 3736 266 3780 et
283 3735 342 3796 post
359 3729 431 3780 illum
450 3730 595 3780 Theodorus
611 3730 751 3781 Mamilius.
785 3730 872 3793 Recte,
890 3728 974 3792 siquid
992 3727 1091 3787 iudic03
1110 3729 1159 3779 etsi

53 3800 138 3850 remini
154 3799 289 3849 Editorum
298 3799 422 3849 hactenus
437 3798 464 3847 id
473 3799 652 3863 persuaserint.
678 3798 745 3859 Nou,
763 3797 831 3861 quod
847 3796 958 3847 nesciam
975 3794 1158 3860 Neue-capacia

54 3869 88 3918 lla
105 3867 246 3933 plerumque
266 3867 355 3931 lignea
368 3867 461 3927 fuisse3
480 3872 509 3916 ut
518 3866 591 3931 Apul.
602 3866 632 3916 de
641 3865 737 3915 Mundo
748 3868 782 3929 [p.
790 3869 830 3927 ld,
843 3866 873 3917 19
882 3865 973 3926 Elm.]:
991 3864 1098 3927 „Etiam
1108 3863 1158 3927 illi,

53 3939 91 4001 qui
107 3938 134 3985 in
142 3934 259 4001 ligneolis
276 3935 408 3985 hominum
425 3934 731 3999 figurisgesturrnouent,
750 3932 942 3997 quandafitum
951 3934 1068 3994 membri,
1087 3932 1160 3997 quod

53 4008 147 4069 igitare
162 4003 248 4053 solent
263 4003 336 4068 (lege,
353 4003 456 4066 uolunt)
475 4005 625 4065 truserint5
644 4002 810 4066 torquebitur·
828 4004 928 4064 cervis,
945 4001 1051 4051 nutabit
1068 4005 1157 4064 caput,

53 4072 115 4122 >criti
130 4072 278 4134 attrabunt,
295 4087 391 4121 rnanus
410 4071 631 4121 adnrinisteriurn
646 4074 754 4136 praesta
772 4075 859 4133 errent,
876 4084 924 4119 nec
933 4071 1070 4119 invenuste
1088 4072 1158 4118 totus

53 4140 172 4189 ridebitur
194 4139 307 4191 uicem.‘⁴
334 4145 359 4190 et
376 4139 483 4188 Lucian.
503 4137 533 4187 de
549 4138 603 4188 Dea
621 4138 694 4204 Syria
719 4137 746 4204 [ξ
767 4141 821 4200 iil:
851 4134 1158 4203 nauseamentis

53 4201 163 4274 troriuqr
179 4203 331 4275 ἐγείρουσι,
359 4203 402 4258 s'ni
421 4208 478 4257 τῶν
494 4203 540 4255 καὶ
558 4202 709 4257 sordedant
727 4204 855 4275 φέρουσι,
880 4199 983 4274 ἄνδρας
998 4201 1112 4275 μικροὺς
1129 4200 1157 4257 ἐκ
