2818 4758
173 298 214 358 70
566 310 597 369 q.
620 307 761 355 uonnru
782 306 905 354 runoor

228 443 414 509 sFervidus
437 449 540 508 tecum
563 462 653 527 puer,
675 447 708 508 et
730 441 843 508 solutis

257 529 390 609 Gratiae
413 527 512 605 zonis,
535 534 770 626 properentque
791 525 970 610 Nymphae,

257 614 299 678 Et
319 634 432 699 parum
456 611 554 677 comis
576 632 645 677 s1ne
667 618 698 679 te
719 613 881 689 Iuventas,

346 720 352 726 ·
411 695 660 779 Mercuriusque.

669 824 791 930 xxm.

529 984 595 1049 AD
627 981 930 1050 APOLLINEM.

257 1102 343 1182 Quid
365 1101 547 1167 dedicatum
568 1100 673 1187 poscit
693 1078 874 1186 Apollinem

257 1189 378 1253 Vates?
400 1187 477 1270 quid
499 1192 578 1264 orat,
602 1186 642 1252 de
663 1192 777 1271 patera
798 1205 915 1251 novum

300 1271 452 1337 Fundere
474 1272 652 1353 liquorem?
674 1291 737 1335 non
760 1269 886 1371 opimae

342 1356 508 1423 Sardiniae
531 1362 659 1437 segetes
680 1356 812 1432 lenaeum

225 1442 329 1506 eNon
351 1447 520 1506 aestuosae
542 1447 635 1522 grata
658 1440 826 1505 Calabriae

198 1604 200 1607 ¹
255 1528 427 1605 Armenta·
449 1546 512 1590 non
535 1545 658 1601 aurum,
682 1533 738 1590 aut
760 1526 840 1590 ebur
860 1522 1020 1601 Indicum3

298 1610 371 1676 Non
393 1632 478 1688 rura,
501 1631 585 1693 quae
606 1610 691 1675 Liris
713 1610 822 1692 quieta
977 1623 983 1631 “

340 1696 466 1760 Mordet
487 1715 573 1777 aqua
595 1694 772 1760 taciturnus
795 1694 908 1758 amnis.

255 1783 407 1846 Premaut
429 1779 581 1845 Calenam
603 1779 695 1859 falce,
719 1778 837 1861 quibus
857 1776 948 1844 dedit

213 1878 243 1927 10
257 1864 408 1943 Fortuna,
431 1865 543 1943 vitem;
567 1863 656 1930 dives
679 1869 715 1929 ut
736 1863 844 1931 aureis

297 1951 453 2016 Mercator
475 1949 612 2015 exsiccet
633 1948 761 2014 culullis

339 2034 423 2100 Vina
444 2034 527 2119 Syra
548 2040 698 2119 reparata
718 2042 833 2112 meree,

272 2170 295 2205 r.
315 2155 338 2204 9.
357 2152 429 2217 Vulg.
451 2151 556 2204 Calena.
595 2155 633 2204 10.
652 2152 728 2202 Dives
746 2156 772 2202 et
788 2168 841 2201 aur.

166 2313 1295 2387 ‚‚Tragoediaspoetammnobiliumromatquomsooaoaoatooitr‘siiemn.Deil-

168 2389 228 2439 lust.
239 2389 349 2439 Granum.
359 2405 380 2439 o.
392 2392 431 2441 io.
439 2390 562 2454 „Atisim
568 2384 1204 2452 studeamini,nobilisGrammatieusLatiaus.“
1211 2383 1296 2433 Sedet

167 2472 282 2522 cumpro
300 2458 347 2507 riis
357 2456 511 2508 Nominibus
520 2457 643 2524 copulant
656 2456 860 2521 Ciceroaliique;
876 2452 999 2519 „Nobilis
1006 2452 1094 2520 Spita,
1104 2453 1259 2503 Honoratus
1267 2454 1296 2500 et

168 2525 267 2575 nocito
309 2526 346 2575 ba
381 2525 463 2589 didos,
481 2524 587 2575 Nobilis
604 2530 631 2575 et
647 2524 737 2575 clarus
753 2525 929 2575 Dmnotrius.“
965 2523 1042 2572 Recte
1066 2525 1150 2571 tamen
1168 2519 1236 2570 alias
1254 2518 1295 2568 di·

167 2606 225 2641 cere
241 2592 339 2657 poteris
384 2593 466 2642 obiter
484 2593 580 2643 libros:
604 2597 634 2641 ut
647 2592 742 2643 Noster
758 2592 786 2642 in
805 2594 867 2642 Arte
889 2592 949 2650 258,
973 2588 1115 2641 Nobilibus
1138 2587 1224 2637 Ennii
1245 2590 1295 2636 tri·

168 2660 276 2708 metris.-
302 2663 328 2708 et
345 2659 472 2709 Martialis
490 2659 547 2725 VII,
565 2662 606 2712 46.
625 2659 712 2722 „Nam
730 2675 771 2710 nse
789 2660 881 2724 diligit
902 2659 956 2723 sito,
977 2660 1186 2724 promimumqua
1206 2652 1297 2705 Tarni

167 2723 299 2776 nobilibus
316 2732 396 2792 putat
411 2726 532 2777 libellis.“
568 2728 700 2777 Sententia
717 2728 806 2792 igitur,
833 2732 1023 2790 utramcumque
1045 2725 1182 2775 lectionem
1204 2738 1294 2787 seque·

168 2794 214 2854 ris,
232 2793 319 2843 eodem
336 2794 442 2844 recidit:
460 2794 552 2845 inille
571 2800 654 2845 tamen
674 2797 831 2846 constructio
849 2799 887 2845 est
904 2794 1006 2844 mollior
1023 2798 1050 2844 et
1067 2791 1207 2842 venustior.

237 2862 261 2912 9.
279 2859 408 2911 Fremant
421 2860 519 2913 Calena
535 2862 614 2925 falec,
633 2865 728 2928 quibua
745 2863 820 2914 dedit
827 2863 957 2925 Fortuna,
975 2864 1063 2923 vitatu]
1083 2860 1162 2924 Lego,
1180 2874 1233 2909 non
1250 2858 1296 2908 lit·

166 2933 230 2988 tera,
249 2928 292 2978 sed
309 2929 405 2980 lineola
422 2930 554 2980 dumtaxat
571 2930 667 2992 addita,
690 2932 838 2995 „Premont
854 2931 973 2980 Calenam
995 2929 1075 2991 laice,
1099 2928 1195 2993 quibus
1219 2926 1296 2976 dedit

166 2995 296 3056 Fortuna,
318 2999 423 3048 citara.“
458 2998 502 3049 Sic
519 2999 587 3048 enim
605 3006 631 3049 st
647 2999 800 3064 compositio
817 2999 919 3049 suavior
928 3003 974 3060 est,
992 2996 1168 3061 etEpithetou
1178 2993 1295 3059 digniori

163 3063 289 3115 vocabulo
307 3064 437 3116 tribuitur.
473 3065 565 3131 virgil.
583 3067 675 3131 Georg,
693 3068 715 3130 1,
737 3070 790 3120 157.
826 3072 871 3130 „et
894 3068 969 3116 ruris
997 3067 1077 3130 opaci
1091 3064 1167 3113 Falce
1193 3077 1294 3128 promes

166 3134 301 3183 umbras.“
336 3132 608 3200 NosterEpod.2,13.
642 3135 824 3200 „lucidasque
838 3134 903 3185 falce
912 3132 1170 3198 ramosamputans.“
1188 3129 1242 3179 Ubi
1255 3130 1295 3179 ri-

165 3200 211 3249 des
230 3197 262 3250 τὸ
279 3199 351 3261 falce
374 3202 446 3252 nullo
463 3203 587 3268 Epitheto
604 3202 761 3254 comitatum.
795 3202 867 3253 Alibi
885 3206 969 3252 tamen
987 3204 1074 3250 noster
1088 3199 1170 3249 Carm.
1180 3199 1202 3260 Ι,
1212 3199 1255 3260 20,
1267 3199 1292 3249 9.

166 3267 341 3333 ‚florentum
360 3275 386 3320 et
402 3270 489 3335 praelo
507 3270 635 3321 domitam
644 3269 739 3321 Caleno
757 3269 796 3321 Ta
807 3270 992 3321 bitascvam.“
1025 3271 1109 3332 Atque
1119 3268 1190 3330 hine,
1208 3264 1294 3329 eredo,

82 3341 87 3349 '
128 3366 133 3374 ·
166 3333 294 3385 Librariis
317 3352 380 3386 ansa
397 3338 457 3387 data
474 3342 513 3388 est
538 3337 570 3387 ad
595 3333 663 3388 huire
681 3337 765 3388 locum
782 3337 1002 3403 corrumpendum.
1037 3336 1087 3386 Sed
1104 3334 1222 3401 proiecto
1239 3349 1293 3383 non

166 3417 245 3465 parva
263 3404 291 3452 in
308 3404 349 3453 his
368 3406 467 3455 duobus
490 3405 636 3456 differentia
653 3410 704 3457 est:
727 3405 810 3456 Falce
827 3407 895 3470 enim
914 3405 1021 3465 Calena,
1047 3419 1111 3469 qnae
1129 3402 1181 3452 alio
1200 3402 1292 3467 quovis

163 3469 242 3519 facile
263 3470 396 3521 transferri
412 3478 506 3539 potest,
524 3474 627 3538 qnaeris
645 3474 783 3534 aberitis,
802 3474 879 3524 etiam
895 3473 1045 3537 Veientana,
1071 3470 1171 3522 tonderi
1188 3473 1291 3536 posset:

163 3536 259 3602 praelo
277 3554 336 3587 vero
356 3536 461 3605 Caleno,
480 3542 548 3606 qnod
566 3542 634 3592 inter
651 3541 796 3592 immobilia
813 3543 895 3607 magis
904 3546 1058 3602 numeretur,
1076 3556 1128 3591 non
1146 3538 1200 3588 alia
1216 3541 1291 3604 pote·

164 3604 200 3654 rit
217 3605 299 3670 premi
316 3621 374 3669 nra,
393 3608 444 3658 nisi
463 3625 526 3674 qnae
544 3608 649 3660 Calibus
666 3614 728 3660 nata
745 3610 787 3661 sit.

237 3676 276 3725 10.
294 3674 376 3725 Diues
398 3681 425 3725 ei
447 3680 538 3727 aureis
554 3675 691 3729 Mercator
714 3680 831 3728 easieost
853 3676 961 3728 metuitis
979 3674 1050 3726 Vina
1067 3674 1141 3741 Syra
1158 3678 1292 3739 reparata

163 3744 261 3804 merca]
279 3739 451 3793 Vetustissimi
469 3744 519 3795 dno
537 3760 568 3795 ex
585 3745 689 3807 nostris,
707 3745 849 3807 Leidensis‚
875 3749 901 3795 et
925 3759 957 3794 ex
973 3744 1056 3810 prima
1072 3758 1150 3793 manu
1168 3741 1291 3792 Graeviu-

165 3824 222 3872 nus‚
258 3808 350 3873 „diues
380 3815 410 3861 ut
444 3815 562 3862 aureaf‘
602 3814 638 3863 Et
663 3812 700 3863 sio
735 3828 836 3878 quoqne
860 3812 1015 3864 scholiastes
1039 3814 1112 3861 retus
1135 3810 1290 3875 Porphprim

165 3877 234 3941 quod
251 3882 367 3942 argutam
385 3893 445 3929 rane
462 3880 614 3930 sententiam
633 3881 751 3942 efflueret.
770 3881 791 3931 si
809 3886 938 3946 reparato
956 3896 1013 3930 oum
1033 3879 1108 3943 vulgo
1119 3879 1292 3943 interpretum

163 3959 212 4009 pro
230 3950 391 3997 commutata
409 3948 593 4014 acciperemus:
611 3949 665 3999 Alii
683 3947 788 3999 Calibus
804 3950 892 3999 vineta
909 3948 1003 4009 colant,
1020 3962 1111 4011 nempe
1128 3951 1158 3994 ut
1174 3945 1291 4010 pretiosa

164 4012 224 4062 rina
242 4011 351 4065 habeant
359 4014 520 4077 Mercatura,
545 4032 609 4081 quse
627 4016 753 4067 mercibus
763 4016 874 4083 Syriacis
884 4019 1027 4082 permutata
1044 4030 1075 4065 ex
1090 4010 1173 4064 aureis
1184 4012 1291 4064 culullis

164 4078 277 4130 ebibant.
306 4081 427 4133 Satirias:
446 4089 574 4149 tamqnam
583 4100 635 4135 non
644 4101 818 4150 possessorum
826 4084 919 4134 mensis
929 4083 990 4133 rina
1000 4081 1094 4133 Calena
1111 4086 1289 4140 nascerentur,

163 4147 208 4225 sed
217 4147 326 4199 divitum
334 4156 509 4214 mercatorum,
529 4151 596 4217 quia
610 4153 720 4203 dominis
731 4156 889 4203 esemerent.
926 4150 976 4202 Sed
994 4150 1088 4213 nescio,
1106 4165 1139 4199 an
1151 4147 1290 4214 quisquam

164 4216 441 4279 eroumquamlooutns
458 4219 505 4280 sit3
523 4226 652 4284 reparata
669 4236 717 4286 pro
735 4219 872 4285 emptarel
890 4218 1070 4270 commutata?
1104 4216 1204 4268 Poteris
1221 4219 1290 4267 ruina
