2840 4752
413 254 728 304 summonitionem.
752 249 776 299 ἵ.

73 402 95 451 e
108 388 310 471 Responsare
331 386 544 473 cupidinibus,
566 394 767 454 contemnere
788 386 925 452 honores

106 472 228 536 Fortis:
251 471 337 536 etin
360 472 466 559 seipso
488 480 574 541 totus
581 495 589 554 ;
613 481 697 538 teres
719 478 816 555 atque
838 472 1002 547 rotundae,
1083 518 1086 523 »

106 556 237 621 Externi
259 575 299 621 ne
321 557 399 639 quid
420 558 527 625 valeat
548 577 606 644 per
630 558 699 623 leve
721 557 853 636 morari,

107 642 145 705 In
167 660 261 723 quem
283 661 397 708 mauce
418 644 482 709 ruit
503 663 629 730 semper
650 643 787 708 fortuna.
831 647 964 727 potesne

108 727 158 790 Ex
180 726 240 804 his,
263 733 299 792 ut
319 728 494 813 proprium,
517 729 595 812 quid
616 732 772 794 noscere?
792 728 933 810 quinque
955 726 1074 792 talenta

72 811 218 878 roPosoit
239 818 270 877 te
292 811 415 892 mulier,
437 822 542 892 vexat,
565 813 750 896 foribusque
772 812 935 898 repulsum

108 895 276 962 Perfundit
297 897 421 981 gelida:
444 919 556 965 rursus
578 905 679 965 vocat.
724 898 811 983 eripe
833 896 919 983 turpi

111 981 202 1047 Colla
223 981 315 1064 iugo:
341 982 447 1062 Liber,
470 984 551 1051 liber
572 1002 654 1063 sum,
677 983 728 1049 die
749 1004 820 1065 age.
865 1002 927 1047 uon
950 981 1039 1064 quis:

72 1149 140 1183 rsum
158 1138 240 1198 po'etu,
259 1136 326 1199 quod
344 1137 372 1185 in
389 1136 488 1197 famuli
504 1145 584 1187 morte
602 1141 653 1186 tum
673 1136 885 1200 ueerbelugeret:
904 1133 1054 1195 Fumarium,
1072 1133 1166 1198 inquit,

72 1204 138 1265 emir,
156 1201 203 1251 sed
216 1205 301 1268 pium,
318 1203 459 1254 redotente
468 1208 628 1269 ingenuum:
645 1204 805 1268 „Ferreolum
815 1206 952 1268 (quonium
970 1217 1060 1253 remum
1077 1203 1167 1252 omniu

72 1285 128 1319 recu
147 1269 192 1320 Sic
209 1273 302 1321 miscet
317 1270 430 1332 fortuna
447 1288 537 1333 muner,
563 1288 612 1322 nee
626 1277 737 1338 pectora
755 1276 839 1324 nouitr
858 1270 911 1322 Sed
926 1270 1058 1332 famulum
1075 1273 1168 1334 gemis,

72 1338 122 1401 ree,
139 1340 215 1403 pium
232 1367 265 1376 -
281 1342 327 1390 eui
342 1345 478 1391 stemmate
494 1343 583 1391 rnuior
600 1339 723 1390 Libertus
740 1357 774 1391 ece
790 1345 876 1390 mente
892 1338 972 1400 litii.“
1006 1339 1070 1388 Esto
1087 1337 1169 1402 igitur

73 1406 171 1466 mulus3
197 1408 230 1465 (ri
247 1406 354 1473 doteque
372 1413 426 1458 tum
444 1408 513 1458 dura
531 1410 653 1474 plueent;
670 1410 717 1458 hoo
735 1414 783 1471 est,
800 1413 830 1456 ut
847 1412 899 1457 tarn
916 1404 1030 1457 liberalis
1047 1421 1112 1471 puer
1129 1406 1168 1454 in·

72 1474 164 1523 >lissei
181 1476 300 1526 noscendi
320 1476 469 1527 conditione
486 1476 526 1526 vel
543 1477 701 1542 captivitatis
720 1476 870 1531 sortesoret
886 1478 981 1537 servus)
1001 1475 1169 1524 athominem

72 1544 147 1602 emin
167 1542 230 1606 quid
247 1543 289 1593 hie
306 1543 471 1609 pudendum?
495 1550 590 1609 quanto
607 1546 655 1594 hoe
671 1545 772 1608 iustius,
791 1559 866 1608 quum
884 1543 950 1607 quod
960 1542 1056 1592 Persae
1074 1557 1169 1606 equum

72 1614 155 1673 retem,
172 1609 283 1661 Molossi
299 1627 391 1662 eonem
408 1613 492 1675 fidum
511 1613 604 1678 tergent
620 1615 785 1663 extinctum?
802 1611 872 1661 Huee
884 1610 962 1661 Statii
974 1609 1099 1660 sententie
1117 1614 1167 1670 est3

72 1693 77 1727 z
94 1682 182 1728 notum
201 1684 239 1728 est
252 1679 318 1730 illud
327 1680 437 1731 Senecae
455 1681 547 1747 [Epist.
557 1680 656 1730 XLVII
667 1680 683 1746 ξ
696 1683 733 1743 1];
752 1679 937 1743 „Seroiemeti
953 1681 1032 1727 immo
1047 1678 1169 1728 homines.

72 1748 218 1800 eruissent?
235 1749 315 1798 immo
325 1748 534 1799 contubernales.
562 1747 639 1799 Servi
654 1752 736 1799 sunt?
753 1747 953 1798 imnrolmmrler
971 1748 1077 1799 amiei.“
1103 1746 1171 1796 Illud

72 1829 150 1878 noque
161 1814 238 1864 iidem
255 1815 401 1877 infeliciter,
419 1817 565 1878 dominere,
586 1816 656 1879 Urso,
675 1818 762 1877 iurem
779 1822 809 1865 ut
822 1815 899 1865 honre
917 1815 959 1864 hio
977 1829 1081 1864 servum
1091 1819 1170 1879 notet,

72 1882 257 1933 remedmodum
276 1884 645 1949 suepeapudlurisoonsultos:
664 1884 741 1934 immo
749 1900 808 1934 vero
818 1889 901 1944 mum,
919 1898 970 1932 nou
989 1882 1171 1945 adnominem,

72 1950 94 1999 rd
112 1951 145 2000 od
161 1954 299 2002 servitium
310 1953 389 2012 refe13
407 1957 436 2002 ut
454 1967 530 2017 supra
547 1953 764 2018 interpunximus:
783 1953 923 2013 hominem,
941 1952 1078 2011 euituum,
1099 1948 1171 2014 Urso,

72 2021 190 2068 resilirem
207 2025 266 2069 erat
282 2021 382 2070 volenti
399 2020 489 2070 dulce:
507 2025 537 2070 ut
551 2021 638 2086 paullo
656 2020 724 2070 inira
742 2024 773 2083 [v.
784 2022 836 2082 21],
855 2018 929 2084 „eidi
945 2021 1001 2084 ipre
1018 2020 1173 2084 animosque

72 2089 145 2136 otavi
165 2084 201 2136 Te
218 2092 321 2138 tuntum
339 2091 471 2155 cupientes
488 2089 611 2138 herund‘:
643 2089 737 2154 qnippe
756 2088 798 2136 eui
815 2089 843 2136 in
861 2088 1006 2137 universum
1026 2086 1103 2136 derlee
1119 2103 1173 2136 rer·-

71 2157 146 2204 r'tium
164 2161 209 2220 ert,
227 2157 249 2205 is
267 2172 318 2208 non
336 2157 409 2207 modo
425 2172 477 2207 non
492 2161 601 2222 pectore
618 2157 685 2207 liber·
701 2155 849 2219 censendus,
868 2154 911 2205 sed
925 2154 1103 2219 Cappadocum
1121 2171 1173 2204 om·

71 2224 124 2272 ium
141 2227 292 2288 postremus.
326 2228 409 2290 Atque
426 2226 487 2274 haee
506 2224 596 2288 obiter,
614 2240 666 2274 non
685 2225 805 2290 quaesitu,
824 2224 867 2273 sed
885 2228 975 2287 sponte
993 2222 1077 2273 oblate
1095 2222 1173 2273 eluci·

71 2291 174 2341 nrimus.
210 2291 246 2341 Ut
263 2291 324 2342 illuo
341 2292 454 2355 redeam,
479 2293 546 2343 unde
571 2292 688 2352 discessi;
715 2293 810 2342 Seneca
829 2306 942 2357 quoque,
967 2291 1011 2341 sed
1028 2290 1080 2340 alio
1097 2290 1174 2357 plane

71 2373 142 2421 eusu,
167 2359 270 2410 eundem
288 2361 394 2426 phrasin
412 2361 553 2426 usurpavit,
579 2360 662 2411 Praei.
680 2362 711 2411 ud
729 2361 767 2410 IV
783 2360 843 2410 Nat.
862 2358 963 2416 Quaest.
990 2359 1016 2424 [ξ
1035 2360 1060 2421 2]
1095 2357 1176 2424 „Tibi

71 2441 140 2477 reum
158 2431 255 2493 optimo
273 2433 411 2491 eonvenit,·
429 2444 477 2479 nee
493 2432 591 2479 mirum
603 2432 700 2495 parteis
717 2429 747 2478 id
764 2430 934 2492 contingere:
951 2426 1083 2493 imperiosi
1101 2426 1175 2476 nobis

71 2494 148 2559 isis*)
168 2501 194 2546 et
209 2497 314 2547 molesti
328 2499 446 2547 sumere.“
471 2497 580 2562 Propius
598 2497 629 2547 ad
647 2497 734 2546 Plueei
751 2500 860 2547 mentem
878 2494 976 2545 secedit
993 2494 1093 2544 Plinius
1105 2495 1174 2546 Hist.

71 2562 173 2627 XXIV,
192 2566 215 2617 8.
235 2565 261 2631 [ξ
280 2567 323 2628 62]
359 2564 444 2630 „Mire
459 2571 572 2629 gratum
593 2563 697 2615 Tiberio
713 2566 848 2630 principi,
875 2566 993 2629 quinon
1011 2565 1097 2627 quivit
1114 2568 1176 2613 tern-

73 2647 151 2681 ernre
167 2633 219 2682 ribi
234 2636 264 2683 ire
283 2649 321 2696 eo,
339 2648 499 2699 quemquam
517 2633 667 2698 imperiosus
685 2634 725 2682 sui
743 2636 771 2682 ire
790 2634 868 2682 initio
878 2633 1074 2697 principaturf‘
1096 2631 1176 2680 Porro

71 2707 80 2747 t
97 2700 208 2750 inversu
226 2706 345 2767 sequente
355 2701 551 2751 succurrendum
568 2705 606 2751 est
614 2702 724 2752 Horatio
742 2705 831 2750 contre
847 2701 1010 2765 Interpretes,
1029 2698 1073 2763 qui
1090 2698 1177 2763 ignari

71 2773 81 2817 t
103 2764 171 2817 nihil
194 2769 254 2819 muli
278 2770 419 2834 eogitantes
443 2770 594 2819 sententium
618 2769 813 2834 pulcherrimam
836 2767 997 2833 strangulant
1021 2772 1047 2817 et
1069 2766 1176 2828 elidunt,

73 2841 99 2885 et
116 2838 145 2885 ire
163 2852 190 2885 ee
207 2839 265 2903 ipro
284 2842 355 2888 tolus
373 2842 441 2888 teres
458 2843 538 2903 utque
555 2837 716 2889 romndus.“
750 2836 819 2894 Quid
834 2836 917 2901 enim,
935 2833 1032 2896 amabo,
1050 2840 1089 2884 est
1107 2840 1178 2885 tome

71 2902 317 2971 otrmdrcriutique
329 2906 379 3024 poi
398 2905 549 2970 simpliciter
566 2905 689 2955 rotundus
706 2909 758 2967 est,
782 2908 851 2954 totus
872 2905 907 2953 sit
930 2902 1053 2953 rotundus
1077 2918 1177 2953 neeesse

71 2976 101 3021 st.
133 2972 196 3037 quid
212 2979 328 3024 autemr

71 3040 146 3091 ossio.
180 3042 234 3105 Tu,
251 3041 271 3091 si
290 3042 373 3107 sepis,
390 3042 427 3092 sio
445 3041 586 3106 distingue,
610 3047 655 3105 „et
670 3045 699 3091 r'n
716 3058 744 3091 re
761 3044 819 3106 ipro
838 3045 924 3103 ἰθέως
951 3044 1019 3089 teror
1037 3044 1118 3104 atqrre
1135 3055 1178 3089 ro-

71 3108 170 3171 απάνις,
198 3109 314 3159 Eoeterni
336 3109 437 3175 nequid
457 3109 548 3160 voleat
569 3126 618 3175 per
643 3109 698 3159 leve
720 3109 853 3159 moruni‘:
880 3112 910 3158 ut
927 3122 958 3158 ex
975 3123 1026 3158 uns
1043 3123 1094 3157 non
1113 3108 1179 3161 bone

71 3178 185 3227 ententie
203 3178 267 3228 duee
285 3178 432 3228 exoriantur
448 3177 524 3242 longe
542 3179 660 3242 optimae.
695 3177 882 3241 Prinassum,
901 3174 1013 3242 Sapiens
1030 3178 1059 3225 in
1076 3191 1104 3226 re
1121 3178 1179 3242 ipro

71 3251 129 3295 otus
146 3251 199 3310 eet,
223 3246 269 3297 hoe
288 3252 339 3306 est,
363 3247 391 3295 in
415 3262 441 3296 se
464 3262 516 3295 uno
540 3260 585 3295 sue
602 3246 678 3311 ponit
694 3246 793 3306 omnia3
818 3261 870 3295 non
889 3245 989 3309 quaerit
1006 3260 1032 3294 se
1050 3248 1119 3295 extre
1137 3260 1178 3306 se3

71 3313 124 3365 thil
142 3329 224 3378 suurn,
243 3315 295 3364 nisi
312 3329 346 3376 se,
364 3330 417 3364 esse
435 3314 571 3364 existimet.
598 3313 687 3364 Cicero
704 3314 826 3365 Psmdox.
837 3314 872 3363 ΙΙ.
891 3313 971 3379 [517]
999 3310 1078 3374 „Non
1092 3318 1182 3378 potest

71 3397 112 3431 ron
131 3383 296 3432 beatissimum
314 3398 375 3446 erre,
394 3383 439 3446 qui
457 3387 526 3432 totus
544 3385 618 3447 uptus
636 3386 674 3432 est
692 3398 722 3432 ex
739 3399 800 3445 sese,
823 3382 912 3447 quiin
931 3397 957 3431 se
974 3397 1025 3431 uno
1043 3396 1089 3431 sue
1106 3382 1181 3445 ponit

71 3449 170 3500 mniaf‘
210 3451 280 3501 Idem
303 3450 405 3501 Tuseul.
424 3450 455 3501 V.
483 3454 515 3513 [o.
534 3452 565 3501 10
591 3449 667 3518 §301
702 3449 777 3515 „Nee
801 3451 892 3500 dolore
915 3464 1000 3514 neque
1021 3454 1181 3515 paupertate

71 3520 164 3581 errori,
183 3519 317 3583 omniaque
335 3516 385 3569 sibi
403 3518 430 3567 in
449 3533 502 3568 sese
520 3533 573 3568 esse
591 3518 701 3583 ροείῑα]ί
735 3519 772 3568 Et
788 3518 883 3568 ibidem
902 3520 932 3579 [o.
954 3519 983 3569 12
1003 3517 1019 3583 ξ
1038 3518 1094 3579 361:
1112 3516 1182 3579 „Oui

71 3589 118 3635 o‘ro
136 3602 167 3635 ex
184 3602 210 3636 so
227 3587 285 3652 ipso
303 3591 364 3651 epta
381 3590 442 3636 sunt
465 3587 564 3650 omnia,
592 3602 660 3653 qnae
683 3585 720 3635 ud
737 3584 968 3636 beutevivsndum
985 3583 1104 3644 ferunt.“
1139 3585 1182 3635 Se·

71 3669 123 3704 reos
146 3653 247 3707 Consol.
270 3655 303 3705 sd
325 3654 443 3704 Helviam
466 3653 541 3707 XIII.
566 3655 592 3720 [ξ
611 3657 637 3717 4]
672 3653 844 3720 „Ignominia
869 3658 899 3702 tu
920 3657 1001 3718 putor
1024 3666 1182 3718 utrumquem

71 3722 212 3788 iupientem
230 3725 328 3774 moveri
340 3737 427 3789 porse,
445 3725 493 3787 qui
509 3722 595 3772 omnis
612 3723 640 3772 iu
657 3738 684 3772 se
701 3721 849 3786 reposuit?“
867 3720 905 3770 De
917 3719 1067 3770 Constantis
1083 3735 1138 3784 esp.
1150 3720 1181 3771 V.

71 3791 134 3856 §41
175 3789 306 3857 „Sapiens
324 3797 411 3841 autem
434 3790 505 3840 nihil
527 3790 638 3856 perdere
655 3795 755 3856 potest,
781 3789 865 3839 omnis
882 3788 910 3838 in
929 3804 954 3838 se
972 3787 1112 3853 reposuit.“
1146 3789 1182 3838 Et

71 3858 171 3923 rapvl.
190 3859 216 3925 [ᾖ
227 3861 253 3922 3]
276 3858 492 3924 „Neequiequsm
503 3874 583 3921 snum,
602 3859 654 3908 uisi
671 3875 705 3920 se,
723 3861 796 3923 putet
814 3872 874 3920 esse,
893 3860 1182 3922 commotionemque

71 3927 157 3977 oetier·
174 3931 238 3979 ert.“
272 3928 310 3977 De
328 3927 388 3977 Vita
406 3924 480 3978 beets
496 3926 567 3979 XVI.
591 3927 618 3992 [ξ
637 3929 662 3989 3]
697 3925 788 3990 „Quid
810 3928 879 3975 enim
898 3924 984 3975 deesse
998 3928 1087 3989 poteri
1104 3929 1182 3975 ostra

71 4010 140 4044 >mne
158 3995 318 4047 desiderium
334 3998 440 4061 posito?
480 3994 529 4045 uid
546 3998 711 4046 eoetrinreerrr
730 4009 795 4057 opus
813 3998 851 4043 eet
868 3995 908 4056 ei,
926 3994 973 4057 qui
990 3991 1074 4042 omnis
1091 4006 1137 4042 sua
1155 3992 1182 4042 iu

71 4080 89 4112 re
109 4062 212 4129 collegit
219 4065 246 4113 ?“
264 4064 348 4129 Epist
368 4012 479 4115 CXXqu.
500 4064 526 4129 [ξ
544 4065 587 4126 23]
615 4062 745 4126 „Animus
762 4077 845 4127 supra
864 4062 1025 4111 humanare
1043 4060 1183 4124 extollens,

71 4130 130 4182 rihil
156 4137 226 4182 extra
253 4147 279 4181 se
308 4131 348 4181 sui
374 4133 498 4197 ponens.“
532 4130 661 4190 Secundo,
688 4129 819 4196 „Sapiens
842 4134 910 4181 teres
936 4133 976 4178 est
1001 4133 1027 4179 et
1042 4128 1182 4191 rotundus,

115 4215 138 4269 ‘i
152 4216 183 4270 [v.
197 4214 289 4269 0041000]

347 2973 445 3023 tundere
462 2977 491 3023 θη
508 2973 612 3039 seipso?
639 2974 711 3038 quasi
729 2973 822 3037 aliquis
840 2976 920 3021 extrue
937 2988 966 3021 re
981 2971 1106 3021 rotundus
1124 2987 1178 3021 esse
