2840 4762
383 237 562 286 crambes
582 237 650 284 Lm.
671 236 693 283 1.
709 231 734 283 l.

106 375 211 461 lptum
233 371 317 439 dicet
338 371 430 456 equis
452 370 558 453 Argos
580 371 728 454 ditesque
749 371 911 456 Mycenas.

138 461 187 525 lle
209 477 314 542 neque
336 463 401 522 tam
423 457 550 542 patiens
572 456 805 532 Lacedaemon,

106 547 162 611 ‚lec
183 551 248 609 tam
270 541 423 609 Larissae
443 542 603 627 percussit
624 561 757 625 campus
779 540 915 626 opimae,

137 629 239 709 Quam
261 627 377 693 domus
398 627 566 692 Albuneae
587 626 777 703 resonantis,

106 717 135 779 it
178 733 309 799 raeceps
331 711 423 790 Anio,
445 731 484 776 ac
506 710 641 777 Tiburni
663 711 765 783 lucus,
788 715 820 775 et
842 709 907 775 uda

168 799 304 864 obilibus
326 796 472 883 pomaria
492 796 579 861 rivis.

194 934 218 969 r.
235 918 259 968 9.
277 915 353 980 vug.
374 915 455 966 Dicit.
509 917 548 967 lb.
566 912 624 964 Nec
639 917 700 964 tam.
755 913 794 964 13.
813 911 851 962 Et
866 911 924 965 Tib.

106 1052 122 1102 ri
139 1052 229 1102 linctus
247 1050 341 1103 Fontis
357 1049 596 1100 nominenominee
607 1049 740 1100 nostrum?
774 1047 854 1111 aude,
872 1049 939 1112 quod
957 1066 1131 1117 quaecumque

114 1120 213 1171 Erasini
231 1119 403 1169 coniecturam
421 1116 537 1182 superius
555 1116 732 1180 disseruimus,
748 1115 834 1167 eadem
852 1116 937 1167 omnia
954 1118 994 1168 vel
1012 1118 1131 1185 iiaplura

106 1206 126 1238 rs
143 1189 208 1238 banc
225 1187 345 1239 militant.
374 1185 500 1240 Quorsum
518 1185 584 1237 enim
604 1185 729 1250 decerpta
748 1182 823 1245 oliva,
842 1191 871 1234 ut
888 1200 945 1234 cum
962 1186 1044 1237 Fonte
1061 1203 1129 1239 com-

106 1259 129 1307 τι
155 1255 281 1311 Quorsum
302 1251 423 1318 Undique
440 1253 572 1317 decerpta3
590 1268 647 1302 cum
666 1251 803 1302 secundum
822 1252 1048 1304 haucsententiam
1061 1257 1130 1307 solae

108 1362 115 1386 ,
134 1339 196 1389 quaa
213 1320 319 1391 Mcpiur
336 1325 439 1371 vocatae
456 1325 525 1380 sunt,
548 1319 661 1384 intelligi
678 1320 831 1371 debuerint?
871 1320 997 1376 Quorsum
1018 1321 1130 1389 denique

106 1398 178 1443 uetuc
196 1394 322 1455 carmine,
340 1405 391 1454 quo
406 1388 564 1439 Athenarum
582 1388 669 1439 laudes
686 1388 799 1453 undique
817 1392 951 1454 congestae
965 1389 1068 1453 fuerint,
1087 1409 1129 1443 su·

106 1464 156 1510 ivae
172 1459 286 1509 mentio?
320 1457 357 1507 Ut
379 1455 456 1507 semel
478 1456 575 1517 dicam3
593 1456 621 1506 in
646 1456 794 1520 refingendo
815 1456 864 1507 boc
887 1456 944 1507 loco
962 1458 1129 1523 perdiderunt

106 1543 201 1592 >peram
218 1531 257 1577 tot
275 1525 323 1576 riri
342 1524 450 1585 eruditi;
475 1539 532 1574 cum
557 1524 660 1588 vulgata
683 1524 761 1574 lectio
784 1529 810 1574 et
830 1529 899 1574 reeta
916 1526 1065 1591 sinceraque
1083 1528 1127 1591 sit,

109 1614 133 1645 m
151 1595 298 1646 commentis
314 1593 390 1658 longe
407 1592 505 1654 melior,
523 1596 549 1643 et
565 1592 620 1643 sola
636 1609 683 1643 suo
699 1597 802 1643 auctore
820 1592 905 1657 digna

116 1666 216 1729 Aprum
235 1662 301 1712 dicit
323 1663 398 1726 equis
415 1660 514 1724 Argue]
550 1660 629 1710 Dicet
651 1660 691 1710 bis
714 1660 810 1710 citatur
832 1659 900 1725 apud
926 1660 1041 1711 Servium
1064 1663 1126 1713 Aen.
1184 1657 1186 1663 ’

106 1737 131 1781 et
148 1731 196 1795 XI,
213 1732 270 1783 alc.
289 1734 365 1794 atque
382 1728 420 1778 ita
437 1727 533 1778 habent
548 1727 665 1778 meliores
683 1728 734 1778 dno
744 1728 806 1778 libri
814 1729 959 1793 Pulmarmi,
976 1730 1127 1781 Bersmanni

106 1807 124 1849 rt
140 1815 171 1849 en
192 1799 255 1849 meis
279 1797 444 1856 Graerianua
467 1795 651 1847 subcuneati
669 1795 755 1861 Magd.
779 1795 872 1860 quibus
896 1796 995 1847 accedit
1012 1797 1129 1848 Lauren·

108 1867 238 1918 Torrentii
263 1866 291 1915 in
324 1881 374 1929 quo
399 1869 438 1914 est
456 1863 540 1914 ducet.
575 1863 654 1914 Dicet
671 1864 752 1929 igitur
768 1866 859 1928 Argos,
877 1869 907 1915 ut
923 1869 1007 1927 antea,
1033 1866 1129 1916 lauda·

106 1935 204 1985 :hodon
253 1933 369 1983 Ceterum
387 1947 439 1982 non
456 1930 585 1996 improbat
602 1932 759 1992 Torrentius,
778 1932 844 1996 quod
862 1932 890 1981 in
908 1949 954 1982 suo
977 1933 1064 1986 codice
1087 1935 1129 1983 iu-

106 2004 196 2065 uueer,·
213 2018 270 2052 cum
287 2006 371 2051 tamen
388 2000 497 2065 pessima
514 1999 704 2064 interpretetur.
738 2000 874 2065 Equidem,
898 2000 920 2050 si
938 2000 1037 2050 animus
1062 2006 1130 2052 esset

106 2087 139 2120 em
158 2072 233 2121 istam
251 2068 391 2131 defendere,
409 2067 605 2131 Propertianum
622 2067 688 2117 illud
695 2069 782 2132 potius
800 2068 849 2119 huc
867 2067 1010 2132 allegarem,
1027 2070 1048 2130 Ι,
1065 2072 1089 2123 7,
1104 2073 1126 2120 1.

112 2140 161 2188 tibi
176 2137 305 2189 Cadmeae
322 2136 459 2196 ducuntur,
476 2135 593 2199 Pontice,
615 2136 725 2187 Thebae.
743 2137 881 2201 Armaque
889 2137 1028 2198 fraternae
1037 2140 1127 2188 tristia

106 2214 144 2258 ee·
180 2206 281 2270 Quippe
298 2204 356 2270 pari
374 2204 477 2254 omuino
496 2203 595 2254 ratione
613 2203 717 2265 dixeris,
735 2203 922 2269 ducetArgoe,
941 2219 970 2254 ac
988 2203 1129 2255 ducuntur·

106 2293 118 2325 r.
155 2273 204 2324 Sed
221 2289 303 2337 neque
320 2272 449 2337 Propertii
466 2270 538 2321 locus
555 2270 647 2322 mendo
665 2276 754 2330 racat3
772 2276 798 2321 et
808 2271 901 2321 nollem
910 2271 1127 2335 elegantissimum

106 2341 192 2391 ,usium
210 2346 299 2392 eontra
317 2355 403 2391 omnes
421 2355 479 2389 suos
497 2338 597 2389 codices
616 2341 655 2400 (ut
672 2339 767 2389 fatetur
783 2339 849 2402 ipset
867 2340 904 2388 sic
925 2339 1042 2393 edidisse.
1076 2341 1127 2390 Re·

106 2410 224 2460 eacilicet
233 2415 305 2459 uetus
313 2408 390 2458 lectio
401 2413 447 2469 est,
466 2407 638 2470 dicuntur,
655 2407 772 2469 Pontice,
786 2405 904 2457 Thebae.-
918 2407 1042 2461 ⁴sollemne
1057 2409 1127 2458 enim

106 2495 153 2527 rum
170 2482 209 2527 est
225 2476 294 2542 apud
311 2491 397 2527 omnes
414 2481 510 2540 poetae.
541 2479 570 2525 ut
587 2474 656 2539 apud
673 2479 787 2525 nostrum
804 2475 917 2539 passim:
942 2475 1035 2536 „Dices
1054 2477 1128 2526 lubo-

113 2550 141 2596 in
159 2561 214 2595 uno
232 2544 383 2610 Panelopen
401 2547 564 2608 vitreamque
583 2542 685 2594 Circen.
720 2542 757 2592 Et
772 2544 855 2592 curie
879 2544 1029 2593 animorum
1052 2547 1129 2608 equis

106 2630 134 2663 ‘m
151 2613 243 2663 dicere.
282 2610 479 2676 Terrarumque
496 2614 571 2674 situs,
590 2616 616 2661 el
631 2613 745 2673 [luminu
762 2610 853 2670 dicere,
872 2615 983 2661 eturcee
993 2611 1128 2662 Moniihue

106 2688 148 2744 tur,
160 2688 185 2731 et
192 2682 308 2732 barbara
319 2681 431 2744 regnu‘*
443 2678 679 2744 virgilqcnmu]
691 2677 762 2743 „diei
770 2677 1007 2745 nondictusHylae
1014 2695 1090 2744 puer,
1101 2684 1130 2730 et

106 2767 120 2798 u
138 2750 255 2799 ΙΜιικι
289 2749 326 2798 Ει
343 2748 396 2798 alia
412 2748 552 2798 innumera.
588 2747 676 2812 Neque
694 2746 917 2812 pomoverisimile
932 2752 978 2808 est,
996 2746 1129 2797 Thebaida

106 2818 121 2866 d
139 2816 282 2882 Cyclicrum
300 2820 431 2881 poetarum
449 2830 542 2865 morem
561 2829 577 2865 a
593 2815 687 2865 Thebis
704 2814 816 2865 conditis
839 2820 865 2865 et
882 2814 914 2864 ab
931 2814 988 2879 ipsa
1005 2815 1128 2880 Amphio-

106 2901 129 2933 ra
146 2885 280 2935 deduxisse
297 2884 446 2943 Ponticum
465 2883 508 2933 sed
526 2883 614 2932 statim
637 2883 669 2933 ab
694 2882 832 2948 Oedipodis
849 2897 934 2933 orsum
952 2898 1012 2932 esse.
1048 2882 1129 2934 Nullo

105 2958 180 3017 pactu
199 2952 303 3003 tolerari
320 2952 417 3016 poterit
434 2951 579 3001 Ducuntur
599 2949 717 3013 Timere,-
735 2950 787 3000 nisi
804 2967 860 3001 eum
875 2950 1018 3000 Thebarum
1026 2948 1127 3002 Kriou

106 3021 159 3070 ines
176 3021 204 3070 in
223 3024 338 3085 poemate
356 3036 402 3069 suc
419 3016 540 3069 evoluisse
558 3017 660 3069 dixeris.

106 3127 112 3138 .
130 3088 167 3139 Et
182 3103 311 3154 praecepa
328 3087 399 3138 Anio
418 3092 444 3137 et
463 3084 577 3137 Tiburni
594 3087 679 3147 lucus]
696 3085 764 3134 Leve
782 3089 828 3146 est,
846 3083 914 3149 quod
932 3082 1046 3136 dicturus
1069 3102 1128 3135 sum

106 3172 137 3206 en
156 3157 292 3221 quiequam
308 3155 337 3205 in
355 3154 497 3205 cultissimo
516 3158 592 3218 poeta
607 3154 663 3204 leve
678 3152 873 3204 existimandum
891 3156 939 3215 est)
963 3169 1049 3202 omnes
1073 3153 1126 3204 lere

119 3223 293 3274 habereAnio
311 3239 355 3288 ac,
373 3239 424 3273 non
443 3227 483 3273 et.
517 3222 591 3277 duod
608 3237 668 3271 eane
684 3221 815 3271 venustius
833 3224 878 3282 est,
897 3235 971 3285 quam
989 3225 1019 3270 ut
1036 3220 1128 3272 inuno

106 3292 127 3342 lo
145 3297 172 3342 et
188 3296 228 3343 ter
244 3295 381 3356 repetatur.
407 3290 556 3341 Priscianus
572 3306 597 3355 p.
616 3291 673 3342 684.
701 3288 806 3352 „Anium
825 3292 852 3337 el
863 3288 941 3339 Anio.
959 3287 1053 3338 uerae.
1072 3290 1128 3354 „lt't

106 3361 210 3410 rrAnr'u
229 3375 258 3409 ac
279 3357 385 3409 Tiburti
402 3358 503 3410 lucue.“
538 3357 631 3407 Verum
648 3357 686 3407 ibi
704 3356 783 3406 codex
799 3356 996 3420 manuscriptus
1014 3359 1064 3410 600
1081 3373 1126 3408 an·

118 3444 151 3478 uc
171 3426 329 3479 Tiburni.
355 3426 426 3482 Quae
443 3442 503 3477 vera
519 3425 596 3476 lectio
614 3430 666 3485 est3
685 3429 711 3474 et
727 3424 778 3474 iam
793 3422 825 3473 ab
843 3423 902 3475 aliis
919 3425 983 3474 satis
1000 3440 1128 3491 superque

106 3501 140 3546 ta.

106 3600 110 3612 .
128 3561 274 3614 Mobilibus
282 3564 405 3627 pomer-iu
415 3563 490 3623 riuis]
509 3561 631 3611 Pomaria
649 3565 687 3610 est
702 3559 891 3622 inGraeviano,
909 3560 1055 3624 Reginensi‚
1075 3561 1126 3610 Ga·

106 3636 130 3682 :t
156 3632 184 3680 in
202 3629 394 3694 Magdalenensi
418 3645 433 3679 a
456 3645 532 3679 manu
549 3628 668 3691 secunda,
692 3627 719 3677 in
743 3627 884 3678 Bodleiano
910 3627 989 3678 altero
1014 3643 1126 3678 amanu

109 3698 179 3749 etin
197 3698 281 3763 prisca
298 3697 524 3748 editioneVeueta.
560 3698 604 3747 Sic
623 3696 699 3746 etiam
717 3696 746 3745 in
758 3694 934 3760 unoOruqnii,
954 3696 998 3760 qui
1016 3695 1126 3747 adhunc

106 3784 136 3816 rm
154 3766 237 3830 magis
254 3765 380 3815 inclinare
398 3781 424 3815 ιι
441 3766 583 3830 profitetur.
617 3764 666 3814 Sed
690 3764 719 3813 in
736 3762 858 3827 Cruquio,
881 3768 911 3813 ut
932 3763 1080 3813 modestiam
1099 3767 1128 3813 et

106 3840 155 3885 tem
171 3849 319 3898 numquam,
337 3835 376 3883 ita
392 3833 516 3883 iudicium
534 3838 560 3884 ιι
577 3832 745 3882 eruditionem
757 3846 831 3895 saepe
841 3830 1028 3881 desideraveris.
1055 3831 1124 3881 Mar·

106 3907 179 3953 utem
196 3901 269 3966 legit,
286 3900 427 3953 ll'oloilibue
443 3905 565 3967 pomerio
583 3902 657 3951 riuis.
684 3900 820 3963 Perperam
837 3902 979 3964 utrumque.
1014 3898 1127 3950 Omnino

106 3972 163 4021 ubet
178 3972 313 4035 pomaria.
348 3968 451 4033 Quippe
468 3973 498 4019 ut
515 3985 561 4034 per
577 3973 657 4018 totam
669 3967 773 4016 Italiam
786 3966 905 4017 Pomaria
920 3967 1125 4031 frequentissima

107 4044 160 4090 este
177 4038 292 4088 Varrone
310 4037 340 4087 de
358 4038 390 4088 a.
408 4038 438 4087 R.
456 4037 475 4099 l,
493 4039 517 4089 2.
552 4034 632 4099 „Non
651 4036 794 4086 arbonius
812 4038 915 4085 concita
931 4034 1013 4084 Italia
1030 4039 1076 4100 eet,
1094 4040 1129 4085 ut

106 4109 227 4156 murium
244 4105 402 4158 uideatur?“
421 4105 458 4154 ita
475 4104 503 4154 in
521 4103 627 4157 Tiburte
645 4108 670 4153 ιι
686 4103 784 4153 Picena
800 4102 903 4167 regione
921 4102 1034 4152 omnium
1052 4107 1125 4152 erant

108 4175 168 4226 ima.
205 4174 303 4224 Statius
320 4174 349 4223 in
367 4171 538 4238 descriptione
554 4172 631 4222 uillae
648 4171 808 4233 Tiburtinae,
826 4170 887 4221 silv.
896 4171 917 4232 I,
928 4172 951 4235 3,
963 4171 1003 4222 81.
1035 4169 1127 4235 „Quid
