2840 4762
374 242 552 291 cauumuu
573 244 639 292 Lm.
655 246 678 293 1.
700 239 724 291 b.
741 238 766 291 6.

91 379 159 454 ies,
180 374 336 462 Agrippa,
358 395 464 460 neque
484 376 565 444 haec
586 376 702 458 dicere,
725 397 786 446 uec
807 397 942 461 gravem

91 462 209 527 lelidae
231 461 430 527 stomachum
453 460 565 528 cedere
587 460 697 541 nescii,

91 547 146 612 icc
169 565 281 612 cursus
303 546 442 633 duplicis
463 566 522 647 per
542 567 631 613 mare
652 545 770 627 Ulixei,

121 631 188 697 Nec
209 651 341 698 saevam
363 632 492 719 Pelopis
514 632 643 698 domum

90 798 160 832 erere
176 781 207 833 de
224 799 251 833 re
267 783 368 849 private
386 782 495 844 dicitur,
522 798 660 848 numquam
677 784 707 835 de
724 783 836 849 publiea,
855 783 907 833 uisi
924 781 1017 834 hebeat
1033 797 1119 833 secum

90 866 126 899 ou
140 865 277 916 prospere,
294 851 372 912 mele,
390 850 430 901 rel
447 850 530 902 simile
548 851 619 916 quid.
645 851 695 902 Sed
711 852 740 902 iu
758 867 787 902 eo
805 851 912 914 fallitur,
931 849 1062 902 uiridem
1080 856 1121 902 est

92 935 103 967 s
121 920 173 968 iam
189 918 290 982 citetis,
318 917 410 983 quibus
427 918 486 980 sliu,
504 919 527 969 si
544 935 608 985 opus
625 922 705 981 esset,
723 934 822 984 possem
840 918 957 970 adiicere.
993 916 1120 981 Ceterum,

90 985 277 1113 tigilli
291 985 319 1036 ¹⁶
336 984 770 1105 tilmstl‘ffllnttttt
784 986 1137 1105 hildibratti

90 1121 128 1184 lV,
137 1123 161 1183 2,
171 1091 212 1174 33'.
230 1069 447 1173 eadmmomnppp
460 1138 510 1188 que
527 1070 570 1173 bii
587 1071 734 1175 metentis?
758 1121 902 1185 „Concines
918 1125 1022 1173 meiere
1035 1127 1117 1188 poeto

90 1209 92 1229 ·
113 1188 268 1254 Caesarem,
294 1190 446 1256 quandoque
465 1191 553 1241 lrnlel
568 1189 672 1252 feroces
688 1190 863 1241 Persem
882 1190 996 1254 cliuum,
1021 1192 1118 1240 merila

90 1274 105 1305 e
131 1256 265 1322 Frende,·
278 1256 456 1309 Sr'eeralrer.“
496 1257 564 1314 Quid
590 1258 659 1322 qued
684 1257 767 1308 adbuc
794 1258 901 1325 propius
931 1256 964 1308 sd
990 1256 1117 1322 vulgatam

90 1342 126 1374 em
143 1325 261 1375 secedere
279 1330 324 1388 est,
343 1326 429 1377 eedem
447 1341 530 1387 sensu,
550 1325 650 1388 „Quum
667 1341 723 1376 rem
743 1341 854 1392 cumque
869 1326 986 1387 ferem‘r
1020 1324 1118 1381 Quidni

90 1408 271 1459 rrerrmcuerque
287 1398 338 1443 tam
357 1394 485 1444 commode
503 1393 586 1443 dicere
596 1393 700 1459 poteris,
718 1409 748 1445 so
766 1394 1005 1459 quandocumque?
1021 1395 1117 1443 Atueu

90 1461 195 1524 inquire
229 1461 314 1512 Hodie
331 1461 442 1526 quidem,
459 1466 500 1511 tet
515 1461 624 1512 libried
657 1461 760 1513 erditis:
789 1463 834 1526 qni
852 1466 936 1512 tsmeu
955 1464 981 1511 et
997 1460 1048 1526 ipsi
1066 1461 1117 1510 ler-

90 1530 133 1578 risi
152 1530 264 1595 corrupti
287 1534 379 1592 essent,
397 1530 445 1580 boo
464 1527 566 1580 verbum
583 1529 642 1582 exhi
660 1534 738 1580 erent.
774 1528 848 1580 Certe
868 1530 895 1579 in
913 1529 1024 1579 Senecae
1041 1528 1118 1578 Oedi·

90 1598 165 1649 ‚esu
200 1596 337 1660 „Proinde
353 1597 461 1663 pulaum
477 1598 576 1659 fluitur
593 1612 682 1662 regem
700 1599 774 1647 eciur
791 1597 872 1662 Agite
896 1596 1018 1647 saulem:
1036 1596 1116 1661 qued·

90 1665 219 1726 eluumle
240 1665 332 1729 gradu
350 1663 442 1716 Solum
465 1666 613 1730 relinquet,
637 1681 698 1715 uere
723 1665 846 1727 llorisere
863 1668 953 1714 eirene
970 1661 1118 1730 llepnrulil

94 1751 104 1782 .·
127 1733 241 1798 epirr'lur
257 1748 341 1799 puros
358 1733 435 1783 dubit
451 1732 550 1784 Vilulie
567 1748 651 1796 erere,
674 1736 762 1783 uereiel
788 1738 815 1784 el
830 1733 905 1783 siluis
929 1733 1046 1783 decer:“
1071 1730 1117 1782 ubi

90 1814 148 1850 unes
172 1799 267 1850 habeut
292 1815 471 1867 quecumque,
504 1800 702 1867 quodcumque,
729 1815 914 1867 quecumque:
939 1800 986 1850 vix
1008 1798 1079 1850 eliud
1101 1815 1118 1850 s

90 1885 100 1918 e
123 1883 200 1918 manu
230 1868 357 1932 proficisci
380 1868 479 1934 potuit,
506 1883 535 1918 ec
559 1883 761 1934 quamcumque.
796 1868 900 1933 Quippe
925 1866 1052 1918 metentis
1069 1871 1117 1932 est,

90 1951 218 2053 moturaque?
236 1951 317 2053 quupr
326 1936 549 2055 tprimumteeoluup
567 1936 815 2054 mlipquet.b{mns
832 1935 902 1987 aliud
919 1951 949 1987 eo
959 1934 1116 1986 Thebaicum

89 2019 201 2054 meru
257 2020 289 2053 uo
354 2020 379 2054 m
415 2020 442 2055 cs
486 2019 702 2054 ecamoeora

108 2070 165 2122 Nec
174 2020 278 2121 {urrici
295 2021 414 2137 duplicis)
425 2088 477 2139 per
487 2087 562 2123 merc
574 2071 687 2139 Ulprrei]
705 2021 785 2123 vorem
796 2071 968 2121 Scholiastes:
986 2070 1118 2136 „Ampli-

109 2155 173 2189 uem
190 2144 218 2189 ei
232 2138 344 2205 duplicis
361 2139 447 2190 Ulixei
463 2146 551 2207 peleel
574 2143 676 2206 accipi,
703 2139 776 2205 qued
796 2139 935 2205 significet
950 2137 1062 2201 collidi‚·
1088 2142 1118 2188 el
1200 2134 1209 2147 ⁸

89 2224 100 2256 s
118 2222 207 2257 cursus
229 2223 279 2272 per
296 2210 477 2259 uceuealiuum
494 2207 627 2274 pluralem
637 2246 644 2271 ,
671 2207 701 2258 id
719 2214 765 2271 erl,
789 2210 844 2257 itur
861 2222 894 2257 ue
911 2206 1040 2256 rediiue.“
1075 2206 1117 2255 ita

89 2276 125 2324 im
147 2272 291 2325 dubitatum
309 2280 355 2337 est,
379 2275 411 2326 de
434 2276 562 2326 sententia
585 2276 661 2327 huius
684 2275 751 2336 loci3
777 2275 837 2325 inde
862 2279 922 2324 nuta
940 2273 1117 2338 ambiguitate,

89 2348 169 2393 eteros
187 2344 359 2394 accusativum
376 2343 500 2409 pluralem
524 2344 552 2395 iu
570 2359 596 2394 1s
614 2341 752 2394 efferebant
776 2343 804 2393 in
823 2342 856 2392 iis
873 2341 1033 2403 nominibus,
1059 2342 1116 2406 qui·

89 2412 191 2461 enidrus
217 2412 298 2462 exiret
324 2413 351 2462 in
375 2427 434 2462 rure.
485 2413 521 2462 Et
547 2412 654 2478 proinde
689 2416 783 2461 veteres
817 2410 912 2475 quique
947 2407 1046 2459 codices
1072 2409 1116 2458 hio

101 2479 229 2544 duplicis,
256 2479 408 2531 recentiores
431 2479 546 2545 plerique
572 2479 698 2546 duplices.
733 2478 880 2529 Priscianus
905 2483 988 2527 tamen
1012 2492 1036 2542 p.
1055 2479 1114 2530 eei.

89 2564 110 2596 er
131 2561 185 2611 pre
203 2539 358 2605 Ὀδυσσεὺς,
384 2547 457 2613 qued
479 2547 629 2599 ostenditur
652 2549 681 2597 in
706 2549 827 2610 genitivo
847 2545 950 2612 lllyreei.
986 2544 1116 2595 Herelius

89 2616 154 2665 lam.
181 2612 246 2666 ‘Nec
269 2631 364 2665 correus
387 2615 503 2681 duplices
522 2631 572 2681 per
594 2630 670 2667 mure
689 2613 825 2682 Ulprcei'f‘
867 2615 904 2663 Iit
926 2611 963 2663 sic
987 2616 1037 2663 tres
1055 2612 1115 2663 libri

111 2700 174 2748 quos
199 2683 324 2735 consului.
359 2684 410 2734 Sed
435 2699 493 2749 pag.
514 2686 570 2736 723.
595 2682 640 2733 ubi
665 2683 751 2734 eadem
768 2687 932 2748 repetuntur,
958 2696 1027 2731 nuno
1046 2685 1118 2730 extet

89 2756 120 2802 'rr
138 2768 196 2802 cum
213 2756 298 2802 tumen
315 2751 393 2802 iidem
411 2751 510 2801 codices
528 2752 606 2802 etiem
622 2751 678 2801 illio
695 2751 807 2801 habeant
824 2750 950 2816 duplices.
979 2749 1115 2814 Reliquum

89 2837 140 2882 tur,
164 2835 221 2869 cum
241 2820 269 2869 in
287 2820 414 2884 scriptum
432 2823 484 2869 tam
509 2835 599 2885 parum
623 2819 715 2868 auxilii
739 2819 787 2880 sit,
816 2823 847 2868 ut
864 2817 1016 2868 seutentiam
1033 2816 1116 2881 ipsam

89 2904 162 2938 smus.
203 2888 264 2937 Sine
288 2886 367 2938 dubio
390 2888 485 2937 Noster
513 2887 639 2968 intelligit
662 2889 846 2951 Argumentum
870 2885 1008 2953 Odysseae3
1034 2889 1064 2934 ut
1090 2889 1116 2934 et

89 2976 94 3005 r
117 2957 283 3006 elementrum
308 2957 402 3017 Μῆνιν
420 2950 579 3017 Πηληϊάδεω
596 2953 714 3022 Αχιλῆος
737 2956 790 3006 sive
813 2954 897 3004 iliade
922 2957 1001 3004 notet.
1038 2952 1117 3002 Recte

93 3023 228 3090 Odysssem
247 3024 382 3086 vocareris,
402 3039 496 3074 currus
516 3022 754 3088 Uliaeiduplicirr
772 3022 888 3073 simodo
907 3020 1008 3087 duplex
1032 3019 1115 3069 virum

89 3110 108 3142 u
120 3098 146 3142 ct
157 3095 283 3142 versutum
296 3091 431 3155 significet
450 3092 493 3142 Sic
500 3091 566 3141 euim
574 3093 669 3141 ductor
677 3091 763 3156 Priap.
775 3087 1116 3157 beedyssee168,19.]:„m-

89 3162 170 3211 rleriu
185 3158 227 3210 'eet
241 3174 318 3210 error
326 3159 438 3210 fallentis
450 3157 564 3212 Uliuer'.“
581 3159 645 3209 Inde
661 3159 745 3209 Statio
763 3162 855 3209 uerius
870 3157 954 3208 dictus
968 3159 1006 3205 eet
1019 3154 1116 3218 Ulixes,

102 3230 137 3290 11,
160 3229 217 3280 172.
253 3230 319 3293 „qui
335 3228 435 3278 collide
454 3227 533 3291 dene,
553 3226 749 3292 Graiorumque
771 3226 854 3289 deles,
872 3224 1019 3286 variumque
1037 3224 1115 3287 igne·

89 3298 182 3347 ioeeu.“
216 3296 258 3345 Ita
281 3295 339 3348 eliis
362 3295 458 3346 dicitur
479 3296 583 3358 fellea,
600 3295 701 3361 pellar,
728 3295 812 3356 furtis
837 3299 930 3360 uptus,
954 3286 1113 3358 πολύμητις,

91 3381 174 3422 enoc,
200 3358 314 3421 „ulier
336 3362 484 3419 παντοίους
507 3380 536 3414 τε
559 3358 655 3418 δόλους
679 3360 724 3413 καὶ
741 3360 831 3430 μήδεα
848 3355 968 3413 πυκνά.“
1001 3360 1038 3409 ut
1055 3374 1117 3409 seue

89 3431 223 3486 rdrrrleric
240 3426 310 3499 ἀνὴρ
328 3436 379 3493 est,
404 3432 448 3496 qui
467 3431 538 3482 aliud
555 3431 682 3496 loquitur,
707 3431 777 3481 aliud
802 3431 889 3482 sentit.
924 3429 1005 3479 Nemo
1029 3430 1115 3478 temen

89 3518 154 3562 rum,
179 3504 284 3564 excepto
308 3500 330 3548 si
353 3500 419 3550 iorte
437 3500 544 3562 Nostro,
569 3500 693 3550 eiusmodi
710 3499 838 3549 hominem
856 3498 989 3564 duplicem
1006 3496 1114 3546 vocavit.

89 3569 130 3620 rod
138 3568 253 3618 Muretus
264 3568 337 3617 affert
346 3583 376 3617 ex
387 3566 487 3617 Catullo
497 3567 573 3633 Epig.
582 3567 704 3631 LXVIII,
714 3569 755 3619 51.
775 3565 864 3632 „Nem
872 3568 1029 3633 mihiquem
1039 3562 1116 3614 dede·

89 3637 141 3702 >lex
158 3636 318 3686 Amacuuu'a
342 3637 467 3685 curum.“
491 3635 562 3686 aliud
587 3635 664 3701 plane
689 3639 739 3697 est,
768 3640 794 3685 et
816 3634 848 3684 ad
872 3634 1003 3700 duplicem
1021 3646 1115 3683 esaum

91 3703 174 3766 debet,
194 3704 254 3767 quia
271 3702 357 3752 Venus
367 3703 516 3777 Amathusia
534 3709 559 3754 et
575 3720 629 3753 mas
648 3707 673 3753 et
691 3702 785 3753 lemine
802 3708 870 3763 erat3
887 3707 917 3752 ut
933 3706 1001 3752 recte
1010 3699 1114 3750 Vossius

89 3773 178 3833 ullum,
203 3776 228 3821 et
245 3776 304 3821 ante
328 3785 384 3821 eum
402 3771 528 3822 Meursiue
554 3772 583 3822 in
609 3770 692 3838 Cypro
717 3786 762 3820 sua
780 3769 824 3820 lib.
836 3772 857 3832 I,
876 3785 899 3822 c.
908 3771 931 3822 8.
968 3768 1010 3819 Sic
1030 3767 1113 3818 Statio

89 3858 128 3890 rus
145 3839 258 3906 Hylaeus
276 3839 372 3889 dicitnr
390 3839 498 3905 duplere,
519 3843 579 3903 quia
596 3841 690 3905 partim
708 3840 790 3900 homo,
808 3838 902 3903 partim
921 3852 1007 3901 equus.
1033 3834 1111 3885 Theb.

93 3948 98 3958 .
124 3905 204 3970 „Nou
221 3906 302 3957 uliler
318 3906 400 3957 sileae
417 3909 534 3957 duruerit
551 3912 578 3957 et
592 3913 708 3972 utreque
724 3906 879 3970 refringens
896 3905 1021 3971 Pectore,
1038 3916 1112 3952 men-

89 3976 169 4042 uplex
187 3975 306 4040 Hylaeus
329 3976 362 4025 ol
386 3980 465 4025 enlm
489 3975 682 4042 Praecipilel.“
714 3973 859 4024 Videndum
882 3973 968 4038 itaque
991 3970 1053 4032 erit,
1079 3984 1111 4019 en

107 4042 227 4108 duplices
256 4042 384 4093 commode
407 4042 571 4108 interpretari
598 4058 681 4107 queas.
723 4041 775 4092 Ubi
800 4041 865 4092 illud
893 4041 1003 4106 primurn
1029 4036 1114 4103 quiuis

96 4113 125 4162 in
143 4127 173 4161 eo
190 4109 246 4160 ialli
265 4109 441 4173 &bellantem
466 4110 533 4175 quod
551 4127 646 4161 currus
664 4110 783 4176 duplices
802 4108 898 4172 Uticae,
917 4111 983 4158 ilum
1001 4112 1027 4157 el
1043 4105 1113 4156 redi·

90 4179 194 4245 telligit
212 4178 302 4242 Neque
319 4180 387 4229 cuim
405 4180 540 4245 quicquam
557 4182 583 4230 in
594 4179 703 4246 Odyssea
721 4182 767 4242 est,
786 4178 816 4228 de
830 4178 870 4228 itu
878 4176 963 4227 Ulixei
981 4173 1113 4234 adIliunr3

926 4259 960 4312 ᾖ*
