2842 4758
212 236 274 300 408
596 250 628 311 a.
649 251 791 300 nonaum
811 251 934 299 unacco

275 383 405 450 Persius
426 386 601 451 exclamat:
625 387 686 450 Per
706 405 849 467 magnos,
872 387 979 459 Brute,
1001 386 1088 450 Deos
1110 393 1141 453 te

276 469 350 544 Oro,
373 470 428 552 qui
449 489 543 552 reges
566 470 725 536 consuesti
747 471 867 546 tollere,
889 490 946 535 cur
966 488 1027 533 non

234 566 263 617 35
279 554 370 619 Hono
383 557 502 636 Regem
517 555 668 638 iugulas?
682 574 814 641 operum
828 555 896 631 hoo,
912 554 989 619 mihi
1004 555 1106 633 crede,
1122 562 1249 622 tuorum
1266 562 1327 624 est.

590 756 831 825 ECLOGA
866 757 951 822 VIII.

275 890 358 957 Olim
380 897 510 960 truncus
531 912 618 959 eram
639 891 783 969 ficulnus,
806 892 916 957 inutile
938 892 1077 973 lignum:

275 975 355 1041 Cum
378 977 476 1053 labec,
498 978 639 1044 incertus
661 995 823 1042 scamnum
845 978 1005 1042 faceretne
1026 977 1186 1063 Priapum,

273 1061 386 1127 Maluit
406 1082 478 1129 esse
498 1064 612 1128 Deum.
655 1063 744 1127 Deus
765 1062 840 1127 inde
862 1081 932 1142 ego,
955 1064 1059 1127 surum
1082 1064 1254 1147 ariumque

273 1146 412 1211 Maxima
433 1147 584 1213 formido:
608 1166 681 1211 nam
704 1147 792 1212 iures
814 1148 926 1211 dextra
947 1153 1078 1221 merset,

245 1231 504 1315 50bscaenoque
526 1233 622 1298 ruber
643 1239 806 1317 porrectus
827 1233 868 1295 ab
890 1231 1021 1313 inguine
1042 1233 1152 1317 palus:

273 1316 333 1381 Ast
352 1316 539 1401 inportunas
560 1317 705 1383 volucres
725 1317 758 1380 in
779 1316 896 1382 vertice
917 1315 1039 1382 arundo

273 1403 385 1466 Terret
405 1400 478 1475 fixa,
500 1408 650 1484 vetatque
672 1402 762 1467 novis
783 1401 947 1469 considere
968 1401 1001 1465 in
1022 1401 1131 1468 hortis.

272 1485 342 1549 Huc
364 1484 452 1571 prius
474 1488 621 1568 angustis
642 1485 744 1550 eiecta
766 1487 923 1552 cadavera
943 1486 1031 1552 cellis

272 1569 453 1636 Conservus
474 1572 529 1637 vili
552 1572 708 1657 portanda
730 1571 855 1636 locabat
876 1571 908 1635 in
931 1591 1014 1655 arca.

231 1667 259 1716 ro
272 1656 341 1720 Hoc
362 1655 497 1721 miserae
518 1656 603 1742 plebi
626 1656 733 1739 stabat
754 1662 919 1721 commune
941 1655 1130 1741 sepulcrum,

270 1740 446 1805 Pantolabo
469 1761 606 1817 scurrae,
629 1742 892 1823 Nomentanoque
913 1741 1029 1825 nepoti.

236 1850 242 1863 ι
270 1824 356 1890 Mille
378 1825 478 1911 pedes
500 1825 533 1890 in
554 1828 666 1900 fronte,
689 1832 845 1891 trecentos
868 1825 981 1910 cippus
1002 1826 1035 1888 in
1057 1844 1169 1906 agrum

269 1909 328 1974 Hic
351 1910 470 1991 dabata
486 1911 618 1976 heredes
641 1917 878 1975 monumentum
899 1931 939 1976 ne
962 1917 1155 1993 sequeretur.

270 1994 457 2060 Nunolicet
477 1996 629 2078 Esquiliis
651 1995 796 2062 babitare
818 1996 1009 2071 salubribus,
1031 2001 1127 2076 atque

229 2092 258 2142 15
273 2081 402 2161 Aggere
422 2081 455 2144 iu
477 2084 584 2165 aprico
607 2080 755 2165 spatiari3
778 2100 843 2163 qua
864 2080 958 2145 modo
981 2080 1087 2145 tristes

269 2164 361 2231 Albis
382 2165 548 2231 informem
571 2165 758 2252 spectabant
778 2164 904 2231 ossibus
926 2183 1049 2245 agrurn.

504 2299 527 2333 v.
545 2285 586 2336 34.
605 2283 680 2347 vulg.
700 2282 848 2333 Consumis.
887 2286 924 2334 15.
946 2282 1011 2346 Quo.

207 2420 296 2482 Georg.
314 2418 362 2479 111,
381 2418 421 2469 28.
457 2417 561 2483 „Atque
579 2418 781 2468 discendentem
798 2418 874 2481 bello,
895 2431 1061 2482 magnumque
1079 2417 1198 2467 fluentem
1216 2416 1317 2480 Nisam,

205 2503 237 2537 ac
254 2485 347 2536 nauali
362 2489 497 2550 surgeretis
515 2502 576 2536 aare
593 2486 756 2536 colurnam.“
775 2487 791 2535 i.
806 2501 827 2538 e.
844 2484 933 2553 μέγαν
952 2485 1058 2553 ῥέοντα,
1077 2501 1128 2535 non
1145 2502 1238 2549 genere
1255 2502 1317 2536 uen-

205 2559 245 2603 tro
261 2566 389 2618 ramum
405 2569 452 2617 pro
468 2552 578 2618 magn&
606 2559 636 2603 ut
657 2553 721 2603 male
738 2553 814 2618 vulgo
831 2554 969 2618 accipiunt
1004 2555 1082 2603 Porro
1100 2557 1126 2603 et
1142 2553 1208 2603 Illud
1225 2558 1316 2604 notan·

205 2623 272 2686 duur,
289 2621 359 2671 culeo
375 2636 433 2670 cum
443 2623 539 2681 fluenti
547 2622 747 2672 connectendum
762 2638 822 2683 esse,
840 2622 929 2672 itidem
938 2629 968 2671 ut
977 2621 1074 2671 mallo:
1093 2615 1207 2688 ἆλμυριῤ
1226 2620 1318 2689 ῥέοντι

203 2688 249 2739 καὶ
265 2686 368 2753 nauci:
395 2688 475 2738 multo
501 2689 568 2738 enim
592 2691 722 2740 venustius
745 2690 807 2751 boc,
833 2704 908 2754 quam
931 2689 1041 2740 sitalco
1059 2694 1202 2753 separatum
1220 2691 1314 2740 efferas.

204 2757 272 2813 Quid
281 2757 332 2806 iarn
340 2755 433 2805 clarius
451 2761 478 2805 et
492 2757 605 2821 apertius
623 2762 678 2807 toto
695 2755 832 2807 hocloco?
851 2757 932 2813 Quem
948 2758 1035 2822 inepta
1052 2757 1104 2806 ism
1121 2755 1169 2806 tibi
1187 2757 1319 2808 videbitur

203 2825 269 2875 Dan.
287 2824 389 2873 Heinsii
414 2824 578 2874 coniectura?
605 2841 668 2888 quae
692 2830 776 2875 tamen
800 2825 850 2889 ipsi
874 2841 905 2875 ne
922 2824 1062 2875 dubitanda
1079 2824 1180 2889 quidem
1199 2826 1254 2874 visa
1270 2831 1315 2887 est,
1394 2838 1395 2873 t

206 2897 232 2943 et
248 2907 352 2956 magnos
369 2889 538 2941 sibilautores
549 2894 677 2958 repperit;
693 2893 780 2957 „sulco
791 2898 921 2957 mustoque
929 2895 1025 2955 maenti
1032 2892 1168 2957 Empresea
1179 2895 1318 2943 arbasto.“
1394 2882 1395 2949 t

204 2960 308 3011 Scilicet
325 2960 352 3008 in
370 2959 456 3009 eodem
474 2976 556 3010 errore
573 2965 686 3011 versatus
705 2966 743 3011 est
760 2960 897 3022 Heinsius,
923 2977 973 3025 quo
990 2961 1068 3011 ceteri
1085 2965 1144 3009 ante
1161 2976 1219 3010 enm
1237 2961 1318 3011 inter·
1394 3002 1395 3013 t

203 3032 287 3093 pratas
304 3032 331 3077 et
347 3032 442 3077 veteres
460 3032 486 3078 et
502 3028 576 3080 novi:
594 3027 686 3093 quibus
703 3029 730 3078 ld
747 3044 824 3078 uuum
834 3028 1006 3079 densissimam
1018 3028 1060 3079 hio
1070 3029 1205 3093 caliginem
1215 3030 1318 3091 offudit,

204 3097 270 3161 quod
287 3096 358 3146 salso
376 3098 513 3158 attinenti
529 3110 580 3146 non
598 3096 630 3146 ad
647 3097 773 3157 Persium,
791 3112 877 3146 verum
888 3096 920 3146 ad
933 3096 1069 3146 arbustam
1081 3096 1210 3145 referrent.
1238 3099 1315 3162 Atqui
1394 3138 1395 3141 ,

203 3179 232 3213 ea
250 3164 405 3215 constructio
423 3164 493 3213 nullo
511 3164 585 3213 modo
603 3164 736 3228 procedere
754 3169 851 3229 potest:
869 3170 896 3213 et
912 3164 1053 3214 laudandus
1070 3165 1158 3229 utique
1176 3165 1316 3215 cstDeoie·
1394 3194 1395 3207 ι

202 3232 262 3294 rius,
282 3232 325 3296 qui
343 3235 383 3294 (ut
398 3247 466 3282 nunc
484 3230 572 3293 video,
590 3237 722 3297 postquam
740 3232 801 3281 haec
819 3236 999 3281 commentatus
1017 3234 1081 3288 sunrl
1100 3232 1198 3297 primus
1215 3232 1317 3284 letand
1394 3258 1395 3277 ι

202 3299 316 3349 Persium
334 3302 447 3364 spectare
464 3299 654 3362 enlmadvertit‚
681 3316 710 3350 eo
728 3299 851 3349 duntaxat
867 3299 970 3362 infelix,
998 3299 1065 3364 quod
1087 3304 1185 3364 partem
1202 3301 1314 3366 aliquam
1394 3330 1395 3333 =

202 3367 254 3417 veri
271 3366 368 3431 attigit,
386 3366 513 3431 integrum
530 3382 580 3416 non
598 3368 685 3432 potuit
699 3367 812 3432 adsequi.
1394 3368 1395 3379 ¹

270 3436 310 3486 34.
346 3432 400 3497 Qui
415 3449 491 3498 reges
508 3439 644 3484 consueris
663 3435 763 3498 tollere]
790 3435 879 3484 Editio
897 3435 993 3484 Veneta
1010 3450 1067 3484 oum
1083 3434 1191 3483 Acronis
1209 3439 1236 3484 ct
1253 3436 1315 3484 Por-

201 3501 332 3569 phyrionis
350 3501 459 3552 Soholiis
476 3501 639 3564 neonem,
657 3509 707 3553 tarn
724 3502 753 3552 iu
772 3518 844 3552 versu
861 3503 927 3567 ipso,
946 3518 1018 3566 quarn
1036 3502 1064 3550 in
1081 3503 1213 3565 utriusque
1231 3502 1313 3552 Ener-

200 3571 300 3621 ratione
317 3573 449 3621 consuesti
464 3571 553 3631 haben
579 3576 654 3636 atque
676 3571 714 3621 ita
737 3571 791 3620 siue
816 3570 868 3620 ulla
885 3570 963 3620 litura
980 3568 1058 3619 codex
1075 3574 1161 3619 noster
1177 3570 1313 3620 Galeauus.
1394 3592 1395 3617 r

200 3638 404 3690 anichemiauus
414 3653 481 3701 vero,
500 3637 653 3690 Concussae.
680 3638 747 3688 Illud
764 3638 860 3703 placet:
880 3640 969 3688 modus
981 3638 1049 3687 enim
1059 3637 1217 3687 indicativus
1228 3638 1311 3702 aptius

200 3708 242 3757 bio
260 3707 394 3768 convenit;
412 3712 437 3756 et
453 3705 590 3757 &necasti
605 3707 692 3771 potius
710 3705 793 3756 diuers
810 3706 932 3767 solebant,
951 3707 1199 3769 quameonsueoe'els‘.
1224 3704 1313 3756 Cicero

199 3775 283 3840 Epist
300 3776 370 3825 Fam.
387 3774 444 3837 XV,
462 3777 486 3827 3.
507 3777 589 3838 [extu]
625 3772 685 3837 „Ta
702 3774 792 3833 eelim,
812 3779 844 3824 ut
859 3773 994 3835 consuesti,
1013 3788 1061 3822 reos
1078 3776 1195 3823 absentes
1213 3771 1313 3837 diligar

200 3848 226 3892 et
242 3842 394 3903 defeudas.“
429 3843 469 3894 Ad
486 3844 564 3894 Attio.
581 3841 648 3904 XII,
672 3844 713 3895 37.
739 3844 764 3906 [ξ
784 3843 809 3904 2]
844 3841 922 3903 „Idtra‘
945 3848 974 3892 tu
990 3856 1076 3891 rusam
1092 3840 1235 3891 stultitiam
1253 3857 1312 3892 eou-
1394 3896 1395 3899 Ἴ

272 3911 279 3923 ’
379 3911 397 3938 6(

199 3910 405 4041 sumibfmoeao
428 3978 505 4028 uredo
525 3980 621 4041 trr'stes]
656 3978 739 4042 Lege,
765 3976 854 4027 invitis
877 3976 938 4026 licet
962 3974 1106 4033 codicibus;
1135 3950 1260 4041 „blggere
1281 3977 1309 4025 ire
1394 3964 1395 3983 ¹

199 4048 290 4110 aprico
315 4049 446 4112 spadam
477 4061 538 4110 qua
562 4046 639 4095 ruodo
667 4049 754 4095 trister
772 4045 847 4095 Albis
864 4043 1005 4104 insomnem
1030 4044 1186 4108 mactabant
1211 4044 1311 4092 casibus

202 4114 323 4176 αςιίιηιέι
358 4113 415 4176 Quo
433 4112 499 4163 enirn
517 4129 597 4176 neque
614 4119 643 4162 ut
660 4111 819 4174 adverbium,
844 4126 891 4162 neo
914 4117 944 4161 nt
966 4126 1104 4176 pronomen
1122 4108 1170 4160 hue
1189 4110 1307 4174 quadrat:
1394 4128 1395 4141 ι

198 4184 252 4228 tum
269 4184 354 4230 autem
372 4178 489 4243 ambigue
508 4185 534 4230 et
542 4180 705 4244 neglegenter
722 4196 778 4230 curn
795 4179 873 4229 modo
890 4178 1069 4243 coniungitur:
1087 4175 1233 4241 Quomodo
1244 4179 1309 4228 euim
