2818 4758
165 218 175 235 ⁹
240 257 303 318 rob
626 262 658 321 n.
681 261 822 310 nonaum
842 262 967 311 onaocr

327 401 387 466 Ille
408 406 440 463 te
461 417 586 463 mecum
608 397 698 460 loeus
720 404 752 461 et
765 397 887 461 ‘beatae

328 485 496 551 Postulant
517 501 623 547 arces:
646 481 691 545 ibi
714 488 748 545 tu
770 481 926 546 calentem

329 569 446 635 Debita
468 586 603 652 sparges
626 565 757 630 lacrima
779 566 921 632 favillam

480 653 572 717 Vatis
594 650 699 714 amici.

772 816 842 882 VII.

608 937 677 1000 AD
709 934 1005 1004 POMPEIUM.

332 1056 359 1122 Ο
382 1075 480 1141 saepe
501 1073 633 1119 mecum*
649 1060 776 1138 tempus
797 1054 831 1118 in
854 1055 1001 1121 ultimum

330 1140 486 1217 Deduote,
508 1138 606 1202 Bruto
629 1138 761 1204 militiae
783 1139 875 1217 duce,

374 1226 508 1304 Quiete
531 1223 696 1288 redonavit
718 1224 875 1301 Quiritem

416 1312 477 1375 Dis
499 1308 622 1393 patriis,
645 1309 791 1390 Italoque
814 1309 912 1386 eaelo,

304 1394 476 1480 tPompei
500 1412 643 1457 meorum
664 1394 766 1479 prime
789 1392 970 1458 sodalium?

333 1479 415 1545 Oum
437 1498 500 1561 quo
523 1485 700 1542 morantem
723 1498 821 1563 saepe
844 1480 928 1543 diem
950 1499 1039 1545 mero

373 1565 480 1645 Fregi
503 1568 673 1628 coronatus
694 1564 824 1628 nitentis

417 1648 617 1713 Malobathro
641 1648 733 1732 Syrio
757 1648 899 1734 capillos,

333 1736 454 1799 Tecum
476 1731 643 1816 Philippos
665 1740 698 1798 et
719 1734 854 1798 celerem
878 1733 990 1814 lugam

292 1830 322 1880 10
336 1818 439 1896 Sensi,
462 1817 573 1881 relicta
594 1836 658 1880 non
681 1819 762 1882 bene
784 1819 948 1904 parmula3

377 1902 459 1968 Cum
481 1901 583 1965 fracta
605 1901 717 1979 virtus,
741 1909 772 1968 et
794 1903 944 1980 minaces,

418 1989 536 2071 Turpe,
560 1988 663 2051 solum
686 1988 821 2068 tetigere
843 1993 959 2056 mento.

335 2073 399 2138 Sed
421 2092 473 2136 me
496 2091 554 2155 per
575 2071 678 2137 hostis
700 2072 876 2137 Mercurius
899 2074 983 2139 celer

333 2160 443 2224 Denso
466 2164 636 2241 paventem
659 2158 789 2222 sustulit
811 2165 902 2223 ae're:

293 2254 322 2305 15
380 2245 427 2308 'Pe
448 2262 561 2307 rursus
582 2242 616 2306 in
638 2242 758 2306 bellum
781 2244 950 2308 resorbens

422 2326 517 2393 Unda
539 2328 630 2393 fretis
654 2328 728 2392 tulit
749 2328 920 2394 aestuosis.

334 2413 421 2493 Ergo
443 2412 620 2492 obligatam
642 2413 741 2478 redde
763 2413 831 2478 Iovi
854 2413 987 2498 dapem;

336 2499 513 2579 Longaque
535 2498 658 2563 fessum
682 2498 795 2561 militia
816 2498 902 2562 latus

379 2584 512 2665 Depone
536 2583 596 2646 sub
618 2583 711 2646 lauru
735 2603 822 2648 mea:
846 2601 904 2646 neo

294 2677 326 2727 20
424 2667 525 2730 Parce
547 2666 637 2730 cadis
660 2665 717 2731 tibi
741 2667 919 2733 destinatis.

338 2748 501 2814 Oblivioso
527 2749 610 2814 levia
632 2751 767 2815 Massico

338 2832 467 2898 Ciboria
489 2835 598 2918 exple:
628 2834 726 2900 funde
751 2835 923 2920 capacibus

381 2919 555 2999 Unguenta
576 2918 776 3005 deoonobis.
802 2920 874 3003 quis
898 2920 961 2985 udo

425 3005 648 3088 Deproperare
671 3005 745 3090 apio
767 3024 901 3070 coronas

294 3099 325 3150 25
340 3088 479 3153 Curatve
501 3093 628 3172 myrto‘.l
650 3110 745 3172 quem
768 3092 877 3155 Venus
900 3089 1055 3155 arbitrum

282 3177 285 3181 ’
338 3173 431 3238 Dicet
453 3173 604 3240 bibendi?
625 3194 688 3238 non
711 3194 771 3255 ego
794 3175 904 3239 sanius

380 3259 566 3325 Bacchabor
587 3259 724 3325 Edonis:
747 3266 876 3345 recepto

423 3344 526 3408 Dulce
548 3343 625 3407 mihi
648 3344 754 3411 furere
777 3353 826 3410 est
847 3344 959 3409 amico.

253 3525 357 3627 tlte
382 3526 480 3629 suit
493 3510 666 3642 tlttlb?
682 3511 1023 3644 riddzsttttttt
1041 3525 1117 3628 tib·
1134 3524 1200 3640 ,³222
1213 3508 1368 3627 'lilioli

254 3645 366 3710 Lyaeo.“
394 3650 419 3696 et
436 3647 480 3709 IV,
499 3649 522 3699 8.
542 3650 573 3710 [r.
588 3646 614 3714 8]
645 3648 746 3713 „plaga
765 3664 824 3698 cara
839 3648 952 3698 madenti
966 3646 1130 3697 Surrentina
1147 3646 1221 3695 deo.“
1244 3644 1368 3695 etiterum

255 3713 317 3762 Silr.
335 3713 371 3776 11,
389 3715 413 3774 2,
431 3717 455 3765 4.
491 3715 568 3779 „Quo
585 3717 689 3766 Bromio
706 3715 817 3766 dilectus
836 3731 915 3779 agor,
933 3715 1064 3779 collesque
1079 3729 1129 3779 per
1147 3714 1216 3764 altor
1236 3711 1335 3773 lirim,
1350 3710 1370 3757 el

253 3780 356 3846 praetio
373 3797 424 3831 non
442 3782 540 3833 inridet
556 3799 606 3834 uve
618 3784 761 3834 Falernio.“
787 3783 831 3833 ubi
851 3789 933 3833 totum
951 3784 1018 3832 huno
1029 3782 1134 3832 Horatii
1151 3782 1235 3832 locum
1252 3780 1293 3831 vel
1310 3790 1368 3833 cmc

255 3849 295 3899 rel
311 3849 342 3898 dc
359 3848 487 3901 industria
503 3853 636 3916 expressit.
672 3852 722 3901 Sed
740 3851 803 3918 quid
821 3852 921 3901 tandem
939 3851 989 3901 erit
1012 3849 1100 3910 fertili
1116 3848 1242 3902 Baccho?
1277 3848 1334 3897 Iure
1348 3841 1369 3892 id

255 3916 390 3982 displicuit
407 3919 563 3981 Passeratio,
581 3917 706 3983 deutero,
731 3919 853 3984 aliisque:
880 3932 939 3969 narn
963 3933 1024 3968 sane
1041 3917 1107 3967 illud
1124 3916 1267 3983 Ptopertii,
1292 3914 1335 3973 tv,
1350 3914 1369 3963 d.

255 3988 289 4048 [v.
302 3987 345 4046 ld]
373 3984 533 4050 „lugentum
550 3990 623 4052 potis
639 3990 734 4038 irritat
750 4003 826 4037 mura
842 3990 944 4053 pod'trlr:
963 3986 1070 4047 Bacche,
1088 3986 1156 4037 solra
1167 3985 1271 4036 Phoebo
1288 3979 1370 4033 fortitu

258 4069 313 4103 ono
339 4056 409 4117 trro“,
435 4053 502 4103 nihil
524 4055 556 4105 ad
581 4071 633 4105 rem
656 4055 725 4106 facit.
761 4056 819 4106 Etsi
844 4055 911 4106 enim
934 4053 1034 4116 fertilia
1052 4054 1157 4103 Pbocbo
1181 4057 1249 4103 recte
1267 4050 1370 4101 naemu

254 4120 370 4181 dicatur,
394 4137 449 4171 non
472 4121 529 4171 idco
555 4122 669 4173 absolute
687 4128 712 4174 et
729 4130 853 4189 perpetuo
877 4124 990 4187 epitheto
1013 4121 1112 4184 sortitis
1128 4121 1252 4172 Bacchus
1269 4120 1370 4175 dinem

254 4204 338 4252 neque
355 4189 409 4239 ullo
425 4189 540 4255 exemplo
557 4191 711 4241 locutionem
728 4193 794 4242 hanc
812 4190 945 4242 defendere
963 4194 1009 4241 aut
1026 4190 1125 4240 firmata
1143 4189 1246 4254 potoris.
1278 4184 1371 4238 uectus
