2842 4758
348 236 533 285 ammonuit
554 237 659 284 LIB.1.
681 230 706 281 3.

105 374 171 440 cias
191 371 238 438 bic
259 371 351 438 vivit:
375 369 461 452 frugi
482 369 615 435 dicatur.
660 370 789 457 ineptus

110 458 266 525 iactantior
286 456 338 521 bio
359 456 469 540 paullo
491 462 556 521 esta
579 457 752 522 concinnus
774 456 886 524 amicis

105 546 185 609 tulat
204 549 237 607 at
256 541 412 607 videatur.
457 546 492 605 at
513 547 564 606 est
585 542 793 607 truculentior
813 549 911 624 atque

106 646 237 710 aaequo
258 626 354 691 liber:
378 625 514 710 simplex
536 625 693 708 sortisque
715 626 882 692 habeatur.

105 713 169 778 dior
189 718 252 778 est:
274 712 361 776 acris
381 711 465 776 inter
485 716 679 776 numeretur.
724 711 846 796 opinor,

105 819 130 863 ec
149 818 197 863 res
218 803 249 863 et
269 795 384 895 iungit,
406 795 531 861 iunctos
553 803 586 861 et
606 802 713 862 servat
735 796 865 861 amicos.

108 904 162 948 nos
182 882 313 948 viantes
335 900 425 965 ipsas
445 880 643 959 invertimus,
665 888 763 965 atquc

105 989 201 1034 cerum
221 965 368 1052 cupimus
389 986 449 1031 vas
469 965 657 1032 incrustare.
701 967 822 1052 probus
843 967 918 1050 quis

105 1187 211 1248 iemoaii,
228 1182 444 1252 quinalqpanip,
463 1190 489 1234 st
506 1180 563 1249 scip
580 1185 718 1252 βασιλέαρ,
737 1185 794 1251 reip
813 1183 943 1255 ῥήτορας),
962 1193 988 1238 et
997 1187 1092 1238 similia

105 1255 185 1316 abant,
203 1271 248 1319 pro
265 1254 348 1319 sigma
365 1253 505 1304 identidem
519 1253 568 1302 rbo
586 1262 717 1320 ponentes.
747 1255 845 1304 Hirrus
861 1255 1093 1319 itaqueetBalbus

126 1324 226 1387 linguae
243 1321 306 1372 vitia
328 1327 434 1371 notant:
461 1320 528 1371 unde
551 1320 654 1384 Cicero,
677 1330 767 1386 utpote
790 1323 870 1373 Hirro
893 1325 1045 1388 competitor
1067 1331 1093 1375 at

105 1430 108 1452 ,
131 1390 235 1440 Balbum
252 1405 279 1439 se
297 1405 351 1439 esse
368 1389 453 1439 macae
470 1387 549 1450 dicit,
573 1395 650 1453 atque
673 1390 736 1440 adeo
753 1406 800 1454 pro
818 1391 899 1441 Hirro
918 1391 1018 1441 Hillum
1034 1407 1093 1457 pro-

131 1459 178 1510 Sed
209 1464 343 1521 utcumque
366 1457 414 1507 hoo
443 1456 536 1517 luerit3
562 1457 627 1507 illud
650 1473 743 1523 quaeso
769 1474 845 1524 quam
869 1459 1021 1510 incredibile
1046 1467 1092 1519 est,

104 1527 189 1587 illam,
212 1527 263 1576 iam
279 1531 309 1574 ut
331 1524 469 1575 verisimile
492 1530 532 1575 eat
555 1532 696 1589 mortuum,
725 1526 757 1575 ab
775 1527 884 1576 Horatio
907 1527 949 1578 bio
967 1527 1096 1593 sugillnri.

115 1596 181 1645 enim
203 1593 348 1659 Epistulam
378 1608 432 1642 eam
456 1590 545 1642 Cicero
569 1595 592 1642 Δ
619 1593 651 1643 U.
670 1593 696 1643 0.
721 1596 779 1646 lbi.
808 1595 917 1645 Horatio
940 1603 993 1645 torn
1017 1612 1094 1660 puero

105 1664 151 1713 nni.
187 1662 254 1717 Quid
271 1660 374 1711 auum?
400 1659 499 1711 nulline
517 1667 572 1711 tum
589 1660 660 1712 balbi
677 1662 705 1711 in
723 1663 788 1712 vivis
805 1668 878 1713 erant
895 1664 1003 1723 Musae,
1031 1681 1094 1729 quoa

123 1730 252 1780 nominare
269 1733 377 1794 potarat,
395 1729 418 1778 si
435 1729 511 1778 bomo
527 1728 617 1794 lippus
634 1730 735 1780 balbum
752 1730 867 1781 deridere
883 1731 1008 1796 gestiret?
1026 1732 1094 1788 Quid

105 1818 110 1849 r
127 1796 230 1849 Horatii
247 1798 309 1847 haec
329 1798 403 1847 verba
419 1801 487 1855 sunt,
504 1796 548 1846 sed
565 1803 713 1862 parentum:
737 1813 801 1861 quaa
818 1798 977 1849 mollioribus
995 1800 1033 1849 ait
1049 1816 1094 1848 no·

105 1867 212 1917 liliorum
229 1865 294 1915 vitia
311 1865 389 1915 soleri
405 1869 432 1914 et
449 1879 569 1915 excusare
586 1865 682 1915 solitos.
709 1866 794 1931 Atqui,
812 1867 834 1916 si
853 1866 932 1917 tilium
950 1866 1094 1917 balbutien-

105 1952 137 1985 ns
155 1938 227 2000 pater
243 1932 343 1983 Hillum
361 1933 532 1997 cognominet,
550 1949 603 1983 non
614 1934 789 1996 tamHirrum,
807 1950 882 2000 quem
897 1935 993 1985 Filium
1010 1935 1093 2001 ipsum

105 2020 137 2052 rm
154 2002 283 2069 propinet.
317 2001 409 2051 Valeat
425 2002 513 2065 itaque
530 2001 685 2063 coniectura,
703 2002 844 2052 sentemiae
862 2004 974 2053 auctoris
990 2018 1094 2068 prorsus

107 2090 113 2125 :
140 2085 222 2134 neque
239 2085 311 2130 vero,
329 2070 351 2118 si
369 2072 453 2118 cetera
469 2069 554 2118 omnia
573 2075 640 2119 reate
658 2070 836 2135 procederent,
859 2069 1018 2121 constructio
1036 2069 1091 2135 ipsa

105 2145 149 2189 set
185 2138 294 2199 lliltum,
313 2136 442 2187 battutile
466 2136 484 2186 i.
503 2153 525 2186 e.
542 2140 568 2186 si
584 2138 705 2189 balbutit.
740 2138 813 2202 Nego
830 2155 888 2188 vero
911 2141 936 2188 ri
952 2138 1018 2189 illud
1034 2137 1095 2188 aab·

105 2206 144 2257 bic
162 2222 248 2272 posse:
268 2206 351 2270 repeti
369 2206 437 2255 enirn
456 2205 585 2269 oportuit3
609 2206 662 2256 nisi
678 2207 764 2272 ipsum
782 2222 881 2271 qnoque
897 2207 1017 2256 Flaccum
1035 2205 1095 2256 data

105 2274 194 2325 butire
212 2278 239 2323 et
255 2272 386 2323 incondite
403 2272 475 2337 loqui
491 2273 670 2324 existimemus.
706 2275 789 2339 Atque
807 2275 868 2324 baec
887 2274 989 2339 quidem
1007 2283 1096 2324 contra

105 2361 134 2393 ar.
153 2342 241 2407 paullo
258 2341 409 2402 accuratius,
428 2345 534 2407 propter
551 2357 674 2392 summam
690 2342 742 2392 viri
758 2342 849 2392 lamam
868 2342 1094 2392 etauctoritatem.

105 2411 195 2460 nodum
219 2411 248 2459 in
272 2409 357 2475 scirpo
380 2414 499 2472 quaerat,
527 2410 572 2474 qni
595 2414 647 2460 tam
671 2410 739 2461 clara
763 2415 789 2460 et
805 2411 941 2475 perspicua
958 2410 1095 2460 sollicitare

105 2496 157 2530 arec
174 2493 285 2541 aarum,
304 2476 425 2527 distortis
443 2479 583 2540 cruribua5
607 2478 684 2529 illum
701 2476 823 2528 Balbulil
840 2478 987 2538 Scaurum,
1002 2482 1096 2542 prauis

105 2547 157 2597 sale
176 2545 266 2596 talia.“
301 2545 377 2595 illum
395 2546 462 2595 enim
480 2546 512 2595 ad
531 2547 602 2595 bunc
625 2561 655 2596 ex
672 2546 792 2612 opposito
809 2546 930 2606 retertur,
955 2552 981 2595 et
998 2545 1095 2599 erudite

105 2631 136 2676 se,
155 2613 310 2678 „sisaram
327 2614 408 2674 aiunt,
428 2613 501 2663 diail
516 2613 633 2664 Balbutit
648 2615 787 2664 Scaurum:
804 2614 1096 2664 sicanimblandiaates

105 2700 120 2732 a
140 2682 276 2745 intingere
295 2681 373 2743 (lege,
392 2682 553 2745 iufringere)
572 2682 693 2746 linguam
710 2682 809 2743 soleat,
833 2689 864 2731 ul
882 2684 960 2746 qaaaai
977 2697 1020 2732 eoa
1037 2684 1096 2731 imi-

122 2749 193 2806 Quid
218 2748 329 2814 amplias
347 2748 493 2799 desideres?
529 2748 711 2800 celeberrimus
736 2756 820 2800 tamen
838 2750 972 2812 Dacerius,
996 2754 1026 2799 nt
1043 2749 1096 2800 bal·

105 2820 170 2868 tium
189 2816 314 2867 urbanius
332 2822 357 2867 et
381 2816 473 2867 salsius
497 2817 666 2881 exprimatur,
694 2818 730 2868 sic
755 2817 937 2868 emendandum
962 2833 1015 2868 esse
1038 2833 1097 2882 pro·

105 2887 238 2948 ,Balbutil
249 2885 394 2935 sramumf‘
413 2884 456 2934 ubi
465 2885 554 2949 miror,
572 2901 618 2935 our
627 2902 679 2935 non
688 2885 776 2936 itidem
795 2885 917 2937 Vatum
935 2902 981 2949 pro
993 2884 1097 2936 Varum

105 2960 125 3014 ις
155 2954 255 3019 quippe
278 2954 382 3004 uerbum
407 2953 521 3003 balbutit
541 2954 645 3017 utrique
662 2969 794 3004 commune
812 2960 858 3004 est.
893 2953 943 3003 Sed
961 2954 1097 3003 frustratur

105 3039 177 3072 orem
195 3023 237 3070 vir
255 3026 339 3072 cetam
356 3021 513 3085 ingeniosus.
538 3022 627 3085 Neque
645 3021 721 3081 enim,
740 3022 762 3070 si
774 3021 958 3086 Aristophanes
976 3021 1014 3069 sic
1027 3019 1096 3070 Alci·

105 3090 233 3140 rtrodacit
250 3090 333 3140 blasae
349 3090 502 3153 loquentem,
520 3090 548 3138 in
562 3089 653 3153 Vespis
669 3104 694 3153 p.
705 3090 762 3140 312.
782 3091 814 3152 [v.
825 3090 868 3151 lb]
894 3087 973 3152 Ολᾷς,
992 3086 1098 3142 Θέωλος

105 3155 160 3219 πλὴν
178 3153 295 3212 κόλακος
310 3153 374 3225 ἔχει,
393 3157 459 3207 utin
470 3173 531 3207 voce
541 3154 655 3211 κόλακος
672 3173 718 3221 pro
735 3154 851 3222 κόρακος
868 3158 951 3206 iocum
969 3160 1096 3221 captaret:

105 3245 107 3273 ι
125 3226 256 3277 Horatius
274 3226 322 3275 baa
339 3225 423 3275 blaesa
440 3227 528 3275 efferre
545 3222 642 3286 debuit,
661 3223 706 3275 ubi
722 3224 794 3274 nulla
811 3224 904 3274 similis
922 3223 973 3274 ioci
990 3224 1097 3273 materia

124 3295 197 3344 enim
216 3294 347 3357 significat
364 3293 496 3344 Secutus?
524 3294 555 3343 ln
572 3293 743 3358 Aristophane
768 3292 869 3357 quidem
886 3292 1012 3342 urbanum
1030 3299 1097 3342 erat:

105 3392 106 3399 .
133 3362 259 3427 putidum
282 3362 347 3411 loret
371 3367 397 3411 et
418 3360 552 3411 insulsum.
586 3360 676 3425 Neque
699 3376 758 3410 vero
784 3361 890 3424 balbus,
917 3365 943 3410 et
966 3360 1098 3410 balbutire

108 3446 187 3494 mque
206 3434 269 3479 sunt
286 3445 315 3478 ac
334 3430 430 3480 Graeca
453 3429 499 3479 illa
522 3425 637 3497 τραυλὸς
660 3433 686 3478 et
703 3426 867 3495 coactitiam
895 3427 923 3478 id
946 3428 1013 3493 qnod
1035 3430 1098 3478 satis

105 3499 196 3548 ceretii
216 3498 298 3559 locus,
316 3497 360 3561 IV,
384 3500 455 3550 1157.
474 3497 519 3547 ubi
537 3502 661 3546 amatores
679 3497 753 3558 ridet,
773 3497 840 3560 quod
853 3497 979 3546 Veneram
997 3512 1099 3546 suarum

105 3566 216 3616 loribus
234 3566 382 3616 nominibus
400 3565 515 3616 occulere
530 3565 641 3627 student,
660 3565 765 3627 ,‚Bs1bs,
785 3565 922 3630 quuiuaa
935 3567 1000 3629 quil,
1019 3581 1099 3630 τραυ-

105 3640 151 3697 ila,¹
167 3634 278 3700 pudens
296 3640 340 3683 sal.
369 3635 407 3684 Al
419 3636 550 3697 flagrans,
569 3633 669 3696 odiosa,
688 3633 839 3698 loquacula,
858 3627 1024 3700 Aaaaaidsoa
1040 3632 1098 3692 fit.“

106 3718 176 3767 eque
195 3701 302 3766 gravina
321 3703 412 3752 vitium
428 3702 522 3752 Latine
540 3706 621 3765 notat,
640 3716 714 3766 qnam
733 3701 828 3750 Graece
848 3694 968 3765 τραυλός.
1004 3698 1098 3748 Tamen

105 3788 143 3820 rm
163 3771 255 3821 eadem
274 3785 328 3820 ease
345 3770 481 3821 fateamur:
499 3768 566 3819 nibil
582 3770 610 3818 in
628 3774 731 3834 recepte
747 3769 857 3818 lectione
869 3766 1021 3817 movendum
1040 3766 1097 3816 erit.

108 3838 246 3900 ceretius,
279 3843 305 3887 et
322 3838 471 3888 suavissime
495 3838 610 3903 quidem,
638 3838 669 3886 de
686 3837 769 3902 primo
786 3834 917 3884 hominum
935 3833 1049 3894 saeculo,
1067 3833 1097 3890 V,

118 3906 178 3971 „Et
194 3922 298 3972 pueros
322 3906 555 3968 commendarunt,
579 3905 759 3969 muliebreque
781 3903 913 3965 saeclum;
940 3901 1056 3952 Vocibus
1074 3907 1100 3951 al

105 3991 121 4024 a
139 3974 221 4025 balbe
240 3975 442 4039 significarent,
462 3973 658 4024 Imbecillorum
676 3989 730 4022 ease
747 3986 860 4036 aequum
877 3972 1028 4020 misererier
1045 3985 1099 4018 aaa·

105 4047 143 4092 dn
170 4047 199 4092 et
223 4043 267 4092 bio
286 4042 369 4093 blaese
387 4048 493 4108 reponet
510 4042 646 4100 Ducarius,
677 4039 885 4103 „Imbecillolum
908 4054 962 4088 assa
986 4052 1099 4102 aequum

119 4111 285 4161 amnium“?
311 4111 394 4173 Quid,
412 4127 470 4165 cum
488 4109 577 4160 Cicero
594 4109 625 4158 de
642 4107 808 4157 Divinatione
825 4107 846 4168 Ι,
865 4108 888 4158 3.
908 4106 934 4171 [§
952 4108 978 4167 5]
1014 4103 1100 4168 „Ileti-

114 4216 121 4242 ,
150 4194 266 4243 „omncs
279 4185 391 4245 praeter
408 4179 571 4245 Epicurum,
595 4176 781 4226 balbutientem
805 4175 837 4224 de
854 4178 955 4224 namra
972 4173 1099 4237 Deorum,
