2818 4758
222 206 263 270 60
613 220 645 280 e.
667 219 808 267 neuneu
829 220 952 268 uereor

307 353 389 420 Cum
410 353 468 421 tibi
488 353 631 436 flagrans
652 372 751 433 emor,
774 359 808 419 et
827 351 936 432 libido,

305 440 397 519 Quae
420 440 502 507 solet
522 445 643 505 matres
664 439 785 505 furiare
807 456 970 522 equorum,

262 537 291 588 15
307 525 436 593 Saeviet
457 524 541 589 cirea
561 523 653 590 ieeur
671 523 867 605 ulcerosum3

458 611 531 677 Non
554 608 623 676 sine
645 615 793 692 quaestu,

218 764 286 827 gine
304 762 397 812 relicte
424 760 536 823 Fertur,
562 766 594 811 ut
609 759 697 810 Aonio
725 763 830 811 conata
852 759 954 810 Baccha
977 759 1052 810 deo.“
1087 759 1182 809 Mulier
1199 754 1349 821 ζηλότυπος

219 828 282 881 ibid.
292 830 324 893 Il,
338 832 394 882 380.
430 828 482 893 „ln
498 827 603 889 ferrum
620 830 793 893 flammaeque
810 831 882 890 ruit,
908 830 1048 895 positoque
1066 826 1160 877 decore
1176 827 1294 894 Fertur,
1316 836 1348 881 ut

219 899 304 949 Aonii
320 898 445 948 cornibus
463 901 517 946 iota
536 895 605 946 dei.“
633 896 735 945 Procris
752 894 848 945 ibidem
857 895 904 956 ΙΙΙ,
915 894 971 947 tes.
999 893 1168 960 „Neomare
1185 911 1236 960 per
1243 898 1347 949 medias

215 969 304 1032 passio
320 965 471 1026 furibunda
489 964 595 1030 capillis
603 963 710 1027 Euolet,
727 969 760 1014 nt
777 965 868 1031 thyrso
883 963 1104 1024 concitaBaceha,
1122 966 1208 1014 eiar.“
1226 965 1346 1029 Ariadne,

218 1036 247 1084 in
256 1032 375 1100 Epistola
385 1036 418 1097 [v.
430 1033 476 1098 48]
489 1049 495 1081 :
523 1032 599 1096 „Ant
607 1046 656 1096 ego
666 1030 773 1094 difflua
783 1034 874 1081 cneci
889 1032 946 1081 sola
955 1031 1070 1097 capillis,
1090 1029 1183 1094 Quoi&
1192 1033 1226 1081 ab
1237 1033 1347 1099 Ogygio

219 1105 324 1153 coercita
347 1101 448 1151 Baccha
470 1100 556 1150 Deo.“
588 1097 689 1165 Byblis,
718 1098 1010 1165 Metamorpb.IX,640.
1046 1096 1151 1164 „thue
1176 1104 1223 1150 tuo
1248 1106 1347 1166 motae,

216 1170 307 1236 proles
331 1168 474 1232 Semeleia,
504 1168 595 1234 thyrso
619 1167 750 1218 Ismariae
772 1167 908 1217 celebrant
931 1169 1046 1232 repetitu
1071 1169 1189 1217 triennia
1213 1166 1348 1220 Bacchae:

216 1236 557 1304 Byllidenonelltcrlatce
565 1235 737 1301 ululesaeper
746 1238 854 1300 ugroa.“
865 1234 981 1285 Phaedra
988 1235 1016 1284 in
1023 1234 1142 1299 Epistola
1148 1237 1236 1298 [v.‹ll]:
1245 1235 1349 1300 „Nune

217 1305 302 1369 feror,
319 1303 462 1356 etBacchi
477 1301 560 1364 sterile
568 1303 697 1353 Eleleides
713 1308 805 1369 actae:
823 1301 948 1368 Quaeque
964 1305 1013 1354 eut
1029 1302 1110 1353 Idaeo
1129 1308 1259 1369 tympana
1278 1306 1347 1356 colle

217 1374 347 1424 movent.“
366 1371 476 1439 Cynthia
484 1371 613 1436 Propertii
619 1371 669 1435 ΙΙΙ,
679 1372 713 1434 [8‚
725 1373 774 1433 14].
793 1370 864 1434 „Seu
872 1373 994 1436 sequeitur·
1005 1370 1114 1434 medias,
1126 1370 1230 1421 Maenas
1240 1376 1273 1421 ut
1281 1375 1345 1438 icta,

218 1443 302 1491 cius.“
310 1440 419 1506 Tarpeia
427 1439 495 1505 apud
507 1439 612 1489 eundem
621 1437 786 1506 1v,4[v.72].
798 1438 942 1502 „Hiereia
952 1438 1041 1504 quatre
1049 1438 1159 1488 celerem
1164 1454 1251 1505 prope
1263 1438 1347 1491 Tm

216 1508 344 1559 medente
362 1507 503 1574 Strymonis
521 1508 649 1557 ebencres
665 1507 756 1568 fertur
773 1511 869 1572 aperte
885 1507 987 1556 cinus.“
1017 1505 1102 1572 Scylla
1118 1506 1187 1572 apud
1204 1507 1345 1572 Virgilium

216 1577 244 1627 in
263 1576 325 1627 cire.
343 1594 365 1625 v.
389 1578 441 1627 163.
478 1573 569 1638 „Qum
586 1574 668 1625 amal
684 1590 718 1625 cc
735 1577 809 1625 cenis
826 1576 918 1625 tuerit
932 1575 1084 1626 elucentem
1100 1576 1204 1639 s'gnerm
1222 1574 1261 1625 lit
1277 1577 1345 1627 ecli-

217 1645 281 1695 dam
306 1647 412 1710 penitus
439 1645 560 1708 concepit
584 1646 614 1692 in
641 1658 702 1693 orec
726 1641 861 1705 furorne,
889 1641 975 1693 Saeua
1001 1643 1075 1693 velet
1097 1642 1197 1707 gelidis
1215 1641 1344 1695 Ciconum

218 1712 471 1774 betoaenea,
499 1708 602 1771 Infelix
619 1715 676 1760 tola
694 1712 772 1775 virge
789 1710 928 1761 bacchatur
949 1712 978 1760 in
1001 1711 1093 1761 arlef‘
1127 1710 1179 1760 Ubi
1195 1711 1281 1762 obiter
1298 1728 1344 1762 no·

216 1779 329 1842 tandum,
356 1794 487 1845 perperam
505 1794 547 1828 coe
564 1778 659 1841 lacere,
684 1779 729 1843 qui
745 1793 844 1830 versum
862 1777 966 1828 tertium
983 1777 1020 1828 sie
1038 1777 1210 1843 interpolant3
1238 1780 1344 1843 „Saeve

215 1848 289 1898 velet
308 1848 407 1913 gelidis
423 1845 548 1897 Edonum
565 1845 684 1896 Bistonis
701 1848 783 1896 orie.“
816 1847 905 1911 Neque
930 1845 1031 1896 felicius
1055 1846 1163 1911 corrigit
1186 1841 1201 1896 ὁ
1218 1844 1293 1897 πάνυ
1310 1849 1343 1898 N.

214 1916 338 1967 Heinsius
356 1914 388 1966 ad
399 1914 471 1965 Ovid.
482 1914 559 1964 Trist.
571 1912 615 1979 IV,
630 1917 649 1965 l.
667 1931 690 1964 r.
701 1916 742 1966 42.
777 1913 881 1978 „Saeua
899 1914 972 1964 celet
990 1912 1116 1965 Oiconam
1131 1914 1231 1978 gelidis
1238 1915 1344 1967 Edonis

215 1988 244 2035 in
263 1986 345 2034 om's.“
380 1983 447 2039 Quia
465 1982 583 2033 Bistonis
601 1981 708 2044 seilicet,
725 1985 755 2031 ut
773 1981 800 2032 hi
818 1983 964 2047 opinantur,
982 1981 1103 2048 syllabam
1120 1981 1228 2033 mediam
1245 1984 1342 2049 ubique

213 2052 291 2103 habet
313 2051 421 2103 brevem.
456 2050 535 2114 Atqui
560 2050 630 2100 aliud
656 2065 687 2100 ex
704 2049 834 2114 Stephano
860 2050 1010 2111 didicimus,
1038 2050 1082 2115 qui
1108 2050 1223 2102 Bistonis
1252 2067 1299 2116 per
1321 2053 1342 2102 0

213 2136 334 2186 magnum
352 2135 452 2201 quoqne
470 2119 523 2169 dici
540 2122 656 2170 testetur.
691 2114 752 2176 „Tb
771 2114 924 2180 dnlmdnf‘
941 2118 1035 2182 inquit,
1059 2116 1218 2176 „Baunonia
1236 2114 1342 2172 ἐκτέτα-

213 2204 260 2239 ται
274 2186 304 2239 δὲ
320 2203 365 2239 και
374 2185 481 2255 λέγεται
489 2184 622 2241 Βιατωνὶς
639 2182 686 2236 διὰ
703 2186 753 2236 ταῦ
771 2194 825 2235 ω.“
851 2187 901 2237 Sed
918 2190 945 2236 et
960 2186 1003 2236 hie
1020 2201 1122 2251 quoquo
1139 2185 1226 2236 turbat
1242 2193 1341 2253 postre-

212 2258 268 2307 uius
294 2257 420 2322 Stephani
445 2257 529 2306 editor
556 2254 698 2316 Berkelius,
725 2255 765 2304 vir
790 2254 966 2317 doctissimus,
996 2255 1040 2318 qui
1058 2254 1230 2320 Epilomatori
1257 2255 1340 2307 dicam

213 2324 303 2375 scribit
321 2326 353 2376 ob
371 2326 419 2375 hoc
436 2326 534 2390 ipsum,
562 2322 787 2387 negetquoullum
804 2321 946 2387 exemplum
973 2322 1065 2371 adduci
1082 2338 1169 2387 posse,
1194 2321 1239 2373 ubi
1257 2325 1340 2374 media

211 2394 239 2443 in
257 2394 373 2444 Bistonis
390 2393 555 2458 producatur.
591 2392 728 2441 Enimvero
751 2391 802 2441 ium
825 2406 905 2440 unum
930 2389 1033 2440 exciri
1050 2390 1199 2453 citavimus3
1225 2391 1300 2441 cuins
1318 2392 1339 2442 si

212 2461 291 2512 dubia
308 2462 426 2525 cuiquam
444 2460 505 2509 fides
523 2472 575 2509 esse
593 2459 722 2518 videatur3
742 2474 800 2509 ecce
817 2457 925 2508 alterum
943 2474 974 2508 ex
991 2457 1129 2523 Apollonio
1147 2459 1262 2521 Rhodio,
1290 2476 1340 2525 quo

211 2533 411 2664 'bilibri
424 2527 787 2663 llllet‘eetltee
804 2525 1338 2663 littlt‘leltlttmtltterit:

210 2631 347 2730 {duodenos
371 2657 506 2724 πιθήσας,
535 2659 652 2718 Adiuro,
678 2659 772 2730 Πιερίῃ
799 2662 988 2711 131lesz
1011 2660 1197 2729 κοιρανέοντα.
1234 2663 1286 2713 Sed
1310 2669 1340 2714 ut

211 2736 243 2781 ed
259 2730 380 2781 Flaccum
397 2734 565 2788 revertemur3
588 2728 616 2779 id
634 2729 710 2779 etiam
734 2731 818 2795 poetis
839 2730 943 2780 solitum
967 2734 1018 2792 est,
1042 2734 1072 2780 nt
1088 2730 1174 2780 lurore
1196 2734 1269 2781 actos
1287 2747 1338 2782 non

209 2797 324 2849 Bacchis
341 2798 431 2858 solnm,
448 2802 478 2846 ut
496 2811 580 2862 supra,
599 2797 642 2846 sed
660 2797 740 2847 cuivis
758 2798 805 2848 alii
822 2798 859 2848 rei
878 2802 1032 2864 comparent,
1051 2799 1254 2862 quaeconoiteto
1268 2806 1338 2851 metu

209 2866 317 2931 rapitur.
335 2866 376 2916 Ita
385 2864 502 2916 Tibullus
511 2879 596 2914 amore
604 2865 713 2931 flagrans
722 2881 748 2915 se
756 2865 1005 2927 assimiletTurbini,
1014 2865 1087 2931 Eleg.
1095 2867 1117 2927 I,
1127 2870 1142 2918 5
1153 2868 1185 2929 [v.
1192 2869 1227 2929 31.
1237 2866 1340 2931 „Nam-

210 2950 261 2999 que
278 2949 363 2998 eger,
388 2938 421 2984 at
435 2948 486 3000 per
501 2933 585 2997 plena
609 2936 677 2984 citus
701 2933 761 2984 sele
785 2935 892 2984 vertam
910 2934 1015 2995 turben,
1043 2933 1125 2997 Quem
1143 2935 1214 2985 celer
1232 2942 1338 2986 cantela

209 3008 299 3053 vereat
315 3003 348 3052 ab
366 3007 425 3052 urle
441 3002 535 3066 pner.“
553 3001 619 3065 quod
637 3016 668 3051 ex
685 3002 776 3051 Amata
787 3001 894 3066 Virgilii
911 3003 1063 3067 expressisse
1079 3002 1188 3065 ridetur,
1206 3005 1270 3055 Aen.
1280 3004 1337 3065 VII,

208 3072 266 3123 376.
285 3068 373 3136 „Tum
390 3084 453 3120 uero
471 3068 577 3131 infelice,
595 3071 749 3134 ingentibus
766 3073 854 3120 ancile
869 3072 1005 3133 monstris,
1030 3070 1180 3121 Inmensum
1196 3075 1338 3123 mnemon

207 3138 279 3199 sarit
303 3137 434 3206 lymphata
457 3152 508 3203 per
533 3137 640 3191 urben:
674 3135 727 3189 Cea
753 3137 888 3203 qreondom
915 3142 985 3188 torto
1011 3137 1127 3188 volitans
1151 3140 1200 3190 rut
1227 3141 1336 3191 verbm

208 3205 314 3272 turbe,“
342 3211 449 3271 atquae
470 3210 617 3268 sequuntur.
652 3206 746 3256 Noster
772 3209 869 3267 autem,
898 3221 951 3255 nou
978 3205 1019 3256 illi
1037 3206 1138 3270 quidem
1154 3206 1267 3272 lusorio,
1294 3207 1337 3258 sed

207 3280 347 3325 centorum
368 3272 482 3324 Turbinc'
499 3276 629 3337 comparat
645 3272 771 3337 quendam
789 3288 851 3339 prae
868 3272 978 3323 avaritia
995 3274 1173 3338 insanientem,
1191 3276 1271 3326 Sem.
1281 3277 1303 3339 Ι,
1312 3278 1335 3327 4.

207 3357 229 3391 v.
249 3343 289 3393 30.
333 3346 417 3406 „quin
442 3356 491 3405 per
519 3340 593 3390 mola
617 3356 745 3407 praecepa
765 3340 875 3403 Fertur,
901 3345 944 3391 uti
964 3341 1055 3407 pnloia
1080 3342 1205 3394 collectus
1223 3345 1335 3405 turbiue,

206 3423 241 3457 ne
258 3407 325 3474 qnid
341 3407 451 3459 Summa
469 3407 599 3473 deperdat
615 3414 747 3472 metuens,
771 3415 821 3459 ant
836 3408 948 3474 ampliet
963 3414 996 3459 ut
1010 3411 1093 3463 recnf‘
1127 3410 1271 3476 Eleganter
1288 3414 1336 3462 ita·

207 3491 255 3539 que
273 3480 298 3526 et
306 3475 422 3541 Lydiam,
440 3475 560 3526 llrriatam
578 3475 650 3525 iliam
667 3474 776 3526 libidine
793 3482 819 3527 et
836 3493 883 3542 per
900 3477 1051 3542 angiportus
1061 3479 1236 3541 cursitantem,
1255 3480 1335 3531 eidem

206 3542 316 3594 Turbini
333 3548 470 3608 comparat,
488 3542 575 3608 aitque
594 3544 724 3594 bacchari
740 3560 794 3594 eam
811 3560 857 3611 per
871 3543 968 3609 plateas
977 3546 1059 3610 magis
1066 3546 1177 3597 Thracio
1188 3548 1272 3598 Borea
1289 3548 1335 3598 sub

208 3610 348 3661 interlunia
365 3609 513 3662 bacchante.
548 3611 613 3661 Nam
631 3616 657 3661 et
674 3613 742 3662 venti
760 3613 812 3677 ipsi
831 3614 958 3663 decolari
974 3612 1103 3675 dicuntur,
1130 3617 1159 3664 ut
1176 3614 1291 3681 Virgilio
1308 3615 1334 3665 iu

206 3677 260 3729 (liri
277 3696 299 3729 v.
318 3680 378 3731 479.
413 3679 499 3742 „Aser
525 3684 556 3729 at
572 3680 683 3730 dihorno
709 3677 849 3730 bacchatur
862 3683 893 3730 in
916 3694 1032 3746 ceqeeere
1049 3680 1151 3732 turbo.“
1176 3688 1202 3733 et
1220 3684 1334 3734 omnium

204 3748 313 3798 maxime
322 3747 445 3797 Thracius
452 3749 552 3807 Boreas,
566 3747 677 3797 utOrid.
687 3747 763 3798 Triet.
773 3749 918 3812 1,2[v.2e].
937 3747 1035 3814 „Num
1042 3750 1149 3814 gelidas
1157 3753 1229 3802 sicea
1240 3753 1335 3801 Boreas

205 3815 344 3866 bacchatur
361 3816 394 3865 ab
412 3815 529 3869 Arcle:“
555 3814 652 3881 quippe
670 3821 801 3866 ventorum
819 3817 932 3867 omnium
954 3816 1170 3879 violentissimum
1197 3823 1225 3869 ut
1242 3819 1334 3869 Neme-

205 3884 269 3933 sien.
298 3883 459 3950 Cyneglill.
496 3882 595 3946 „Haud
610 3899 686 3934 semea
703 3884 795 3946 emeris
812 3883 895 3935 Nerei
909 3901 960 3950 per·
977 3886 1087 3937 canule
1104 3889 1195 3950 cenem,
1224 3885 1291 3938 Cum
1307 3900 1335 3936 se

204 3950 338 4002 Threicius
355 3952 448 4000 Boreas
464 3950 646 4015 raperentulit
668 3957 762 4015 aomo,
789 3951 972 4017 Studentiqne
997 3968 1062 4003 sone
1085 3958 1174 4004 ceolas
1199 3956 1336 4005 euanuit

103 4040 106 4045 >
204 4019 300 4083 endas,
320 4018 415 4070 Omnia
434 4018 542 4067 turbela
560 4024 695 4069 cesserunt
718 4021 832 4081 nurnine
848 4026 947 4086 pente:
974 4020 1033 4086 Ipse
1056 4036 1137 4087 nepes·
1153 4023 1253 4083 flaciaco
1271 4036 1333 4088 rpu-

205 4089 292 4137 mentr‘
307 4100 445 4137 murmure
468 4083 588 4149 servem,
613 4085 790 4153 Conspicuam
805 4089 904 4153 pelage
922 4095 1004 4155 ceput
1025 4093 1137 4140 mainel:
1165 4093 1251 4140 omnis
1270 4105 1334 4140 erm-

206 4159 258 4204 tem
276 4152 423 4207 Nereidum
440 4155 539 4204 mirate
556 4167 604 4203 erse
621 4159 709 4221 strepet
726 4170 842 4221 aequore
859 4157 963 4208 tnrbaf·
987 4161 1012 4207 et
1028 4158 1166 4224 praecipue
1182 4158 1231 4208 rub
1250 4159 1334 4208 iater-
