2818 4758
603 216 635 275 Q.
658 216 800 264 HORATII
821 214 946 264 FLAGGI

732 381 807 447 XII.

541 516 606 581 AD
634 515 995 582 MAECENATEM.

295 634 387 701 Nolis
408 634 507 714 longa
529 634 616 698 ferae
639 633 723 699 bella
743 634 948 713 Numantiae,

295 720 363 784 Nec
385 719 500 783 durum
521 716 744 796 Hannibalem,
767 738 826 784 nec
849 718 994 784 Siculum
1015 739 1104 786 mare

295 807 402 871 Poeno
424 822 621 887 purpureum
643 803 810 884 sanguine,
834 803 984 869 mollibus

379 888 494 973 Aptari
514 887 656 952 citharae
676 888 796 966 modis3

268 975 365 1040 5Nec
387 991 502 1039 saevos
524 971 689 1071 Lapithas,
712 978 745 1038 et
765 971 900 1036 nimium
922 991 1010 1038 mero

294 1058 474 1143 Hylaeum3
504 1054 705 1140 dcmrtosque
726 1055 884 1122 Herculea
905 1077 1004 1122 manu

295 1142 435 1210 Telluris
456 1141 598 1217 iuvenes,
622 1140 707 1207 unde
728 1141 907 1227 periculum

380 1227 524 1308 angens
545 1227 735 1292 contremuit
755 1226 870 1291 domus

299 1311 428 1378 Saturni
450 1310 583 1377 veteris:
606 1317 705 1392 tuque
750 1309 931 1376 edestribus

258 1410 288 1460 ro
302 1397 399 1463 Dices
421 1395 563 1462 historiis
584 1395 707 1482 proelia
726 1333 889 1474 1ducenaria,

600 1530 622 1563 v.
641 1515 665 1566 2.
683 1513 759 1578 Vulg.
776 1514 882 1563 Dirum.

211 1702 241 1750 in
257 1702 366 1748 nnnm.“
402 1701 428 1747 et
449 1698 512 1747 ibid.
530 1698 565 1760 11,
583 1699 643 1750 413.
676 1696 770 1762 „Vitta
789 1700 945 1748 redimerat
961 1697 1089 1762 neglectos
1113 1697 1176 1748 otta
1199 1698 1338 1761 capiltoa.“

211 1771 237 1818 ct
253 1768 321 1816 Fast.
339 1766 370 1828 V,
389 1767 430 1817 79.
465 1763 551 1829 „Tum
568 1768 608 1815 sie
624 1766 753 1830 neglectos
772 1766 871 1817 hedera
888 1765 1015 1816 redimito
1033 1766 1174 1831 capillos.“
1209 1770 1251 1816 An
1267 1767 1338 1832 lega·

211 1836 370 1899 munitaque
394 1849 452 1883 cum
473 1833 567 1883 maiore
590 1838 663 1898 parte
688 1834 805 1884 codicum
828 1837 974 1885 incomtam
997 1833 1075 1884 unica
1091 1834 1170 1884 voce?
1206 1835 1269 1898 „die
1287 1849 1340 1900 nge

211 1918 272 1954 mam
296 1903 358 1969 tyra
375 1900 495 1951 Maturet
519 1903 664 1950 incomtnm
686 1900 828 1951 lacaenae
845 1900 920 1952 More
945 1916 1047 1952 comem
1070 1900 1187 1966 religate
1211 1902 1339 1953 nodnm“

211 1971 261 2022 Sed
278 1986 360 2036 neque
376 1970 424 2019 hoc
441 1972 518 2034 pacto
535 1973 580 2018 aut
598 1970 724 2018 sententia
747 1970 868 2035 expeditu
885 1969 970 2019 facilis
987 1972 1039 2030 eet,
1063 1972 1109 2018 aut
1125 1969 1261 2020 verborum
1277 1985 1339 2021 con·

211 2040 325 2090 structio.
361 2037 449 2087 Nodus
467 2036 592 2100 siquidem
609 2038 742 2086 inccmtnc
759 2037 842 2087 nihilo
857 2038 942 2087 minus
959 2037 1075 2102 ineptum
1093 2037 1151 2102 erit,
1169 2053 1246 2101 quam
1258 2038 1338 2088 nodus

212 2113 321 2159 comtos.
341 2105 405 2155 Tum
424 2107 517 2166 autem,
536 2103 603 2169 quod
614 2103 876 2169 volnntInterpretes,
893 2109 923 2154 ut
939 2109 1059 2155 maturet
1074 2108 1221 2156 incenatum
1238 2106 1339 2157 nodum

210 2174 423 2240 significationem
445 2171 538 2222 habeat
554 2176 684 2236 agentem,
708 2176 738 2222 ut
760 2178 900 2222 maturare
921 2172 1034 2236 fugem,
1057 2188 1148 2223 necem
1165 2176 1214 2224 etc.
1232 2174 1261 2223 id
1278 2188 1340 2224 sane

209 2244 294 2294 locum
311 2243 354 2293 hic
371 2242 464 2292 habere
481 2256 536 2290 non
553 2243 646 2303 potest.
681 2240 757 2290 Iubet
774 2241 855 2302 enim,
880 2244 911 2290 ut
934 2255 994 2290 eum
1013 2240 1075 2306 lyra
1092 2241 1196 2290 eburna
1213 2245 1338 2301 maturet3

209 2312 345 2374 nimirum,
367 2314 398 2359 nt
413 2314 531 2359 maturet
547 2309 651 2370 oens'rc,
675 2311 701 2357 et
723 2307 802 2374 lyram
825 2324 877 2358 una
899 2323 984 2357 secum
1001 2309 1097 2358 afferat.
1133 2309 1200 2358 Nam
1223 2309 1339 2374 proiecto

210 2396 262 2430 non
280 2382 366 2429 tenere
382 2376 471 2427 debuit
486 2377 580 2442 lyram,
604 2380 658 2425 tum
676 2390 733 2425 cum
751 2378 890 2427 maturaret
905 2375 1008 2425 nodum.
1043 2375 1112 2432 Quid
1134 2377 1214 2441 crgo?
1250 2376 1339 2427 Codex

211 2446 316 2512 quidam
332 2444 468 2495 Torrentio
484 2446 554 2494 visus
570 2443 662 2493 habuit
679 2445 839 2506 incomtam5
862 2448 939 2508 atque
956 2460 985 2493 eo
1002 2448 1106 2493 auctore
1124 2448 1193 2493 totus
1210 2444 1284 2496 locus
1302 2445 1338 2494 sic
1392 2464 1393 2469 ¹

211 2512 405 2565 constituendus
422 2516 468 2572 est,
486 2513 606 2576 „eburno
621 2511 665 2561 dic
682 2526 734 2576 nge
751 2526 810 2561 cnm
830 2511 891 2577 lyra
901 2509 1028 2575 Motarct,
1046 2512 1184 2562 incomtam
1197 2511 1339 2564 Lacaenae

211 2581 287 2632 More
311 2595 413 2631 comam
436 2578 553 2642 religato
578 2579 671 2628 nodo.“
712 2579 790 2628 Recte
814 2594 889 2629 coma
906 2581 1040 2642 incomta,
1066 2581 1174 2644 quippe,
1197 2585 1228 2630 ut
1245 2581 1338 2631 amoris

210 2649 336 2712 Magister
352 2648 390 2695 ait
405 2647 434 2694 in
452 2647 513 2695 Arte
530 2646 580 2708 111,
600 2647 655 2698 153.
690 2646 746 2710 „ut
762 2647 884 2711 neglecta
907 2645 981 2696 decet
997 2647 1096 2697 mattos
1114 2650 1224 2697 como“.·
1250 2654 1276 2699 et
1300 2653 1339 2698 ut·

211 2731 318 2779 cumque
336 2715 383 2775 sit,
410 2714 507 2762 veniam
527 2716 595 2763 certe
611 2718 721 2764 meretur
738 2712 842 2774 mulier,
867 2730 931 2779 quae
949 2715 1059 2765 amatori
1075 2714 1203 2781 placuisse
1222 2715 1339 2768 festinat.

211 2786 289 2834 Recte
308 2782 385 2831 etiam
409 2780 526 2845 religato
543 2781 630 2844 nodo,·
656 2786 686 2831 ut
698 2780 815 2832 Tibullus
833 2783 853 2844 l,
872 2783 896 2833 8.
915 2784 947 2844 [v.
965 2785 991 2845 5]
1024 2783 1105 2847 „lpse
1123 2781 1216 2833 Venus
1232 2788 1339 2849 magico

210 2852 346 2915 religatum
369 2850 480 2899 brachio
504 2850 570 2899 nodo
588 2847 733 2900 Perdocuit
754 2850 845 2900 mattea
868 2865 922 2899 non
945 2853 1003 2899 rinc
1025 2853 1205 2901 verberttmf‘
1246 2854 1339 2902 Noster

212 2919 319 2969 Carmin.
338 2918 391 2979 ΙΙΙ,
413 2919 452 2982 14,
470 2920 510 2969 22.
545 2916 703 2982 „Mamaeam
725 2917 795 2967 nodo
818 2916 936 2967 cohibere
963 2920 1090 2967 crincm.“
1125 2923 1150 2968 et
1168 2919 1212 2983 ΙΙ,
1234 2921 1281 2982 19,
1301 2921 1338 2971 19.

211 2988 302 3050 „Nodo
319 2993 418 3038 co'erces
436 2988 556 3051 viperino
575 2985 745 3035 Bistonidum
767 2989 826 3035 aine
848 2984 948 3045 fronde
971 2987 1086 3035 crinea.“
1121 2986 1219 3037 Seneca
1236 2987 1338 3054 Hippo·

210 3057 263 3123 lyto
287 3073 309 3106 v.
333 3057 391 3108 400.
434 3060 479 3119 „ct
501 3054 567 3103 nodo
594 3068 682 3103 comae
705 3053 822 3123 Cpegitf‘
863 3052 996 3102 Caeterum
1026 3069 1126 3103 erucem
1152 3055 1337 3119 interpretibus

210 3126 267 3176 fixit
284 3126 389 3187 Noster,
414 3139 471 3173 cum
488 3137 562 3172 more
579 3120 719 3171 Lacaenae
742 3135 839 3171 comam
857 3120 965 3184 religare
987 3119 1073 3171 iubet:
1098 3121 1167 3171 nihil
1193 3124 1263 3172 enim
1290 3124 1338 3173 ianr

210 3196 290 3244 restat
306 3210 337 3244 ex
353 3195 466 3242 veterum
488 3190 671 3250 monumentis,
698 3188 764 3238 unde
788 3189 938 3252 colligamus
960 3188 988 3237 id
1011 3189 1092 3253 magis
1115 3190 1144 3238 in
1166 3206 1237 3240 more
1262 3190 1337 3241 inisse

185 3304 188 3308 .
210 3262 335 3310 Lacaenis
358 3259 490 3320 laeminis,
517 3272 592 3321 quam
615 3257 681 3307 aliis.
723 3256 828 3306 Utinam
852 3256 968 3321 prodiret
990 3256 1070 3306 codex
1092 3257 1199 3321 aliquis,
1222 3259 1268 3323 qni
1293 3274 1337 3323 pro

210 3327 351 3377 Lacaenae
368 3325 498 3377 exhiberet
515 3325 636 3375 Dionae:
660 3340 718 3373 nam
735 3324 790 3374 Dea
812 3324 859 3373 illa
874 3324 991 3373 venatrix
1015 3327 1041 3373 et
1057 3325 1176 3389 pingitur
1193 3326 1291 3391 ubique
1315 3330 1338 3375 et

211 3394 364 3444 describitur
389 3408 461 3443 coma
484 3394 511 3442 in
537 3392 630 3442 nodum
653 3392 767 3443 collecta.
809 3391 915 3441 Ovidius
938 3392 977 3441 ita
999 3393 1131 3456 apposite,
1158 3397 1188 3441 ut
1212 3393 1245 3443 ad
1271 3395 1337 3444 hune

211 3462 297 3527 ipsum
314 3462 398 3511 locum
415 3461 555 3525 respexisse
573 3459 697 3510 videatur.
732 3460 853 3520 ArtIII,
875 3462 930 3511 141.
965 3460 1102 3523 „Alterius
1125 3461 1209 3510 crines
1227 3463 1337 3511 humero

212 3534 348 3580 iactentur
364 3533 493 3593 atroque.-
531 3526 604 3577 Totis
622 3543 649 3576 ee
666 3533 798 3589 assumta,
816 3528 918 3577 Phoebe
936 3541 1041 3590 canore,
1060 3528 1129 3594 tyra
1165 3528 1262 3579 Altero
1280 3545 1337 3580 ene

211 3599 315 3649 cinctae
332 3596 455 3659 religetur
471 3612 540 3645 more
557 3595 668 3644 Dianae:
707 3593 740 3646 Ut
755 3595 835 3659 rotet,
861 3597 990 3644 attonitus
1008 3610 1068 3645 cnm
1082 3598 1152 3660 petit
1169 3595 1218 3645 itta
1235 3595 1337 3656 feras.“

208 3665 310 3725 §tatius
328 3663 407 3714 Theb.
425 3664 466 3727 ll,
484 3665 542 3715 237.
578 3662 702 3726 „Pnllos,
726 3667 752 3712 et
769 3665 891 3727 asperior
909 3661 1006 3712 Phoebi
1023 3679 1107 3723 soror,
1130 3668 1247 3727 atr-oque
1271 3664 1337 3728 telis,

208 3733 331 3797 ‘Utraque
349 3736 425 3781 torvo
440 3734 526 3796 genic,
543 3732 666 3795 meoque
683 3733 711 3780 in
729 3734 827 3780 vertice
845 3730 936 3781 nodo.“
972 3731 1052 3780 etita
1069 3731 1116 3780 alii
1133 3731 1240 3794 passim,

279 3803 303 3852 2.
326 3797 383 3850 Nec
408 3798 497 3849 dimam
519 3798 705 3860 Hannibalem]
729 3798 865 3848 Editiones
888 3797 990 3862 quidem
1011 3798 1087 3848 hodie
1111 3799 1249 3862 occupavit
1271 3798 1337 3848 illud

211 3870 317 3932 dirum5
341 3867 384 3917 sed
407 3867 435 3916 in
452 3865 589 3916 (lodicibus
615 3864 666 3915 fere
690 3865 823 3927 omnibus,
849 3867 911 3915 meis
934 3870 1002 3915 certe
1025 3866 1181 3927 Graeciano,
1205 3866 1337 3927 Leidensi,

210 3937 351 4002 Reginensi
368 3951 425 3984 cum
442 3934 501 3984 aliis
518 3934 647 3984 interioris
658 3936 742 3995 notae,
759 3934 847 3983 haeret
863 3948 923 3984 vera
939 3934 1016 3984 lectio
1034 3933 1148 3984 durum:
1165 3949 1248 3997 neque
1262 3934 1337 3984 aliter

209 4004 305 4056 habent
321 4002 401 4054 editio
418 4001 513 4052 Veneta
530 4006 556 4051 et
573 4001 703 4051 Loeeheri.
737 4002 815 4051 Recte
833 4001 944 4063 domm,
970 4006 998 4052 ut
1014 4003 1111 4066 gratius
1129 4001 1173 4050 flat
1190 4002 1337 4052 antitheton

211 4073 240 4121 in
263 4072 431 4123 moltibus
455 4072 547 4135 aptari
569 4070 692 4119 citherae
715 4068 806 4119 nrodr's.
843 4068 967 4133 Virgilius
986 4071 1026 4132 [G.
1045 4071 1094 4132 ΙΙΙ,
1111 4071 1152 4131 41:
1187 4072 1266 4135 „qun
1290 4074 1338 4120 nat

210 4139 364 4206 Eurysthea
382 4138 516 4189 ιίἰιντιφιιῖκ
551 4138 684 4187 etiterum
704 4138 742 4198 [h.
762 4137 796 4197 ll,
815 4139 849 4199 7]‚
868 4142 935 4200 „ortt
952 4136 1017 4186 draci
1032 4137 1108 4188 miles
1128 4134 1229 4189 atrurn
