2840 4752
239 211 302 275 432
631 228 662 286 o.
684 227 825 275 nonam
846 226 969 274 nascor

260 373 290 424 so
305 358 493 446 opprobriis
514 361 647 443 dignum
669 360 864 436 laceraverit,
887 359 1011 442 integer
1033 362 1125 447 ipset

304 446 473 512 Solventur
493 444 560 511 risu
582 447 727 512 tabulae:
750 453 785 511 tu
806 446 924 513 missus
945 446 1058 511 abibis.

621 581 643 613 r.
661 567 704 617 85.
720 564 795 629 Vulg.
814 563 976 616 latraverit.

242 714 296 748 cem
321 699 541 750 nanciscerentur:
569 700 599 749 Id
622 699 732 765 Virgilio
756 708 782 749 et
805 701 898 749 Nostro
923 715 980 749 oum
1002 700 1092 763 paucis
1118 700 1178 750 aliis
1204 716 1346 751 concarata

240 766 339 817 Deinde
355 769 383 817 in
402 769 449 818 hac
467 769 601 834 synchysis
619 774 665 829 est,
683 784 747 832 quae
765 769 838 816 venia
856 783 915 817 sane
933 768 1047 831 indiget:
1071 769 1098 817 in
1122 768 1169 817 illa
1192 770 1276 819 nitida
1296 775 1347 820 sunt

240 837 333 895 omnia,
351 844 377 886 et
393 852 439 901 per
455 835 560 901 planum
577 837 631 886 sine
650 835 846 886 obicefluentia.
872 837 1001 886 Postremo
1018 836 1046 885 in
1063 837 1110 887 hac
1127 836 1240 887 lectione
1258 838 1347 887 turbata
1396 899 1397 902 Ἴ

241 905 367 952 sententia
385 910 435 965 est3
452 919 533 968 neque
551 904 635 965 habes,
654 920 703 968 quo
718 905 809 953 reseras
819 903 933 954 Trebatii
941 903 1006 953 illud
1015 919 1179 968 responsum
1197 906 1348 968 „Solventrtr
1396 909 1397 912 ’

241 974 299 1020 rint
317 972 436 1032 tabulae,
462 976 603 1021 irretisses
621 973 736 1022 abitror:
762 973 823 1021 adeo
848 977 876 1021 ut
893 973 953 1021 hinc
973 972 1072 1036 decepti
1090 973 1244 1037 interpretes
1262 974 1349 1039 aliquot

242 1043 323 1088 totum
347 1041 394 1089 hoo
412 1040 521 1090 Horatio
545 1054 675 1104 perperam
698 1041 869 1103 ascripserint.
906 1040 1000 1089 Contra
1027 1041 1054 1089 in
1079 1040 1125 1089 illa
1143 1046 1232 1091 nostra
1249 1041 1348 1091 lectione

241 1108 519 1173 continueturpulchre
536 1110 626 1169 oratio,
645 1109 681 1158 sic
699 1125 745 1173 per
761 1110 986 1171 interrogationem
1001 1109 1134 1170 efferenda,
1151 1109 1253 1172 „lister
1267 1111 1349 1175 rtqra‘s

240 1175 321 1226 mala.
357 1175 410 1226 Sed
433 1179 501 1226 bona
524 1179 549 1225 si
571 1179 630 1240 qais
653 1176 745 1227 Indice
769 1177 920 1227 condiderit
943 1177 1069 1226 laudatas
1094 1175 1227 1226 Caesare?
1252 1181 1278 1227 si
1298 1181 1350 1242 qais

243 1242 399 1307 opprobriis
417 1244 525 1310 (lignum
544 1244 709 1306 laceraverit,
728 1249 833 1308 integer
849 1248 941 1309 ipset“
959 1244 1026 1299 Quid
1045 1250 1098 1293 tum
1114 1245 1165 1306 fiet,
1185 1245 1306 1295 Trebati?
1322 1260 1350 1294 an

241 1311 324 1372 etiam,
344 1313 365 1361 si
384 1312 420 1361 sic
438 1313 480 1373 sit,
497 1313 600 1362 dabitur
616 1312 768 1363 iniuriarum
778 1314 863 1361 actio?
881 1314 961 1362 immo
976 1314 1051 1373 enim,
1068 1313 1205 1377 respondet
1216 1314 1349 1373 Trebatius,

241 1377 360 1429 alisiam
378 1395 466 1429 caussa
484 1388 528 1440 est,
547 1386 572 1430 et
590 1380 720 1430 dissimilis
738 1383 818 1439 ratio,
836 1380 998 1443 „Solaerrtar
1011 1381 1199 1431 risntabalae:
1218 1388 1247 1431 ta
1265 1386 1351 1431 missus

242 1446 356 1495 abibis“:
375 1448 397 1497 si
414 1447 506 1497 nebulo
524 1449 572 1497 iste
590 1448 641 1497 sale
659 1450 733 1513 nigro
750 1449 885 1512 perl'rictus
904 1450 932 1498 in
950 1450 989 1498 ius
1006 1454 1030 1498 te
1045 1450 1189 1509 vocaverit;
1208 1451 1352 1500 subvenient

241 1513 291 1564 tibi
308 1531 365 1564 eum
383 1517 435 1565 risu
453 1516 558 1576 iudices,
577 1522 602 1565 et
620 1524 645 1566 ts
663 1518 816 1582 impunitum
834 1517 971 1566 dimittent.

310 1584 351 1635 85.
387 1585 418 1634 Si
434 1587 493 1648 qais
506 1585 658 1651 opprobriis
674 1586 784 1649 digitum
804 1586 952 1645 latraverit,
970 1587 1075 1648 integer
1092 1587 1158 1649 ipse]
1177 1585 1232 1634 lam
1249 1587 1296 1636 diu
1312 1591 1351 1647 est,

242 1664 298 1699 cum
308 1651 448 1702 Lambinus
465 1653 493 1701 in
511 1653 563 1701 suis
581 1652 679 1716 aliquot
697 1652 828 1703 codicibus
844 1654 950 1713 invenit,
968 1654 1139 1703 laceraverit:
1158 1652 1266 1703 alterum
1276 1660 1351 1704 tarum

241 1718 307 1768 illud
334 1721 474 1770 latraverit
500 1737 585 1770 omnes
613 1721 706 1785 ubique
732 1722 841 1772 editores
867 1727 896 1770 ut
918 1720 1009 1770 melius
1032 1720 1225 1787 elegantiusque
1249 1722 1352 1787 amplexi

241 1792 315 1836 sunt:
341 1789 404 1838 mihi
423 1804 495 1851 vero,
519 1789 586 1852 quod
604 1787 670 1838 bona
688 1806 774 1839 eorum
792 1789 866 1839 venis
883 1789 979 1839 dictum
998 1788 1045 1850 sit,
1069 1788 1138 1837 aliud
1157 1790 1233 1852 plane
1251 1791 1351 1840 videtur.

241 1854 409 1919 Latraocrit,
434 1857 568 1922 inquiunt,
593 1859 704 1922 positum
723 1864 761 1907 cst
778 1874 824 1921 pro
842 1858 1018 1907 allatraoerit.
1053 1858 1116 1906 Esto
1135 1873 1195 1907 sane
1212 1858 1274 1909 hoc:
1302 1873 1352 1908 nan

242 1928 268 1973 et
285 1923 348 1973 alibi
365 1932 451 1974 noster
468 1928 550 1975 active
568 1926 713 1991 usurparit,
731 1926 815 1992 Epod.
832 1925 863 1987 V,
888 1927 929 1977 58.
965 1923 1059 1975 Senem
1077 1924 1231 1975 adulteram
1249 1926 1352 1976 latrant.

241 1991 325 2056 Epist.
345 1994 364 2053 I,
383 1995 406 2056 2,
425 1995 466 2045 66.
503 1992 641 2043 Cercinam
656 1994 753 2058 pellem
771 1994 894 2044 latrabit:
920 1993 950 2043 de
969 1993 1157 2042 constructione
1175 2009 1227 2043 non
1244 1994 1352 2060 litigabi·

242 2072 304 2111 mus.
340 2060 433 2110 Verum
449 2061 514 2111 illud
533 2077 652 2125 negamus
677 2062 715 2111 vol
734 2062 837 2113 latrare
862 2061 902 2111 vel
920 2061 1051 2111 allatrare
1067 2060 1108 2110 vel
1122 2061 1175 2110 ulla
1192 2062 1271 2111 huius
1289 2060 1353 2112 verbi

243 2128 383 2192 composita
400 2124 541 2179 sententiae
559 2130 618 2178 huia
637 2135 662 2180 et
678 2130 734 2180 looo
758 2131 906 2180 convenire:
935 2132 976 2192 „ri
993 2132 1052 2194 qais
1071 2128 1229 2194 opprobriis
1247 2130 1352 2194 dignam

244 2195 391 2260 latraverit,
409 2201 513 2262 integer
522 2200 603 2262 ipset·
632 2198 675 2248 ubi
692 2199 739 2247 hoc
757 2199 810 2248 dici
827 2198 988 2247 manifestum
1003 2201 1047 2257 est,
1065 2201 1090 2246 si
1099 2200 1158 2261 qais
1167 2200 1239 2247 citae
1248 2201 1352 2263 integer,

241 2266 319 2329 paris
335 2266 459 2327 mombar,
479 2266 621 2315 irasceris
636 2266 719 2315 aliam
738 2266 877 2331 qnondam,
895 2268 1026 2315 bominem
1043 2264 1352 2331 infamentetimparam.

242 2333 296 2383 Iam
312 2333 422 2398 prImum
438 2332 479 2383 aio
497 2335 667 2398 metaphoram
685 2335 750 2384 hano
767 2350 783 2386 a
800 2334 905 2384 canibus
923 2334 1023 2398 ignavis
1035 2333 1186 2395 traductam,
1205 2334 1354 2397 quitatrant

243 2400 349 2462 scilicet,
361 2417 420 2451 non
436 2402 559 2463 mordent,
578 2402 649 2451 nullo
666 2407 742 2468 pacto
760 2404 801 2452 hio
819 2403 902 2452 locum
914 2400 1013 2451 habere.
1040 2402 1118 2450 Recte
1136 2401 1239 2464 quidem
1257 2402 1352 2461 dixeris,

241 2470 267 2517 si
283 2470 359 2518 tremo
376 2469 463 2519 mater
481 2476 507 2519 et
522 2486 636 2535 nequam
654 2471 794 2520 latraverit
811 2474 898 2519 airam
923 2473 1073 2533 integram:
1099 2469 1204 2518 minime
1228 2486 1287 2520 vero
1305 2470 1352 2519 vioe

243 2551 327 2598 versa,
351 2539 376 2586 si
392 2540 435 2586 vir
451 2540 556 2602 integer
574 2539 714 2588 latraverit
731 2540 862 2588 nerninem
886 2553 1007 2602 nequam.
1042 2536 1122 2599 quue
1140 2543 1195 2586 tum
1211 2539 1278 2588 ratio
1295 2538 1352 2603 ipsa,

243 2608 297 2653 tum
315 2603 436 2654 bonorum
455 2607 605 2671 scriptorum
623 2607 760 2658 auctoritas
778 2608 840 2656 satis
858 2610 882 2655 te
900 2606 1008 2655 docebit.
1038 2605 1171 2669 Nusquam
1188 2606 1258 2655 enim
1275 2621 1354 2671 quem·

243 2673 373 2736 quamhao
388 2673 535 2738 metaphora
553 2690 624 2722 usum
642 2677 766 2739 reperies3
784 2675 836 2724 nisi
854 2674 896 2723 ubi
916 2673 1050 2738 significet,
1069 2674 1184 2722 homines
1202 2675 1303 2723 invidos
1320 2671 1353 2722 vel

242 2741 349 2804 ignavos
367 2739 507 2791 obtrectare
525 2742 583 2791 aliis
601 2751 653 2791 sese
672 2742 826 2793 melioribus.
850 2742 939 2791 Livius
948 2740 1094 2801 XXXVIII,
1112 2741 1237 2806 blprino.
1258 2740 1353 2802 „Morte

243 2806 371 2867 Africani
388 2824 493 2858 creuere
517 2812 686 2859 inimieorum
712 2814 811 2860 aniani:
838 2826 951 2875 quornm
974 2814 1099 2875 princeps
1121 2808 1177 2868 litii
1195 2809 1231 2861 M.
1250 2810 1354 2860 Por-eins

246 2873 325 2940 Caio,
343 2879 402 2926 vieo
421 2892 525 2942 quoqne
542 2894 571 2927 eo
589 2878 707 2928 allatrare
723 2881 782 2929 eins
799 2878 1011 2942 magnitudinem
1028 2877 1152 2926 selibram
1179 2878 1212 2927 ad
1231 2894 1303 2943 quem
1321 2876 1353 2925 lo·

244 2959 301 2993 cum
318 2944 430 3009 respexit
447 2946 622 3000 Quintilianus
641 2947 726 2997 lustit.
744 2947 816 3008 VIII,
835 2949 860 2999 6.
879 2947 905 3010 [ξ
924 2947 950 3008 9]
980 2945 1024 2995 ubi
1043 2945 1074 2994 de
1092 2944 1183 3009 Tropis
1202 2962 1288 3010 agens,
1306 2943 1354 3007 „tit

244 3012 403 3076 ntLioins,“
420 3014 465 3076 ait,
483 3014 653 3079 „Scipionem
672 3031 688 3064 a
706 3013 804 3066 Catone
821 3014 942 3063 adlatrari
959 3013 1066 3063 solitam
1084 3013 1195 3073 refert.“
1222 3012 1352 3064 Columella

244 3081 272 3130 in
291 3078 399 3131 Praelet.
419 3082 445 3147 [ξ
459 3085 484 3144 9]
510 3082 583 3145 „Sed
598 3099 631 3131 ne
651 3083 771 3132 caninum
789 3082 902 3147 peridem,
920 3084 990 3131 sicat
1006 3081 1099 3130 dixere
1117 3086 1224 3143 veteres,
1242 3081 1352 3131 stadium

243 3153 440 3213 praestantiae,
467 3150 701 3214 loertpletissimam
719 3166 846 3215 qiteniqne
863 3149 1019 3210 adlatrandi,
1046 3154 1072 3197 et
1095 3154 1190 3199 eontra
1209 3153 1353 3203 innocenter

243 3232 294 3281 pro
313 3219 467 3267 nocentibus
485 3218 682 3268 Iatroor'niam.“
716 3218 844 3268 Martialis
861 3219 951 3282 Epigr.
969 3217 999 3277 V,
1018 3219 1058 3269 62.
1078 3218 1118 3279 [61
1140 3233 1162 3268 r.
1185 3220 1207 3279 l]
1235 3217 1351 3280 „Allatres

246 3283 309 3333 lieet
325 3300 408 3350 usqne
425 3301 473 3335 nos
491 3292 517 3335 et
533 3302 622 3351 rrsqrte,
641 3286 678 3336 n't
692 3288 849 3351 gannitibus
866 3286 993 3351 improbis·
1010 3286 1149 3334 lacessas.“
1178 3285 1313 3335 Suetonius
1328 3284 1350 3332 iu

246 3351 348 3416 Vespas.
360 3369 381 3402 o.
393 3355 432 3404 13.
452 3353 632 3414 „Demetrium
643 3354 773 3420 Cynicam
792 3359 820 3403 in
831 3357 927 3403 itiitere
945 3356 1050 3403 obuiam
1065 3354 1118 3402 sibi
1133 3359 1195 3417 port
1212 3353 1351 3403 daranatia

246 3434 314 3481 nem,
331 3436 455 3484 acneqae
464 3428 652 3486 assurgentem.
669 3439 754 3487 neque
767 3423 887 3472 sainture
895 3438 922 3471 se
929 3422 1092 3485 dignantem,
1101 3421 1271 3470 oblatrantem
1281 3424 1350 3470 eoam

245 3490 333 3537 nasein
351 3489 424 3552 qaid,
441 3493 506 3538 satr‘s
524 3491 618 3539 babitit
635 3490 731 3542 Canem
749 3491 914 3555 appellare.“
949 3491 1043 3539 Seneca
1061 3489 1092 3538 de
1104 3489 1166 3538 Vita
1183 3489 1259 3539 beata
1275 3485 1348 3539 XVII·

247 3556 348 3621 [prino]
367 3556 475 3621 „Siquis
484 3573 518 3606 erc
528 3561 593 3618 istis,
611 3563 659 3623 qai
670 3559 866 3624 Philosophiam
877 3558 1027 3617 conlatrant,
1045 3557 1117 3622 qnod
1130 3556 1224 3619 rotent,
1235 3556 1351 3607 dicerit⁴‘

245 3623 324 3674 Vides
336 3625 394 3688 iarn,
412 3625 511 3690 opinor,
529 3627 667 3690 allatrare,
686 3627 828 3683 oblatrare.
847 3626 999 3685 collatrare,
1017 3624 1185 3674 contumeliae
1198 3625 1254 3674 loeo
1267 3624 1349 3687 ubique

246 3693 322 3757 poni3
349 3694 412 3745 adeo
438 3700 466 3743 ut
489 3695 635 3760 turpissime
659 3695 801 3759 peccaverit
818 3694 957 3755 Horatius,
984 3693 1007 3743 si
1030 3698 1115 3758 partes
1139 3692 1237 3743 homini
1255 3695 1349 3755 integro

246 3760 352 3825 dederit,
378 3778 443 3827 quse
461 3767 521 3812 sunt
538 3763 625 3812 invidi
640 3769 685 3813 unt
703 3765 802 3827 ignavi.
837 3762 908 3826 Ergo
926 3761 1023 3824 etipse
1041 3761 1176 3811 allatrasti
1193 3759 1349 3811 Pantolabum

247 3845 373 3893 saumana,
398 3837 423 3880 et
439 3831 579 3883 Pantilium
604 3831 738 3882 cimicem?
765 3831 861 3894 Nempe
885 3836 914 3879 tu
937 3831 1010 3879 horno
1027 3829 1106 3879 nihili
1123 3833 1184 3891 tuno
1203 3827 1349 3902 obtrectabat

246 3897 298 3947 civi
316 3899 426 3963 optimo,
445 3898 517 3961 „oui
532 3901 627 3950 melior
643 3899 747 3962 miritis,
765 3914 844 3964 qrram
863 3903 906 3959 ta,
923 3896 989 3960 fnit,
1008 3897 1141 3960 improbe,
1159 3897 1262 3948 ratior
1295 3894 1348 3950 oms

247 3970 331 4015 autem
350 3967 398 4017 tibi
416 3967 489 4017 fldem
505 3969 609 4029 habeat,
634 3968 665 4017 da
683 3973 708 4017 te
725 3973 777 4015 tam
793 3965 859 4016 male
876 3972 902 4015 et
919 3964 1025 4015 absurde
1043 3965 1178 4031 loquenti?
1203 3961 1349 4030 Equident

247 4048 286 4082 me
304 4035 440 4099 Impetrare
457 4035 505 4084 hoo
522 4051 658 4100 numquam
674 4040 776 4100 potero:
797 4049 876 4099 neque
893 4033 995 4094 dubito,
1015 4033 1077 4098 quin
1095 4034 1132 4082 sic
1149 4032 1212 4082 olim
1229 4050 1244 4081 a
1261 4038 1285 4082 ts
1300 4044 1347 4095 pro·

247 4099 341 4152 lectum
362 4101 454 4165 fuerit,
479 4105 581 4167 „siquis
600 4103 756 4167 opprobriis
773 4101 885 4166 dignam
902 4100 1127 4162 laceraverit,
1151 4098 1347 4165 relegarant:

250 4168 318 4228 quod
335 4170 485 4221 vocabulum
501 4171 576 4219 unios
598 4169 658 4219 hoio
681 4169 738 4217 looo
761 4174 849 4232 aptum
872 4174 898 4218 et
920 4169 1066 4233 appositum
1089 4176 1134 4218 est.
1170 4170 1303 4218 SuetonIus
1324 4163 1348 4213 dt
