2840 4762
212 209 255 272 32
600 216 632 276 o.
653 214 795 263 nondun
815 214 938 263 nnnccr

299 350 448 418 Teutanis
470 368 631 415 numeros.
655 354 691 413 ut
712 348 839 427 melius,
862 347 1018 433 quidquid
1041 349 1110 429 crit,
1133 351 1217 436 pati3

299 439 365 505 Seu
388 436 489 523 pluris
511 435 644 513 hiemes,
667 452 724 500 sen
749 433 859 500 tribuit
880 435 1003 520 Iupiter
1025 434 1179 515 ultimam,

269 524 391 602 eQuae
413 541 497 586 nunc
519 518 676 604 oppositis
697 518 844 584 debilitat
865 519 1046 605 pumicibus
1067 540 1155 586 mare

303 607 515 694 Tyrrhenum.
538 603 658 689 sepias,
680 603 891 686 vicalicum,
914 610 947 669 et
969 605 1073 690 spatio
1096 605 1185 671 brevi

300 693 398 779 Spem
418 692 548 773 longam
570 708 705 756 reseces.
728 687 805 753 dum
826 689 994 771 loquimur,
1019 689 1138 772 fugerit
1159 689 1270 756 invida

299 778 413 844 Aetas:
437 795 533 862 carpe
555 773 649 853 diem,
672 793 768 856 quam
790 772 957 839 minimum
977 775 1108 840 credula
1129 781 1269 861 postero.

739 940 813 1006 XII.

586 1057 651 1125 AD
673 1058 962 1128 AUGUSTUM.

302 1182 405 1260 Quem
427 1178 532 1246 virum
555 1184 612 1242 aut
632 1176 732 1242 beroa
753 1177 824 1262 lyra
844 1178 897 1245 vel
918 1178 983 1245 acri

303 1267 399 1330 'libia
421 1263 522 1330 sumis
544 1262 714 1334 celebrare,
739 1261 831 1328 Clio?

300 1351 403 1429 Quem
423 1350 551 1415 Deum?
573 1346 664 1413 cuius
685 1346 805 1414 recinet
825 1346 933 1413 iocosa

455 1434 581 1498 Nomen
602 1433 719 1513 imago,

276 1520 371 1585 5Aut
391 1519 425 1585 in
447 1517 606 1583 umbrosis
628 1515 790 1583 Heliconis
813 1518 878 1584 oris

303 1608 368 1671 Aut
390 1623 487 1689 super
508 1601 624 1681 Pindo;
647 1601 796 1684 gelidove
816 1603 851 1668 in
871 1604 1003 1680 Haemo,

303 1690 397 1759 Unde
418 1688 561 1755 vocalem
583 1694 702 1753 temere
723 1687 887 1754 insecutae

452 1770 581 1857 Orphea
603 1772 713 1850 silvae,

299 1859 377 1924 Arte
400 1864 544 1922 materna
566 1856 697 1942 rapidos
718 1864 895 1921 morantem

257 1956 287 2007 ιο
300 1942 482 2009 Fluminum
504 1943 615 2009 labsus
638 1942 814 2024 celerisque
835 1947 959 2020 ventoe

243 2029 247 2036 “
300 2026 460 2093 Blandum
481 2033 513 2092 et
534 2027 656 2092 auritas
677 2026 795 2093 fidibus
817 2027 941 2094 canoris

456 2114 583 2177 Ducere
604 2131 750 2194 quercus.

300 2196 386 2276 Quid
406 2197 496 2283 prius
519 2197 624 2261 dicam
647 2197 748 2262 solitis
770 2194 917 2262 Parentis

214 2384 353 2435 declament.
387 2382 445 2432 Non
463 2382 537 2434 mele.
571 2383 637 2432 Nem
654 2381 793 2432 secundum
809 2380 957 2446 Astrologos
974 2379 1135 2447 Babylonios,
1159 2395 1222 2445 quos
1240 2380 1345 2431 Leuco-

213 2459 262 2502 noe
281 2450 426 2502 consultum
444 2449 506 2512 ibat,
525 2451 575 2500 iam
593 2451 647 2503 feto
664 2450 742 2500 fixum
759 2453 826 2515 eret,
854 2454 917 2514 quot
942 2465 1022 2499 onnos
1039 2449 1140 2499 victure
1156 2453 1228 2499 esset.
1264 2449 1347 2499 Nihil
1406 2486 1412 2501 .

215 2526 300 2573 temen
317 2518 474 2569 metendum.

284 2589 308 2638 2.
338 2584 414 2636 Tibia
432 2600 517 2636 remeo
536 2584 678 2647 celebrare]
703 2585 735 2632 In
752 2583 874 2635 Leidensi
897 2588 923 2635 et
940 2583 1082 2635 Graeciano
1104 2599 1196 2635 memes.
1232 2585 1264 2633 In
1285 2600 1346 2636 cae·

216 2653 278 2704 teris
305 2656 330 2703 et
356 2653 384 2702 in
401 2652 543 2719 Reginensi
560 2667 575 2701 e
591 2667 669 2701 mann
685 2652 782 2717 prime,
807 2654 897 2704 rumis.
933 2654 1016 2717 Atque
1040 2652 1078 2703 ite
1094 2651 1157 2702 libri
1174 2652 1293 2718 plerique
1313 2653 1346 2704 eb

214 2721 274 2771 eliis
291 2720 410 2786 inspecti.
428 2721 513 2770 Recte.
549 2720 592 2769 Sic
609 2722 695 2769 noster
712 2719 775 2769 alibi
792 2720 876 2785 Epist
891 2722 912 2782 Ι,
923 2723 949 2785 3,
963 2723 986 2772 7.
1021 2718 1106 2784 „Quin
1122 2723 1175 2770 sibi
1190 2736 1233 2770 rer
1247 2728 1347 2785 gestor

218 2789 335 2853 Augusti
350 2788 465 2837 seribere
482 2787 593 2837 sumit?“
611 2786 700 2838 Sumit
717 2787 851 2838 celebrare
867 2788 944 2839 hebet
960 2788 1012 2837 vim
1030 2793 1055 2839 et
1070 2789 1226 2838 notationem
1242 2792 1348 2856 tempo-

216 2858 253 2907 ris
270 2856 367 2915 fnturi3
385 2855 501 2919 idemque
518 2855 593 2916 velet,
611 2870 641 2906 ac
658 2855 681 2905 si
698 2855 814 2919 dixisset,
831 2855 983 2907 celebrabis.

288 2926 324 2976 13.
353 2922 425 2986 Quid
445 2926 523 2989 pm'er
548 2924 635 2976 dicam
658 2922 744 2973 solitis
761 2924 886 2973 Parentis
904 2923 1051 2986 Laudibus]
1075 2923 1170 2989 Magne
1187 2924 1230 2974 bic
1255 2922 1347 2977 diver·

216 2992 279 3041 sites
297 2996 342 3053 est,
361 3007 419 3041 oum
435 2991 561 3056 lectionis,
580 2996 633 3041 tum
645 2991 873 3056 interpretationis.
899 2991 1017 3056 Plerique
1027 2991 1126 3042 codices
1137 2991 1230 3041 hebent
1239 3007 1348 3056 paren·

216 3065 289 3121 tum3
315 3061 343 3109 in
361 3059 452 3125 quibus
470 3066 530 3110 sunt
548 3060 711 3110 vetustissimi
738 3059 788 3108 mei
817 3060 958 3122 Leidensis,
977 3059 1147 3122 arcemanus,
1171 3060 1347 3125 Regillensis:

214 3128 320 3194 quodsi
339 3128 452 3193 cuipiam
468 3129 607 3193 genuinum
624 3143 677 3177 esse
695 3127 817 3189 videatur,
835 3132 891 3177 turn
907 3143 962 3178 meo
980 3128 1081 3192 quidem
1099 3127 1196 3179 iudicio
1213 3132 1286 3179 totus
1306 3130 1348 3181 lo·

216 3213 260 3247 cue
278 3198 314 3246 sic
333 3196 383 3246 erit
399 3196 589 3261 concipiendus,
609 3195 706 3258 „Quem
721 3197 799 3259 prius
817 3195 904 3245 dicam
921 3195 1007 3246 colitis
1021 3201 1165 3262 parentum
1183 3194 1348 3249 Laudibus?

217 3268 264 3329 qut
287 3280 329 3314 rer
357 3265 511 3315 Ιιοιιιιίιιιηκί
528 3268 576 3314 eto.
611 3263 675 3313 Vide
701 3263 770 3312 enim
795 3263 885 3312 seriem
910 3264 1048 3325 orationis3
1075 3278 1152 3329 quem
1177 3266 1263 3313 otonem
1296 3272 1350 3318 aut

217 3333 313 3395 beroa,
339 3347 415 3396 quem
432 3332 531 3394 Deum,
558 3328 678 3392 obluta,
704 3330 870 3381 celebrabis?
904 3332 986 3395 Quem
1006 3334 1085 3397 prius
1109 3332 1215 3382 dicam?
1240 3331 1347 3398 lovem,

217 3401 264 3463 qui
280 3413 322 3448 rer
340 3403 387 3449 eto.
422 3399 526 3448 Etenim
544 3397 632 3448 dicere
650 3397 783 3462 laudibus,
800 3403 829 3448 nt
845 3403 932 3449 noster
949 3399 1012 3449 olibi
1030 3398 1111 3451 Germ.
1122 3400 1142 3461 I,
1153 3401 1193 3460 21,
1206 3401 1229 3452 9.
1264 3400 1321 3464 „V
1318 3419 1348 3454 oe

220 3463 315 3530 Tempe
339 3465 447 3514 totidem
471 3465 555 3516 tollite
579 3464 729 3517 laudibue.“
753 3466 849 3517 Seneca
867 3467 1023 3520 Troadlbi.
1059 3466 1192 3530 „Fercem
1219 3471 1245 3516 et
1260 3467 1348 3522 illum

215 3532 342 3584 laredu‘bue
359 3535 450 3582 cuncti
466 3535 588 3585 canent.“
622 3532 713 3597 virgil.
736 3534 826 3599 Georg.
847 3536 882 3599 11,
902 3537 944 3587 95.
980 3539 1024 3599 „et
1040 3551 1092 3601 quo
1112 3540 1136 3585 te
1163 3537 1283 3586 carmine
1305 3539 1349 3588 de-

216 3616 283 3659 com,
302 3597 464 3650 Rbaetioo?“
499 3599 635 3650 Laudibus
658 3605 742 3651 eutem
765 3608 917 3669 parentum,
943 3602 970 3652 id
988 3607 1040 3666 eet,
1058 3619 1121 3669 quas
1149 3607 1264 3667 parentes
1285 3606 1349 3658 Iovi

217 3665 376 3718 tribuebant:
395 3670 424 3717 nt
441 3667 510 3717 Idem
529 3669 620 3733 Θεοῖς,
630 3670 679 3731 ΙΙΙ,
700 3671 754 3722 185.
788 3668 875 3733 „Tum
899 3673 988 3736 magis
1014 3677 1094 3736 atque
1119 3674 1207 3735 magis
1234 3671 1348 3725 blandis

212 3734 469 3802 gauderemngu'etrt
477 3734 640 3787 Laudibm.“
664 3736 756 3787 Solittr
773 3754 848 3801 porro
859 3738 991 3803 laudibus,
1009 3743 1132 3790 utnooter
1143 3738 1224 3789 Germ.
1241 3740 1289 3803 IV,
1303 3746 1347 3809 15,

216 3806 258 3856 29.
276 3801 401 3866 „Virtute
416 3800 531 3867 functos,
550 3819 617 3854 more
625 3807 733 3870 patrum,
752 3805 840 3870 duces,
860 3804 1193 3872 TroiamqueetAnebieen
1211 3814 1237 3858 et
1253 3809 1349 3863 ulmae

217 3873 374 3935 hogeoiem
392 3868 504 3921 Venere
522 3874 670 3925 oaoemnr.“
705 3875 786 3937 Atque
814 3874 876 3925 heco
904 3874 1006 3939 quidem
1031 3874 1107 3925 lectio
1131 3875 1162 3925 ab
1180 3877 1250 3927 omni
1266 3884 1349 3941 perte

215 3938 349 3989 commode
366 3941 416 3997 est3
434 3938 477 3987 cni
495 3939 569 3989 unice
586 3938 672 3989 favent
689 3940 734 3990 ille
745 3941 822 3991 Statii
834 3942 943 4006 Thebi,
954 3944 994 3994 41.
1022 3942 1120 4008 „Quem
1136 3942 1208 4008 prius
1220 3945 1349 4011 bereum,

218 4005 284 4067 Clio,
303 4005 397 4056 debir?
413 4005 582 4056 imrnodioum
601 4010 658 4057 irae
677 4005 787 4074 Tydea?
805 4008 938 4074 laurigeri
953 4012 1054 4061 subitos
1072 4027 1107 4062 an
1125 4012 1193 4061 erotis
1214 4013 1348 4066 biaturt“

217 4073 332 4123 Alterum
350 4076 433 4122 entem
452 4074 573 4138 proponit
590 4091 647 4125 oum
663 4075 778 4126 Muretus
796 4092 826 4126 er
844 4077 998 4143 coniectura,
1016 4084 1070 4128 tum
1087 4083 1159 4130 vetus
1178 4080 1349 4134 coderGem·

217 4139 351 4206 bledensis,
369 4155 419 4204 qno
436 4141 497 4190 olim
516 4158 575 4194 usus
592 4143 803 4209 eetPulmennus‚
820 4143 911 4209 „Quid
925 4149 1003 4212 prius
1021 4146 1128 4200 dicere?
1144 4147 1231 4198 eolitb
1248 4164 1349 4216 peren-
