2840 4762
498 250 693 302 nnnlcnsso.
1108 256 1160 304 vn

68 392 136 453 ente
156 385 320 453 &erudito
341 385 406 451 otio
429 386 511 453 solet
532 386 744 474 dispungere:
768 393 873 471 teque,
895 388 1020 474 Flacco,
1042 388 1158 456 identi-

68 519 121 581 em,
144 516 227 562 nunc
248 496 348 559 rhodo
369 498 432 560 iter
449 496 585 578 sociem,
615 517 699 564 nunc
720 497 806 564 domi
833 499 876 564 ad
898 498 1059 566 subcisiva
1079 504 1158 565 tem·

68 630 151 674 >rum
172 606 241 673 Sibi
263 605 411 672 comitem
432 605 585 673 evocabit.
629 609 795 674 Postremo
816 615 938 694 autem,
969 607 1055 694 quod
1075 628 1159 695 pene

68 737 101 799 30
122 716 308 804 primarium
329 715 492 799 existimo,
520 736 584 781 non
606 723 640 783 tu
662 717 768 803 hodie,
791 724 828 785 ut
848 719 924 784 olim
945 718 1159 785 Maecenatia-

68 849 122 911 um,
144 827 178 892 in
200 826 341 893 sterilem
362 824 492 891 domum
513 826 726 907 concesseris,
748 830 776 894 dr
798 829 936 914 querelis
958 830 1159 915 repudiatoque

68 938 228 1001 condono
248 934 425 1010 turbidam
458 936 517 1002 sed
538 956 647 1004 amore
668 945 757 1004 casto
779 938 983 1019 concordem,
1013 938 1160 1025 pulchra-

68 1066 102 1113 ne
122 1047 213 1133 prole
234 1044 505 1112 florentissimam:
528 1045 583 1111 ubi
605 1054 752 1133 spectare
773 1049 831 1114 tibi
853 1056 880 1110 lt
899 1047 1012 1116 audire
1032 1048 1162 1116 dabitur

68 1156 218 1224 ruentutis
239 1161 368 1222 nostrae
390 1154 570 1241 Principes,
599 1157 848 1245 Britanniaeque
876 1180 967 1246 spem
989 1160 1159 1245 geminam,

68 1284 234 1333 prunnon
253 1266 437 1331 Hmnnlum
457 1266 619 1330 Baranam
641 1268 680 1331 ds
706 1268 877 1359 Wipmorc,
912 1271 1160 1357 Gnonomnque

68 1396 155 1443 mun
182 1377 396 1441 Vicccomitem
418 1376 457 1439 de
478 1375 639 1462 Dupplio3
672 1377 882 1460 ingenuarum
910 1380 1063 1446 uirtutum
1090 1401 1159 1447 am·

68 1508 107 1571 os,
130 1486 292 1570 animique
314 1489 342 1553 dr
364 1485 484 1570 ingenii
505 1487 558 1553 vel
578 1486 612 1552 in
633 1488 736 1573 prima
749 1487 903 1571 lanugine
917 1487 1060 1569 adultos;
1081 1490 1161 1556 For·

68 1617 137 1664 mae
159 1603 268 1663 autem
289 1597 324 1662 in
345 1617 442 1681 quam
456 1596 586 1664 aluntur
600 1596 772 1683 plusquam
787 1617 938 1684 capaces;
960 1600 1055 1665 Illum
1070 1606 1158 1666 tanto

68 1715 186 1791 arente,
209 1709 302 1775 Hunc
323 1707 440 1774 Socero
462 1707 696 1790 dignissimum,
720 1706 775 1791 qui
796 1710 825 1774 dr
845 1728 930 1775 nunc
950 1715 1016 1775 tam
1037 1709 1160 1791 ingenti

68 1820 119 1886 ius
139 1817 287 1900 imagine
300 1817 431 1883 minime
458 1818 678 1884 obscurantur.
721 1820 835 1902 Neque
856 1819 986 1885 veroid
1007 1826 1040 1885 te
1061 1826 1160 1885 retar-

68 1937 102 2009 et,
127 1928 213 2012 quod
234 1930 268 1993 in
290 1948 330 1994 ea
353 1928 445 2014 (proh
467 1928 568 2006 dolor)
591 1936 736 2014 tempora
757 1928 958 2013 devenimus,
982 1928 1036 1995 ubi
1059 1929 1162 1996 scissa

68 2038 295 2106 ssensionibus
323 2038 469 2121 odiisque
498 2038 723 2105 communitate
754 2046 825 2125 (per
854 2058 910 2106 eos
939 2040 1078 2106 maxime
1106 2040 1161 2125 qui

68 2150 204 2216 ,inistros
234 2167 270 2215 se
304 2151 331 2214 du
363 2148 528 2233 adjutores
561 2147 703 2214 Partium
741 2148 918 2227 venditant)
951 2170 1015 2215 non
1045 2150 1163 2218 virtute

68 2260 179 2346 nplius
201 2278 239 2323 ac
260 2258 354 2325 bonis
367 2257 500 2343 artibus,
524 2256 581 2324 scd
598 2257 791 2324 clamoribus
805 2257 965 2342 utrimque
979 2260 1163 2327 calumniis·

69 2390 102 2435 re
126 2375 274 2435 certatur.
319 2369 362 2436 Ut
384 2368 468 2435 enim
489 2368 574 2449 olim,
601 2367 675 2434 licet
696 2366 730 2432 in
751 2367 841 2433 Bruti
863 2369 1025 2453 quondam
1047 2370 1162 2436 casulo

69 2481 212 2563 ribunus,
233 2478 429 2545 Maecenatis
450 2479 652 2563 Augustique
674 2478 812 2561 gratiam
834 2478 980 2564 tenuisti,
1012 2478 1099 2544 nullo
1122 2499 1164 2546 ea

69 2611 83 2656 e
105 2610 221 2657 caussa
242 2588 362 2672 frigore
383 2589 598 2656 imminutam:
629 2589 675 2656 ita
705 2610 764 2657 nec
792 2592 910 2658 Noster
936 2588 1162 2677 speculabitur,

69 2700 164 2767 trisne
186 2707 221 2765 tu
249 2720 289 2766 ex
310 2699 460 2766 Partibus
488 2719 529 2764 an
552 2719 593 2765 ex
613 2700 734 2766 neutris
761 2721 846 2767 nunc
867 2700 1051 2791 advenerim
1087 2701 1164 2786 lpse

70 2810 168 2877 edius
189 2810 400 2893 omnibusque
422 2828 561 2892 aequus,
590 2812 618 2874 dc
645 2810 776 2892 egregio
797 2811 929 2877 Publioo
956 2828 1164 2897 compescens

70 2922 117 2986 inc
138 2919 189 2986 vel
210 2918 285 2986 inde
306 2920 421 2985 nimios
438 2918 448 3003 ΙΙ
465 2918 695 3003 factiososque3
718 2919 773 3002 qui
794 2920 1015 2987 tumultuando
1026 2919 1162 3006 adipisci
1230 2969 1236 2983 .

70 3032 197 3115 agitant,
221 3050 304 3113 quae
326 3030 432 3115 quiete
454 3031 482 3095 dr
504 3029 662 3096 modestia
683 3029 752 3096 iure
775 3030 835 3096 sibi
857 3029 1043 3116 desperent;
1067 3029 1163 3114 quive

71 3143 123 3207 ita
153 3142 235 3207 inter
267 3160 388 3228 paucos
419 3139 582 3225 potentiae
614 3139 766 3207 societate
798 3139 914 3207 ceteris
945 3140 1092 3205 omnibus
1120 3139 1164 3205 ad

71 3272 181 3319 onores
202 3251 325 3318 aditum
345 3250 574 3317 intercludunt:
597 3250 776 3336 pernicioso
802 3249 924 3316 ambitu
946 3248 1020 3328 (nisi
1042 3248 1165 3335 primus

71 3385 75 3429 r
98 3370 151 3430 eat
172 3361 300 3429 obviam
321 3367 508 3445 matureque
529 3365 685 3433 occurratl
715 3361 765 3427 vel
793 3359 827 3426 in
849 3360 961 3427 ultima
982 3357 1164 3442 gladiorum

72 3471 216 3557 ‚iquando
238 3478 398 3558 eruptum.
439 3470 504 3538 Sed
525 3471 605 3538 haec
625 3471 735 3558 paullo
757 3469 959 3537 commotius:
982 3472 1011 3536 dr
1031 3468 1165 3537 meliora

72 3582 265 3648 minabimur.
309 3583 360 3646 Tu
374 3562 472 3666 uero,
495 3581 524 3648 si
544 3581 669 3661 Domus
691 3579 764 3661 tibi,
787 3580 816 3647 si
835 3580 1007 3666 Dominus,
1033 3578 1061 3647 si
1082 3579 1165 3646 (lon-

72 3693 227 3761 ubernales
249 3691 313 3758 iam
336 3691 472 3779 placent,
495 3692 506 3756 i
527 3711 665 3778 propere
685 3712 724 3758 ac
744 3691 828 3779 pede
850 3691 966 3774 lausto,
987 3700 1165 3776 posteram-

73 3824 109 3870 ue
139 3803 236 3870 istam
268 3805 297 3869 dr
325 3801 495 3869 recidivam
529 3802 651 3866 laudem
672 3803 777 3869 laetus
810 3821 953 3888 capesse.
1010 3800 1073 3865 Vix
1102 3797 1165 3864 dici

73 3919 166 3993 otest,
202 3913 265 3980 Vm
292 3913 619 3994 Pnassuaumssmn,
648 3932 746 3995 quam
772 3911 824 3979 his
850 3909 983 4005 vocipus
1011 3926 1165 3977 accensus

73 4024 230 4107 audioque
258 4022 421 4090 delibutus
442 4022 604 4106 Horatius,
635 4042 698 4088 non
720 4021 833 4107 gradu,
857 4021 915 4089 sed
935 4040 1031 4087 cursu
1052 4018 1096 4085 ad
1117 4021 1166 4085 Te

74 4141 133 4201 tcta
154 4132 367 4212 contenderim
399 4133 482 4202 adeo
510 4139 546 4199 ut
568 4131 851 4201 Commendatitias
876 4148 969 4197 meas
996 4149 1056 4197 sen
1077 4128 1166 4198 festi·
