2840 4752
218 267 282 329 426
626 282 658 341 o.
681 282 822 329 nonam
842 283 967 330 rnacc1

284 414 354 491 Quo
376 434 416 479 ne
438 434 496 498 per
519 434 655 479 vacuum
676 416 818 480 Romano
839 415 1013 482 incurreret
1035 417 1153 489 hostis;

284 499 358 564 Sive
380 501 465 580 quod
488 501 619 583 Appula
641 520 730 580 gens,
754 520 811 566 scu
834 501 919 583 quod
941 503 1083 567 Lucania
1105 505 1223 568 bellum

282 585 442 650 Ineuteret
463 586 614 648 violenta.
659 586 716 649 sed
738 585 790 649 hic
812 587 905 651 stilus
928 587 1015 651 band
1036 595 1123 673 petet
1146 590 1225 653 ultro

240 682 272 731 to
287 669 487 751 Quemquam
509 670 712 748 animantem,
736 678 768 735 et
788 690 840 736 me
862 672 961 737 veluti
982 673 1139 738 custodiet
1161 676 1246 739 ensis

283 755 409 835 Vagina
431 761 550 819 tectus:
575 774 670 835 quem
692 776 748 818 eur
769 755 969 837 destringere
991 777 1094 833 coner,

283 844 386 904 Tntns
408 840 450 905 ab
472 838 598 905 infestis
621 839 819 906 latronibus?
842 844 860 904 ὃ
882 849 974 926 pater
996 849 1106 907 elren

282 926 435 1009 Iuppiter,
459 932 495 989 ut
516 931 629 1010 percat
650 926 788 1009 positum
811 925 956 1007 robigine
978 928 1086 1001 telum,

283 1012 350 1075 Nec
373 1009 543 1092 quisquam
567 1018 680 1074 noceat
701 1010 816 1095 cupido
839 1012 916 1081 mthi
937 1013 1042 1098 pacis!
1073 1018 1107 1076 at
1128 1011 1192 1088 illc,

220 1163 348 1228 prosperis
366 1161 530 1226 loqueretur?
565 1163 663 1211 Extant
679 1162 755 1211 hodie
772 1162 895 1227 reliquiae
913 1180 998 1213 earnm
1016 1166 1077 1213 satis
1096 1163 1247 1221 luculentae,
1278 1178 1345 1226 quaa

220 1231 371 1280 Franciscus
385 1231 470 1279 Donsa
488 1229 592 1294 collegit
610 1238 635 1279 et
652 1230 773 1294 digessit:
792 1230 837 1280 ubi
854 1232 1002 1295 plerumque
1020 1232 1086 1282 nihil
1103 1232 1187 1279 minus
1206 1246 1284 1294 quam
1304 1246 1346 1277 res

222 1314 279 1348 suas
297 1302 385 1346 narrat
403 1297 527 1347 Lucilius.
563 1297 631 1352 Quin
651 1302 675 1346 et
694 1298 787 1347 Noster
804 1315 861 1348 mox
876 1316 899 1347 r.
918 1302 959 1351 34.
977 1316 1003 1349 se
1021 1299 1157 1350 Lucilium
1174 1301 1250 1362 sequi
1266 1304 1296 1346 et
1316 1299 1344 1346 in

220 1366 375 1429 argumentis
394 1366 534 1415 Satirarum
551 1365 648 1415 imitari
666 1366 814 1430 profitetur:
834 1373 860 1416 at
877 1384 935 1417 vero
953 1369 981 1416 in
998 1367 1040 1417 his
1053 1367 1216 1417 Sermouibus
1235 1372 1345 1428 quotus·

220 1434 326 1498 quisque
344 1439 396 1493 est,
420 1433 465 1497 qni
489 1433 519 1482 de
537 1434 642 1482 Horatii
665 1434 739 1483 rebus
756 1434 829 1499 agit?
852 1436 897 1499 qni
919 1452 971 1484 non
988 1435 1073 1485 locum
1090 1435 1201 1498 aliquem
1219 1433 1346 1483 moralem

221 1508 245 1552 ct
263 1517 419 1551 communem
438 1501 549 1550 tractat?
567 1501 635 1556 Quid
653 1502 739 1551 multis
758 1503 840 1566 opus?
860 1503 987 1566 Equidem
1004 1519 1070 1552 nova
1087 1503 1129 1552 via
1146 1502 1267 1551 insistens
1290 1510 1343 1549 tam

219 1569 309 1630 rerba,
334 1585 409 1635 quam
427 1570 592 1628 sententiam,
617 1575 688 1619 extra
704 1585 803 1620 ornnem
821 1571 1024 1635 reprehensionis
1042 1571 1122 1620 aleam
1139 1571 1177 1621 sic
1195 1572 1342 1619 constituo:

220 1653 321 1702 „neque
337 1640 362 1686 si
378 1637 446 1686 ruale
463 1653 515 1687 ces
528 1643 632 1699 serat,
649 1653 762 1701 usquam
778 1638 929 1688 Decurrens
947 1640 1009 1701 alio,
1028 1640 1154 1702 nequest
1172 1640 1265 1688 teue“:
1292 1639 1344 1686 hoc

220 1710 266 1766 est,
285 1703 424 1769 Nusquam
434 1705 487 1754 alio
498 1710 687 1769 praeterquam
698 1706 734 1755 ad
744 1705 825 1754 libros
835 1706 986 1767 decolorans,
1005 1722 1051 1756 seu
1060 1709 1124 1755 bene
1141 1707 1167 1754 ei
1176 1711 1292 1756 cesserat
1311 1704 1341 1753 in

79 1811 82 1818 .
139 1797 142 1803 ·
220 1773 369 1835 scribendo,
396 1789 442 1822 seu
459 1774 535 1824 male.
572 1773 677 1823 Scilicet
700 1774 788 1838 quovis
806 1773 850 1824 ille
868 1775 909 1824 die
927 1775 1036 1824 scribere
1054 1772 1169 1836 amabat,
1193 1774 1247 1823 sire
1264 1778 1344 1838 aptus

220 1848 275 1891 tum
292 1841 324 1890 ad
342 1842 468 1901 studium,
486 1857 546 1902 seu,
563 1845 593 1890 ιιι
610 1857 684 1907 saepe
701 1857 750 1891 usu
768 1843 851 1902 venit,
869 1843 996 1907 ineptior3
1023 1859 1066 1891 seu
1085 1842 1166 1891 Musis
1184 1841 1345 1900 laventibus,

221 1911 273 1960 sire
291 1910 392 1959 aversis.
429 1910 567 1959 Suetonius
585 1910 613 1958 iu
623 1910 686 1958 Vita
696 1909 809 1959 Terentii
827 1913 863 1975 [p.
874 1912 940 1973 3l,6
954 1910 1085 1972 eumin]
1105 1909 1213 1974 „Nepos
1231 1914 1343 1959 auctore

220 1984 291 2028 certo
311 1981 467 2043 comperisse
483 1994 510 2027 se
529 1979 581 2040 ait,
601 1976 627 2027 C.
649 1976 771 2027 Laelium
789 1978 924 2042 quondam
942 1981 972 2028 iu
989 1979 1136 2028 Puteolano
1155 1975 1214 2027 Kal.
1233 1976 1344 2026 Martiis

221 2047 387 2096 admonitum
405 2047 437 2095 ab
455 2061 550 2107 umore,
569 2048 714 2110 temporius
732 2051 763 2094 ut
774 2046 955 2108 discumberet,
970 2050 1079 2112 petiisse
1097 2046 1129 2096 ab
1148 2060 1190 2106 aa,
1207 2061 1242 2095 ne
1260 2049 1344 2094 iuter·

219 2113 382 2180 pelleretur:
406 2117 492 2163 semus
511 2114 616 2163 tandem
634 2116 783 2177 ingressum
809 2114 970 2178 triclinium,
995 2114 1110 2173 diuisae,
1134 2111 1198 2163 Νοη
1216 2130 1295 2178 saepe
1315 2113 1343 2162 in

221 2181 354 2232 scribendo
372 2182 453 2246 magis
471 2182 620 2231 successisse
638 2180 702 2231 sibi:
721 2181 815 2230 deiude
833 2188 959 2245 rogatum
976 2188 1008 2232 ut
1024 2184 1125 2245 scripta
1136 2181 1185 2230 illa
1193 2181 1343 2245 proferret,

220 2253 409 2316 pronuntiasse
426 2265 525 2309 uersam,
542 2252 670 2313 quisunt
686 2253 715 2299 iu
727 2250 1034 2311 Heautontimorumeno,
1050 2244 1134 2299 ‘Satis
1151 2248 1200 2313 pol
1215 2254 1344 2315 prolerre

218 2334 260 2368 me
278 2317 344 2384 Syri
358 2320 491 2383 proruisse
515 2319 567 2367 turre
591 2311 791 2367 induuerrrut.'“
828 2318 924 2367 Seneca
940 2318 1022 2368 Praei.
1047 2318 1079 2366 ad
1097 2316 1216 2366 Controv.
1240 2316 1289 2369 lib.
1306 2317 1342 2377 II.

222 2386 248 2452 [§
267 2389 299 2450 3,
318 2402 343 2450 p.
363 2388 426 2448 116,
445 2387 459 2437 3
478 2387 560 2447 Burs]
596 2383 670 2447 „Nec
687 2391 726 2434 est
743 2386 815 2448 quod
831 2385 944 2435 insidias
960 2391 1036 2451 putes
1056 2385 1104 2434 tili
1120 2385 1196 2446 fieri,
1216 2387 1298 2448 quasi
1313 2383 1345 2433 id

220 2470 315 2518 agam,
339 2459 369 2503 ut
395 2459 419 2502 te
443 2454 505 2503 bene
523 2454 636 2504 cedentis
655 2453 733 2503 studii
752 2454 828 2505 lator
846 2455 959 2505 teneat.“
993 2451 1062 2504 Idem
1080 2451 1199 2503 Contror.
1218 2451 1343 2502 XXVIII,

222 2522 248 2588 [ξ
269 2524 314 2585 17,
327 2537 351 2585 p.
371 2524 429 2580 281,
448 2523 463 2573 8
481 2524 564 2583 Burs]
599 2520 688 2585 „Nam
706 2526 732 2570 et
750 2520 858 2571 Ouidius
875 2523 966 2584 nescit,
985 2521 1057 2585 quod
1072 2519 1136 2570 bene
1154 2521 1241 2583 cessit,
1260 2521 1344 2570 relin-

220 2592 327 2656 quare.“
363 2589 434 2638 Ovid.
453 2592 529 2641 Pont.
546 2589 590 2650 IV,
616 2591 639 2640 2.
664 2593 698 2651 [v.
716 2590 759 2651 48]
795 2590 849 2651 „At
866 2594 908 2651 tu,
932 2592 978 2638 cui
994 2590 1093 2639 bibitur
1110 2588 1218 2648 felicius
1236 2589 1343 2638 Aonius

219 2659 296 2720 fons,
315 2658 420 2707 Utiliter
438 2658 551 2709 studium
569 2654 641 2722 quod
659 2659 707 2706 tibi
725 2656 806 2718 cedit,
830 2659 918 2707 ama.“
952 2656 1022 2706 Idem
1040 2656 1115 2706 Trist.
1134 2656 1165 2717 V,
1185 2657 1225 2707 12.
1245 2659 1280 2719 [v.
1299 2658 1341 2719 13]

221 2728 282 2788 „An
300 2728 364 2790 quia
382 2730 511 2774 cesserunt
534 2727 622 2790 primo
645 2723 709 2775 bene
733 2726 860 2789 canusina,
882 2724 978 2774 suades
995 2724 1130 2787 Scribere,
1156 2740 1295 2774 successus
1312 2729 1343 2773 ut

219 2809 318 2859 sequar
336 2796 392 2859 ipse
408 2796 516 2846 meor?“

288 2862 331 2913 37.
365 2861 422 2924 Qrao
441 2877 475 2910 ue
490 2876 540 2926 per
557 2875 672 2909 sacreum
690 2859 818 2921 Romano]
854 2860 959 2909 Frustra
976 2857 1096 2909 Lambini
1114 2858 1214 2923 aliquot
1230 2858 1341 2919 codices,

228 2929 299 2993 (lasa
318 2945 363 2979 ue.
387 2928 445 2992 Quo
463 2945 496 2978 ne
513 2928 580 2978 idem
598 2933 635 2977 est
653 2944 681 2978 ac
700 2934 731 2977 ut
747 2944 788 2978 ue.
807 2927 904 2992 Digest.
922 2930 963 2992 21,
984 2931 1006 2989 1,
1026 2930 1067 2978 17.
1085 2928 1145 2992 [5¹5]
1164 2926 1214 2990 „Si
1232 2927 1343 2977 celandi

221 3014 323 3061 carasca,
342 3014 391 3062 quo
404 2997 486 3051 netad
498 2997 634 3046 domiuum
648 3001 832 3058 reverteretur,
850 2996 981 3060 fugissem
997 2995 1143 3060 fugitiuum
1160 2998 1241 3044 esse.“
1260 2994 1342 3057 „illis-

220 3083 272 3125 sus,
283 3067 320 3116 ad
337 3068 395 3129 troc,
409 3066 496 3130 pulsis
515 3067 598 3124 (vetus
617 3070 656 3113 est
672 3070 704 3113 ut
719 3064 803 3124 fumat
822 3064 942 3128 Sabellis,
965 3063 1021 3126 Qrao
1039 3079 1073 3112 ne
1089 3079 1139 3127 per
1156 3078 1272 3112 vacuum
1290 3062 1342 3113 uo-

220 3135 300 3185 ruano
319 3138 471 3183 incurreret
483 3136 574 3196 tostis,
593 3132 653 3184 Sive
666 3132 738 3197 quod
748 3132 856 3198 Appula
871 3147 946 3195 gens,
964 3147 1010 3183 seu
1025 3131 1098 3195 quod
1106 3130 1230 3180 Lucania
1243 3131 1341 3180 bellurn

221 3203 357 3252 incuteret
372 3202 516 3251 violenta.“
544 3199 662 3251 Romano
681 3206 772 3260 autem,
790 3217 842 3249 non
857 3201 968 3265 populo,
985 3206 1014 3249 ut
1025 3199 1101 3263 vulgo
1116 3199 1340 3263 bicIuterpretes3

221 3270 265 3319 sed
282 3285 363 3332 agro:
382 3268 423 3318 Ne
441 3271 523 3318 tostis
540 3272 693 3318 incurreret
708 3266 841 3326 Roman03
859 3269 908 3317 hoc
927 3272 972 3328 est,
990 3284 1024 3316 ne
1041 3270 1220 3316 incensionem
1237 3267 1342 3326 laceret

221 3340 251 3386 iu
269 3352 365 3400 agrum
382 3335 544 3394 Romanum3
566 3342 596 3385 ut
613 3335 689 3386 verba
707 3340 766 3384 sunt
783 3335 852 3384 Livii
871 3338 893 3397 I,
912 3338 952 3387 32.
971 3336 998 3400 [ξ
1017 3336 1042 3397 3]
1078 3333 1196 3384 Romano
1215 3333 1340 3397 absolute,

222 3419 289 3468 agro
308 3404 460 3453 subaudita:
478 3409 508 3452 ut
525 3402 621 3465 Cicero,
641 3406 700 3469 [Ep.
718 3403 870 3464 FamXIII,
889 3406 904 3454 5
924 3404 940 3468 ξ
959 3405 984 3465 2]
1004 3406 1032 3452 in
1050 3401 1079 3454 V
1076 3403 1238 3463 claterrano,
1258 3402 1338 3465 [Verr.

222 3478 270 3522 act.
289 3473 324 3535 Π,
343 3475 367 3533 3,
387 3475 417 3523 15
436 3473 453 3537 ξ
473 3474 515 3534 38]
534 3488 568 3521 ece
585 3472 730 3532 Leontium
758 3471 849 3521 Caesar
873 3474 911 3534 [B.
930 3471 984 3521 civ.
1002 3471 1051 3532 III,
1070 3472 1100 3521 21
1121 3470 1136 3535 §
1154 3470 1195 3532 41,
1220 3472 1249 3519 iu
1270 3467 1341 3519 Ttru-

221 3544 326 3603 riuum3
355 3544 380 3589 et
398 3540 492 3589 similia
509 3539 611 3605 passim.
647 3543 725 3589 Porro
744 3540 809 3588 illud
828 3537 905 3602 Quod
927 3544 1111 3604 utpronomen
1137 3538 1184 3599 sit,
1209 3554 1259 3586 non
1278 3553 1338 3586 con-

221 3609 334 3670 iunctio,
353 3623 453 3657 necesse
471 3613 523 3658 est:
551 3609 646 3658 bellarm
665 3607 750 3672 quod,
775 3607 871 3657 bellurn
896 3607 1012 3671 aliquod.
1049 3605 1182 3655 Sententia
1206 3606 1274 3655 enim
1291 3614 1337 3665 est,

222 3694 297 3742 qnam
308 3679 392 3726 Acron
413 3677 566 3726 Scholiastes
584 3682 651 3725 recto
669 3676 729 3725 olim
747 3675 860 3739 accepit:
879 3675 975 3724 lllissus
993 3674 1029 3724 ad
1046 3676 1102 3733 troc,
1121 3690 1153 3722 ne
1171 3689 1228 3722 cum
1242 3673 1337 3738 Appuli

222 3751 268 3796 ant
277 3745 377 3796 Lucani
394 3745 489 3794 bellum
505 3745 570 3794 torte
588 3744 719 3806 inferrent,
737 3759 784 3808 per
801 3744 885 3793 locum
901 3743 975 3792 illum
992 3742 1120 3808 praesidio
1138 3757 1245 3793 vacuum
1264 3741 1337 3791 facile

222 3815 250 3864 iu
275 3830 364 3877 agrum
390 3814 530 3863 Romanum
557 3813 726 3861 incursionem
753 3811 871 3861 lacerent.
913 3812 1029 3860 Fortasse
1061 3816 1144 3859 tamen
1170 3810 1207 3858 sic
1235 3809 1337 3872 scripsit

220 3883 359 3943 Horatius,
377 3887 403 3931 et
420 3881 512 3931 diserte
530 3881 618 3945 magis,
643 3885 669 3929 et
684 3880 768 3929 miuus
787 3880 916 3943 ambigue:
943 3878 1023 3943 „Sire
1041 3878 1121 3943 quid
1138 3877 1246 3943 Appula
1263 3893 1335 3941 gens,

221 3966 268 4000 seu
286 3950 367 4015 quid
384 3950 506 4000 Lucania
529 3949 615 3999 belli
633 3949 767 3999 Ineuteret
784 3947 926 3997 uiolenta.“
944 3951 974 3996 ut
990 3962 1048 3996 mox
1064 3945 1132 3994 intra
1150 3962 1173 3994 v.
1192 3947 1234 3996 80.
1270 3944 1338 4008 „Sed

223 4024 310 4068 tumen
327 4023 358 4067 ut
374 4021 490 4067 pronitus
508 4034 615 4080 caricas,
639 4033 672 4067 ne
694 4015 766 4075 forte
789 4018 876 4080 negoti
900 4015 1013 4065 Incutiat
1037 4014 1084 4063 tibi
1104 4012 1166 4078 quid
1183 4016 1335 4062 serratarum

221 4089 329 4136 inscitia
348 4086 461 4148 leguru.“
484 4086 561 4146 Quin,
579 4086 602 4134 si
611 4083 706 4136 codicis
715 4083 825 4133 alicuius
836 4083 973 4134 auctoritas
987 4082 1123 4142 accederet,
1142 4080 1335 4145 etiamamplius

223 4153 306 4203 libens
323 4169 482 4217 reponerem,
501 4154 580 4216 „Sicu
598 4153 663 4217 quid
680 4152 788 4217 Appula
804 4167 878 4215 gens,
896 4167 943 4200 seu
961 4150 1026 4216 quid
1043 4150 1179 4199 Lucana
1197 4148 1335 4198 duelli.“

225 4221 292 4268 Gens
310 4221 433 4284 Appula,
460 4226 505 4269 aut
523 4236 585 4284 gens
604 4221 722 4269 Lrecana.
758 4219 882 4268 Duellum
903 4227 986 4268 autern
1004 4217 1098 4267 amamt
1115 4224 1213 4278 noster,
1239 4224 1268 4266 ut
1292 4217 1333 4280 qui
