2842 4758
212 214 274 276 402
605 225 636 284 q.
658 225 798 273 aenean
818 222 941 272 anscm

275 361 416 425 Pransus
436 379 499 423 non
521 359 623 437 avide,
647 364 800 442 quantum
822 358 1002 443 interpellet
1023 358 1110 421 inani

277 444 395 510 Ventre
417 443 502 509 diem
524 444 650 521 durare,
674 443 867 508 domesticus
889 444 979 508 otior.
1022 443 1102 508 haee
1127 449 1180 508 est

215 629 337 679 lucernis.
362 629 412 679 Ast
427 629 474 679 ubi
490 645 531 679 me
547 629 696 690 fassamsol
704 629 971 679 acriorirelooatum
979 627 1134 692 Admonuit,
1152 628 1234 693 sagio
1247 625 1337 676 Gam-

213 696 478 763 pumiceumque
497 698 670 762 trigonam.
706 697 823 746 Pransns
840 712 894 746 non
912 696 989 746 ovida
1007 724 1040 733 —
1058 697 1218 747 domesticos
1237 698 1337 745 otior.“

214 766 285 816 Haec
303 764 354 814 iam
372 764 474 830 singula
491 765 658 815 examinanda
675 770 741 814 sunt
776 765 821 814 Ad
836 769 960 829 quartam
978 766 1066 814 iaceo:
1094 764 1164 829 quod
1188 779 1252 813 aare
1271 764 1337 812 acei-

215 834 271 898 piaa
289 849 335 898 pro
354 831 465 895 domnio,
484 838 513 882 ut
530 832 607 897 vulgo
624 832 725 882 iaciunt
742 832 910 897 Interpretes:
938 831 1033 897 quippe
1050 849 1101 882 non
1121 832 1173 882 nisi
1190 832 1273 880 otiosi
1293 831 1337 879 bo·

214 901 291 950 minis
308 904 370 960 erat,
388 900 427 950 vel
445 900 477 951 ad
495 901 582 950 horam
600 916 679 965 usque
697 900 805 965 primam
823 915 910 950 somno
928 899 1073 964 indulgere:
1098 905 1128 950 ut
1145 900 1231 964 Epist
1253 899 1276 958 I,
1300 900 1334 950 17.

213 985 237 1018 v.
258 972 282 1021 6.
317 968 366 1029 „Si
389 973 413 1018 ta
436 974 518 1034 grata
542 971 615 1033 quies
639 973 666 1017 at
687 969 795 1032 primam
817 983 924 1017 somnus
950 971 979 1017 in
1004 969 1097 1018 boram
1122 968 1276 1018 batectatf‘
1313 973 1340 1014 et

212 1036 298 1102 Epist.
316 1037 337 1098 I,
357 1037 395 1087 18.
413 1053 436 1085 v.
455 1039 495 1088 34.
532 1037 671 1097 „Dormiat
687 1039 717 1085 in
734 1035 824 1096 lucem,
841 1041 930 1085 scorto
947 1041 1087 1101 postponet
1105 1038 1246 1085 honestam
1270 1033 1338 1094 Olli·

214 1107 292 1167 cium,
310 1118 432 1154 nummos
448 1104 549 1154 alienos
565 1105 681 1170 poseat.“
715 1104 785 1168 Ergo
802 1104 834 1153 ad
851 1109 966 1166 quartam
983 1108 1094 1164 stertere,
1113 1102 1238 1154 desidiosi
1257 1101 1338 1166 plane

214 1172 305 1234 fuerit,
323 1176 349 1220 et
365 1171 520 1221 Nomentani
539 1172 640 1236 nepotis
657 1170 746 1235 potius
764 1187 837 1234 quam
856 1171 950 1222 Finem.
986 1171 1054 1226 Quid
1072 1172 1151 1235 ergo?
1179 1171 1276 1220 [acore
1294 1170 1338 1218 hic

213 1238 319 1304 perinde
337 1243 376 1288 est
393 1255 422 1289 ao
439 1240 561 1302 studere,
589 1240 616 1288 in
641 1238 737 1288 tectulo
761 1239 860 1288 scilicet
883 1238 988 1287 lectioni
1011 1245 1055 1287 aut
1071 1239 1209 1303 scriptioni
1228 1253 1337 1286 vacare:

214 1307 259 1372 qui
276 1323 329 1356 mos
347 1311 401 1356 erat
418 1309 588 1371 antiquorum,
606 1307 657 1356 iam
674 1307 830 1357 notissimus.
865 1306 957 1357 Noster
975 1322 1058 1370 supra,
1077 1307 1129 1356 Sat.
1150 1308 1169 1366 l,
1188 1309 1213 1357 4.
1232 1323 1258 1354 v.
1279 1308 1337 1357 133.

212 1390 315 1439 „neque
332 1377 402 1424 anim
420 1389 478 1425 eum
496 1375 604 1425 lectulus
622 1379 670 1424 ortt
685 1390 727 1424 me
740 1374 862 1425 Porticus
880 1376 990 1440 aocepit,
1010 1375 1099 1424 desum
1116 1375 1211 1424 ηιῖὴϋι
1235 1373 1338 1423 Seneca

213 1443 299 1508 Epist.
317 1440 424 1492 LXXII.
450 1444 476 1508 [ᾗ
494 1445 520 1506 2]
556 1442 710 1505 „Qstuedam
727 1447 803 1504 sont,
831 1457 899 1506 qrtoe
920 1444 1005 1506 possis
1023 1447 1048 1491 et
1066 1445 1094 1491 in
1112 1445 1178 1492 cisio
1197 1442 1338 1492 seribere.-

214 1510 347 1576 quosdam
364 1510 456 1559 lectum
474 1515 501 1559 et
518 1514 600 1560 otiam
627 1515 653 1559 et
674 1515 803 1559 seoramm
822 1509 999 1559 desiderante
1034 1509 1134 1559 Plinius
1152 1510 1238 1574 Epist.
1257 1508 1292 1569 V,
1312 1511 1337 1559 5.

214 1578 241 1644 [§
252 1580 278 1641 b]
306 1576 404 1640 „Visus
421 1583 461 1628 est
476 1580 527 1627 sibi
546 1577 571 1629 C.
590 1577 711 1627 Fannius
724 1592 776 1643 per
790 1582 949 1628 neotericam
968 1581 1079 1642 quietem
1097 1578 1212 1627 iacere
1230 1578 1266 1627 in
1286 1576 1340 1626 le·

213 1646 307 1695 ctulo
324 1660 372 1695 sno
391 1649 550 1710 compositns
567 1648 596 1695 in
616 1647 734 1695 tabitam
752 1645 885 1705 studentis,
904 1646 1001 1695 babere
1018 1652 1080 1695 ante
1095 1662 1123 1695 se
1141 1645 1275 1705 scrinium,
1297 1647 1339 1693 ito

212 1719 245 1763 nt
261 1713 389 1763 solebat.“
423 1715 506 1778 Atque
529 1714 590 1765 haec
608 1713 710 1777 quidem
727 1712 903 1779 interpretatio
921 1729 951 1763 ex
968 1712 1131 1778 sequentibus
1148 1713 1234 1764 verbis
1249 1712 1340 1776 magis

213 1781 295 1831 adhuc
314 1780 452 1841 constabit;
481 1787 559 1846 „post
575 1782 645 1830 banc
662 1796 747 1845 angor
766 1787 814 1831 ant
829 1796 878 1846 ege
897 1782 978 1845 lecto,
995 1782 1051 1831 Ant
1067 1784 1183 1846 scripto,
1200 1779 1276 1846 quod
1293 1795 1339 1829 rna

214 1851 325 1899 tacitum
352 1851 447 1898 inpete
473 1849 518 1898 ubi
542 1850 603 1898 crdo
628 1854 680 1909 est,
703 1848 766 1898 Post
782 1849 865 1909 bane,
891 1849 978 1899 horam
996 1849 1094 1899 scilicet
1112 1855 1242 1913 quartam,
1265 1863 1338 1912 quae

213 1916 287 1967 nobis
305 1932 373 1966 nune
390 1916 488 1966 decima
505 1922 543 1967 est
560 1916 772 1977 antemeridiana,
799 1932 847 1980 ego
865 1931 965 1981 vogor·‚·
992 1917 1137 1981 arctisalo,
1155 1922 1205 1966 ortt
1221 1920 1336 1981 scripto,

213 1984 286 2050 qnod
307 1999 348 2034 me
373 1988 482 2035 tacitam
506 1988 585 2035 inoet.
610 1985 661 2034 Ubi
684 1984 738 2033 sine
763 1984 841 2034 dnbio
867 1984 933 2034 lecto
956 1989 982 2034 et
1004 1988 1112 2050 scripto,
1137 1992 1198 2033 sunt
1222 1982 1336 2033 ablativi

212 2052 407 2118 participiorum
432 2052 513 2103 lacteis
537 2058 563 2102 et
586 2055 708 2117 scriptas.
744 2050 890 2102 Cuiusmodi
913 2052 965 2103 iam
988 2054 1081 2118 passim
1106 2053 1241 2102 observata
1259 2058 1301 2100 est
1319 2065 1338 2099 a

213 2119 391 2170 Grammaticis
410 2121 574 2170 constructio.
612 2120 714 2170 Tacitus
732 2120 822 2169 Annal.
842 2120 877 2181 11,
896 2123 918 2171 t.
944 2118 1067 2184 ‚,Coesor‚
1085 2121 1172 2169 audito
1192 2119 1336 2170 castellana

213 2187 337 2253 Luppiee
361 2189 488 2249 obsideri,
515 2204 563 2237 seo:
587 2188 702 2253 legiones
726 2204 755 2237 eo
781 2187 884 2238 detrit.“
919 2187 965 2251 IV,
989 2191 1028 2241 36.
1065 2187 1210 2254 ‚,Fonteins
1236 2186 1338 2252 Capito

214 2256 373 2317 absolvitur,
403 2260 530 2320 comperto
556 2256 620 2316 ficto
645 2259 672 2304 in
697 2271 755 2305 marn
779 2258 895 2306 crimina
917 2271 966 2320 per
983 2255 1090 2307 Vibium
1115 2256 1277 2305 Serenum“:
1307 2260 1337 2304 et
1399 2264 1400 2277 ¹

213 2324 276 2373 alibi
294 2324 395 2387 passim.
431 2325 488 2374 Hoe
506 2325 607 2387 quidem
626 2329 692 2373 recte
718 2323 778 2373 olim
802 2325 878 2374 Ianua
896 2323 994 2373 Deusa:
1022 2323 1084 2373 adeo
1109 2330 1139 2372 ut
1162 2340 1202 2373 me
1226 2322 1334 2372 illorum
1400 2338 1401 2347 ¹

214 2392 346 2454 misereat,
364 2392 409 2455 qui
427 2392 493 2443 lecto
512 2394 554 2442 hie
572 2399 598 2441 et
614 2395 714 2456 scripto
731 2390 815 2441 Verba
832 2408 885 2442 esse
902 2390 1004 2452 volunt,
1031 2407 1078 2456 pro
1095 2391 1184 2443 lectito
1211 2397 1238 2440 et
1264 2393 1337 2440 seri·

213 2461 297 2524 ptito;
316 2459 391 2509 verba
408 2461 496 2525 utique
514 2460 639 2521 inaudita,
658 2465 683 2509 et
700 2460 727 2508 in
745 2459 859 2509 ultimam
878 2459 1025 2510 Barbariam
1043 2458 1184 2524 releganda.
1213 2459 1336 2523 Deeepit,

213 2527 296 2587 eredo,
314 2542 356 2576 eos
373 2543 511 2592 pronomen
529 2527 597 2592 Ego,
617 2544 674 2577 eum
692 2527 719 2577 id
736 2532 807 2577 extra
820 2527 902 2576 locum
920 2544 991 2577 suurn
1009 2528 1051 2576 hie
1069 2528 1180 2592 positum
1199 2527 1332 2576 videatur:

214 2599 281 2658 quad
299 2600 382 2644 tamen
401 2596 504 2646 minime
522 2596 609 2645 mirari
627 2596 732 2657 debent,
756 2595 800 2660 qui
822 2601 867 2644 aut
891 2597 957 2645 hunc
975 2596 1095 2645 Nostram
1118 2601 1164 2644 aut
1181 2595 1336 2644 Terentium

213 2678 332 2726 umquam
353 2668 492 2713 terserunt.
527 2664 620 2712 Noster
643 2663 698 2712 loeo
722 2663 772 2712 iam
796 2664 888 2713 citato:
917 2661 1026 2727 „Neque
1049 2665 1118 2712 enim
1137 2678 1197 2713 eum
1216 2661 1334 2712 lactatus

214 2736 263 2779 out
279 2745 318 2779 ma
337 2729 457 2780 Porticus
475 2733 604 2795 caespit.“
638 2731 713 2780 Nihil
730 2731 864 2781 usitatius:
891 2736 966 2795 atque
989 2732 1051 2780 adeo
1077 2731 1231 2795 elegantiam
1248 2745 1332 2794 quan·

214 2798 271 2847 dam
288 2812 348 2861 prae
366 2812 391 2846 se
409 2797 465 2847 fert.
500 2799 570 2862 Ergo
587 2799 635 2849 hoc
653 2799 717 2848 dicit
734 2799 865 2860 Horatius,
891 2799 953 2849 Post
971 2800 1062 2848 boram
1082 2804 1208 2863 quartam
1227 2813 1335 2862 ungor,-

213 2879 273 2916 enm
290 2867 345 2914 iam
363 2869 426 2914 nono
444 2871 492 2915 ont
510 2865 618 2930 legerim
637 2872 684 2916 ortt
700 2869 853 2931 scripserim
871 2866 948 2931 qnid,
972 2865 1045 2930 qood
1060 2881 1101 2915 ma
1118 2869 1230 2917 tacitum
1248 2868 1331 2916 tuost.

214 2932 272 2982 Sine
290 2932 368 2982 dubio
386 2933 472 2998 itaque
489 2949 540 2983 nen
558 2934 594 2984 od
610 2939 734 2999 quartem
751 2933 885 2997 demisit,
903 2935 948 2997 qui
965 2938 1024 2983 ante
1041 2949 1095 2983 eam
1112 2934 1200 2984 horam
1218 2936 1335 2998 scripsit

213 3000 382 3066 aliquidaut
399 3002 471 3065 tegit.
509 3002 557 3051 Sed
574 3018 708 3068 pergamus
725 3018 814 3067 porro:
840 3007 866 3051 et
889 3002 1080 3065 investigemus,
1109 3017 1160 3067 qno
1178 3001 1336 3066 vagareris

213 3068 315 3119 solitus:
344 3075 419 3134 atque
444 3070 471 3119 id
495 3070 595 3135 quidem
620 3071 684 3121 scire
711 3069 826 3130 dabitur,
854 3086 884 3123 ex
901 3070 934 3119 iis
959 3085 1022 3133 quae
1040 3075 1193 3134 sequuntur,
1221 3083 1334 3133 „ungor

214 3136 300 3187 oliuo:
317 3139 379 3187 Post
395 3138 443 3187 obi
458 3153 499 3187 ms
516 3138 615 3200 sessum
632 3139 674 3188 sot
692 3141 781 3187 acrior
798 3140 839 3186 ire
857 3138 975 3187 lavatum
990 3136 1145 3198 Admonuit,
1163 3138 1242 3201 slogio
1254 3135 1332 3187 Com·

210 3203 432 3269 permissumque
451 3209 613 3269 trigonem“:
642 3206 768 3255 Nimirum
792 3205 819 3255 in
844 3205 964 3269 Campum
982 3206 1116 3266 Martium,
1143 3206 1188 3255 ubi
1212 3204 1333 3254 homines

213 3269 338 3322 beatiores
355 3279 400 3322 aut
416 3272 524 3337 spatiari
542 3278 567 3322 et
583 3273 646 3323 alios
664 3273 779 3323 ludentes
795 3274 891 3337 visere,
917 3279 962 3323 aut
984 3272 1036 3338 ipsi
1059 3273 1145 3323 ludere
1168 3278 1195 3322 et
1212 3287 1334 3323 excreare

214 3354 240 3388 se
258 3337 380 3388 solebant.
416 3339 545 3390 Describit
567 3340 609 3390 hic
634 3340 733 3391 seilicet
756 3341 918 3405 quotidianae
942 3357 1003 3391 suae
1026 3341 1091 3391 vitae
1110 3340 1331 3401 connsuetudinem,

213 3421 264 3469 quo
281 3410 358 3471 pacto
375 3407 441 3457 diem
458 3409 586 3472 integrum
604 3409 744 3473 transigere
762 3407 858 3459 soleret.
894 3407 1059 3474 ,‚Vespere,“
1084 3410 1182 3472 inquit,
1207 3408 1329 3469 „Circum

213 3478 256 3535 „et
273 3474 366 3524 Forum
383 3490 497 3538 pererr03
515 3475 574 3525 inde
592 3475 624 3525 ad
641 3492 728 3527 cenam
746 3477 845 3526 domum
863 3477 948 3527 redeo:
967 3476 1068 3526 tandm
1086 3493 1115 3527 eo
1133 3477 1284 3536 dormitum
1303 3482 1333 3525 et

213 3557 304 3603 „mane
322 3550 496 3607 experrectus,
522 3559 601 3608 usque
625 3545 657 3594 ad
680 3548 795 3608 quartam
813 3545 904 3594 studiis
922 3560 997 3604 vaoo;
1024 3544 1084 3595 inda
1100 3546 1129 3595 in
1147 3545 1270 3609 Campum
1287 3558 1330 3593 me

212 3610 346 3673 „aoniero,
375 3614 400 3661 et
423 3610 490 3661 olivo
509 3619 599 3662 unctus
617 3620 677 3672 tuen
694 3613 799 3662 rancido
816 3613 918 3677 quidem
934 3612 1094 3677 foetidoque,
1120 3617 1149 3662 ut
1166 3613 1256 3676 Natta)
1273 3611 1332 3677 pila

213 3679 305 3742 „ludo‚
335 3685 360 3729 et
377 3678 492 3730 ludentes
516 3679 579 3731 alios
598 3685 692 3745 specto.
727 3680 848 3741 Demum,
874 3681 919 3730 ubi
935 3680 1003 3730 Solis
1027 3685 1110 3730 aestus
1128 3681 1258 3730 molestior
1280 3686 1327 3739 est

213 3747 347 3812 „relinquo
365 3746 485 3813 Campum
505 3764 533 3797 ac
551 3749 702 3813 Trigonem,
720 3751 745 3797 et
761 3747 872 3798 lavatum
890 3764 932 3798 eo:
951 3753 1058 3813 postque
1076 3749 1224 3813 prandium,
1251 3753 1331 3798 tenue

213 3815 259 3877 „id
277 3815 377 3880 quidem
395 3821 421 3867 et
437 3831 549 3882 parcum,
577 3816 645 3867 domi
662 3816 729 3866 otior
745 3832 825 3881 usque
842 3816 874 3866 ad
891 3818 1048 3880 vesperem“
1082 3818 1136 3866 lam
1154 3820 1238 3866 autem
1256 3830 1328 3867 exer-

214 3883 277 3932 citia
294 3885 444 3948 campestria
461 3886 533 3951 prins
551 3885 608 3935 oleo
626 3889 761 3950 perunctos
779 3883 880 3945 obiisse,
898 3900 938 3934 res
955 3884 1104 3949 pervulgata
1121 3890 1166 3944 ast,
1183 3899 1266 3948 neque
1284 3883 1330 3933 bic

213 3949 277 4000 adeo
300 3950 439 4016 probanda.
474 3953 546 4002 Unde
569 3954 662 4003 Noster
685 3953 715 4003 da
733 3952 821 4017 Sybari
840 3951 921 4001 Canu.
939 3953 965 4013 I,
994 3953 1017 4004 8.
1034 3968 1057 4004 v,
1076 3953 1099 4003 8.
1134 3950 1208 4015 „Cur
1229 3951 1327 4000 olivum

213 4022 348 4082 sangntine
366 4022 486 4084 viperino
505 4024 609 4070 caudas
626 4023 710 4082 eitot;
736 4035 810 4085 saepe
828 4019 912 4083 disco,
939 4035 1017 4085 saepe
1042 4025 1116 4069 trans
1138 4020 1218 4082 {insin
1242 4017 1330 4068 iaculo

214 4086 310 4135 nobilis
328 4087 451 4151 repedita
459 4089 489 4140 ?“
507 4089 579 4139 Ovid.
598 4089 698 4138 Metam.
713 4086 746 4149 X,
766 4090 822 4140 176.
849 4087 987 4153 „Corpora
1004 4094 1073 4137 vesta
1090 4087 1185 4149 leuant,
1204 4092 1230 4138 at
1246 4102 1328 4137 noceo

212 4154 324 4217 pinguis
348 4153 409 4204 olivi
428 4154 633 4219 Splendescnnt,
660 4155 760 4217 totique
782 4158 877 4206 ineant
898 4158 1045 4206 certamino
1069 4155 1159 4206 disci.“
1193 4156 1273 4205 Porro
1297 4155 1327 4203 in
