2818 4758
229 263 271 324 ’16
620 276 652 335 q.
674 274 816 323 nortuum
836 276 959 324 nascer

314 408 387 493 Igni
410 429 540 475 corusco
562 409 673 474 nubila
694 408 840 474 dividens

357 495 560 577 Plerumque,
583 514 641 580 per
661 515 778 579 purum
800 495 940 562 tonantis

399 581 475 663 ugit
497 600 597 662 equos
618 581 843 662 volucremque
865 600 1007 647 currum:

298 752 322 801 6.
340 748 404 813 lgna·
420 763 530 798 carruca
548 748 641 798 nubila
660 747 789 810 diuidere]
814 748 893 798 Totus
918 748 989 797 locus
1016 748 1053 797 sic
1081 764 1106 798 ee
1132 747 1226 801 habeti
1263 767 1359 811 „nanu

229 833 280 883 que
296 817 432 882 Diespiter
449 816 514 880 Iuni
535 831 646 866 carruca
663 816 756 866 nubila
774 816 902 879 dividens,
920 816 1078 880 Plerumque
1084 832 1135 881 per
1149 833 1251 883 parurn
1261 825 1362 870 tonan-

230 891 267 935 166
285 884 352 948 Egit
369 900 450 949 equor
467 884 654 949 volucremque
671 886 808 934 errrrrcm“.
843 884 913 940 Quae
931 883 963 933 ob
981 884 1057 933 verba
1075 886 1255 948 sagacissimus
1273 887 1359 937 Taua-

228 952 325 1016 quillns
342 952 424 1002 Faber
440 951 525 1016 Epist.
544 953 585 1002 52.
602 952 648 1003 lib.
667 953 691 1003 2.
715 951 839 1001 ridiculae
863 967 892 1001 ac
919 951 1038 1001 iuvenilis
1063 953 1213 1003 temeritatis
1230 955 1358 1005 Nostrum

227 1021 338 1081 incusat,
356 1020 423 1085 quod
440 1019 596 1084 plerumque
619 1020 674 1069 sinc
700 1017 767 1069 nube
791 1025 879 1069 tonare
896 1018 974 1080 dicat,
998 1019 1072 1082 quasi
1088 1019 1193 1070 alternis
1211 1021 1361 1087 quibusque

228 1087 319 1138 diebus
336 1088 363 1136 id
381 1087 466 1147 flaret;
484 1103 541 1137 cum
555 1087 599 1141 vel
616 1087 753 1137 secundum
771 1087 862 1151 vulgus
879 1092 924 1137 aut
940 1087 1090 1137 Historicos
1102 1103 1133 1138 ex
1149 1089 1274 1154 opinione
1283 1091 1358 1156 vulgi

227 1156 360 1221 loquentes
377 1156 513 1217 rarissime,
537 1171 568 1204 ex
590 1156 755 1221 Physicorum
778 1160 863 1205 autem
887 1155 1013 1204 sententia
1030 1171 1167 1219 numquam
1190 1157 1218 1206 id
1241 1159 1355 1208 eveniat.

228 1223 313 1274 Aliam
331 1226 416 1274 autem
433 1224 501 1273 viam
518 1223 634 1272 instituit
657 1223 823 1287 dignissimus
847 1223 901 1273 eius
918 1236 996 1287 gener
1012 1223 1157 1284 Deciatium
1186 1225 1285 1289 quippe
1302 1242 1355 1276 nou

229 1291 303 1351 scria,
322 1291 365 1340 sed
383 1291 479 1340 urbane
496 1291 643 1355 ironiceque
659 1291 703 1340 hic
715 1291 837 1349 Nostrum
854 1291 940 1354 loqui3
958 1290 1064 1355 ideoque
1082 1291 1141 1341 data
1158 1308 1235 1356 opera
1252 1310 1308 1343 rem
1326 1295 1354 1343 in

228 1361 311 1409 maius
337 1374 438 1423 augere,
462 1374 513 1422 quo
540 1358 643 1409 Stoicos
660 1358 839 1409 Providentiae
862 1365 982 1423 patronos
1005 1357 1120 1408 acerbius
1138 1360 1260 1411 derideat.
1297 1362 1359 1426 Ego

212 1443 287 1476 'vero
311 1440 394 1490 neque
417 1442 503 1477 moveo
528 1424 591 1491 baec
626 1442 672 1476 nec
691 1428 800 1492 exagito,
828 1427 871 1477 sed
897 1427 951 1475 suis
968 1426 1038 1476 salva
1054 1426 1200 1477 auctoribus
1218 1428 1355 1493 relinquor

229 1494 294 1544 illud
313 1494 401 1544 saltem
420 1495 547 1544 monuisse
565 1493 650 1555 liceat,
669 1510 699 1543 ex
716 1509 795 1559 prava
813 1499 838 1544 et
854 1509 982 1559 perversa,
1003 1510 1066 1558 quae
1084 1495 1161 1559 vulgo
1178 1496 1288 1558 obtinet,
1306 1498 1354 1546 bn·

227 1563 268 1612 ius
286 1561 337 1612 loci
354 1562 521 1611 distinctione
538 1567 680 1611 commenta
697 1562 758 1611 haec
776 1568 837 1612 nata
855 1577 916 1625 esse,
941 1578 991 1626 qua
1014 1562 1114 1612 sublata
1137 1564 1165 1611 iu
1183 1564 1281 1613 tunium
1309 1572 1357 1614 ant

227 1631 297 1680 fumo
315 1630 400 1693 siquid
423 1630 505 1680 levius
531 1630 652 1679 contiuuo
676 1636 837 1682 evanescunt.
885 1630 928 1680 Sic
952 1630 1021 1679 enim
1045 1630 1214 1695 interpungo,
1255 1648 1356 1694 „nans-

229 1712 279 1763 que
296 1698 439 1763 Diespiter,
466 1698 531 1762 igni
553 1712 663 1748 corusca
690 1697 782 1748 nubila
807 1697 930 1747 dividens
946 1697 1112 1762 Plerumque,
1129 1714 1179 1763 per
1194 1714 1296 1764 purum
1314 1705 1356 1750 to·

227 1770 323 1815 nantes
340 1765 407 1829 Egit
423 1781 503 1830 equos
520 1765 706 1830 colererernque
724 1767 860 1817 currum.“
884 1766 932 1814 boo
950 1770 996 1828 est,
1018 1766 1084 1830 Ego,
1101 1767 1145 1830 qui
1163 1767 1269 1816 antehac
1289 1769 1353 1832 Epi-

228 1849 319 1883 cureus
337 1849 412 1895 eram,
430 1849 499 1883 nunc
517 1849 594 1898 cogor
610 1833 686 1883 lateri
703 1833 770 1883 Deos
788 1848 854 1893 essa;
879 1834 940 1898 quia
962 1834 989 1883 id
1012 1834 1079 1897 quod
1097 1834 1160 1883 alias
1177 1850 1225 1899 cpe
1241 1835 1353 1885 nubium

227 1900 388 1951 naturalibus
406 1917 437 1951 ex
455 1902 538 1950 causis
556 1900 611 1950 fieri
630 1901 735 1961 solebat,
753 1917 836 1966 nuper
853 1902 923 1952 caelo
949 1917 1036 1951 sereno
1059 1903 1172 1951 tonuisse
1190 1907 1287 1952 certum
1306 1910 1352 1953 est.

228 1968 302 2026 Quod
320 1969 421 2033 quidem
439 1969 500 2017 olim
519 1984 564 2019 ceu
582 1968 767 2018 validissimum
785 1968 904 2018 adversus
920 1969 1016 2018 Atheos
1032 1974 1207 2032 argumentum
1231 1971 1356 2021 omnibns

227 2037 256 2086 in
275 2052 317 2086 ore
336 2043 396 2086 erat.
434 2036 506 2085 Nihil
525 2052 585 2101 ergo
602 2037 645 2086 hic
664 2041 756 2086 temere
774 2043 819 2086 aut
835 2036 990 2098 iuveniliter,
1013 2037 1080 2086 nihil
1107 2038 1204 2088 ironice
1227 2043 1272 2087 aut
1290 2055 1353 2089 eon·

227 2104 360 2155 tumeliose
377 2105 473 2154 dietum
491 2109 542 2154 est:
561 2104 593 2154 ad
610 2104 681 2168 vulgi
700 2104 801 2168 quidem
817 2109 921 2169 gustum
939 2108 964 2154 ct
981 2105 1079 2168 patriae
1096 2105 1353 2170 religionisiudclem

226 2173 312 2236 aptari
329 2173 377 2222 hoc
397 2176 422 2221 et
440 2172 624 2222 accommodari
642 2188 694 2221 nou
711 2173 819 2224 inficior.
856 2172 899 2222 Sic
918 2177 944 2222 et
953 2172 1087 2236 Virgilius,
1105 2173 1161 2238 ipse
1178 2174 1350 2239 intereaEpi-

227 2257 326 2304 oureus,
344 2256 396 2290 non
414 2240 499 2290 miuus
516 2256 546 2290 ac
563 2240 664 2304 Noster,
683 2241 774 2303 Georg.
785 2241 805 2299 I,
824 2242 883 2292 486.
918 2239 999 2305 „Non
1017 2240 1088 2290 aliar
1104 2241 1177 2290 eaelo
1195 2241 1351 2292 oeciderunt

224 2309 310 2375 plura
327 2323 420 2358 emeno
438 2307 589 2373 Fulgura.“
624 2308 698 2359 Ovid.
711 2308 780 2358 Fast.
791 2309 840 2370 111,
852 2309 909 2360 370.
928 2306 1000 2371 „Ter
1018 2310 1106 2358 tonuit
1122 2312 1179 2358 eine
1196 2309 1265 2359 aule
1276 2308 1349 2373 duee,

156 2438 158 2441 v
228 2380 282 2426 tria
299 2376 416 2440 fulgetra
433 2380 522 2427 misit:
542 2375 647 2427 Credite
664 2376 779 2426 dicenti:
797 2379 867 2425 mira
884 2375 932 2425 sed
949 2381 1010 2425 actu
1028 2375 1149 2440 loquor.“
1183 2375 1262 2425 Varro
1280 2377 1350 2442 Lege

225 2445 337 2505 Maeuia,
352 2445 420 2508 apud
433 2443 545 2493 Nonium
558 2445 586 2493 iu
596 2444 698 2509 Plagae
710 2447 745 2509 [p.
756 2445 813 2505 369,
823 2444 907 2505 tom]
919 2448 945 2493 et
953 2441 1057 2493 Rimari
1069 2445 1169 2508 [paea
1178 2443 1263 2506 talu]
1274 2443 1349 2509 „Nor

227 2512 400 2574 admiranter,
410 2511 482 2576 quod
493 2527 585 2561 sereno
603 2512 702 2563 lumine
714 2510 860 2574 Terruisset,
876 2512 960 2561 acutis
973 2510 1041 2561 caeli
1051 2515 1149 2561 umori
1159 2512 1284 2576 plagae.“
1307 2512 1351 2562 Sic

225 2580 287 2629 baec
296 2579 435 2638 constitue3
444 2595 596 2628 namversus
605 2580 712 2628 iambici
726 2586 800 2639 suut3
813 2578 880 2642 quod
893 2578 1060 2628 editoresnon
1072 2578 1190 2629 odoratos
1202 2581 1348 2630 eseamiror.

225 2649 309 2710 Atque
317 2647 383 2695 hanc
396 2646 596 2696 emendationem
605 2663 662 2695 cum
674 2650 733 2696 ante
742 2647 841 2710 aliquot
852 2662 932 2695 annos
940 2662 998 2696 aum
1013 2646 1113 2697 erudito
1121 2649 1176 2696 viro
1186 2648 1281 2698 Iacobo
1292 2648 1350 2697 Tul-

225 2714 271 2763 bot
285 2714 534 2773 communicaveram,
552 2713 596 2763 ille
614 2730 735 2777 ruperam
753 2730 824 2764 suam
833 2714 920 2764 Flacci
937 2715 1075 2764 editionem
1087 2730 1117 2764 ea
1126 2719 1226 2765 6661666
1244 2731 1350 2766 essevo-

225 2780 283 2842 luit,
309 2780 423 2844 mihique
441 2781 548 2830 candide
566 2788 695 2846 acceptam
713 2783 810 2832 retulit.
834 2783 926 2831 Postea
943 2787 1036 2841 tamen,
1053 2783 1150 2832 indicio
1169 2783 1307 2834 venerandi
1323 2790 1349 2833 ct

225 2847 440 2912 praestantissimi
449 2848 498 2897 viri
507 2850 523 2898 J
531 2850 568 2898 oh
577 2864 614 2898 au
622 2865 639 2897 n
646 2850 674 2898 is
684 2850 710 2898 M
718 2867 732 2898 o
740 2851 776 2911 ri,
789 2850 953 2899 Norricensis
960 2850 1094 2910 Praesulis,
1104 2851 1221 2900 intellexi
1231 2851 1351 2901 aThome

224 2916 333 2980 Bsngio,
351 2916 424 2966 euius
441 2931 473 2965 uc
490 2932 581 2966 nomeu
599 2917 700 2979 quidem
718 2924 793 2968 antea
810 2918 962 2979 audiveram,
980 2918 1174 2967 distinctionem
1194 2919 1261 2968 banc
1277 2919 1350 2984 prins

224 2983 422 3035 animadversam
440 2983 517 3033 fnisse
536 2989 561 3034 et
578 2991 735 3051 occupatam.
770 2987 796 3035 Is
819 2986 886 3035 euim
904 2984 1114 3035 Observationum
1131 2986 1347 3050 Philologicarunr

224 3051 325 3104 V01.11.
345 3067 370 3116 p.
384 3053 455 3103 1435.
474 3050 632 3116 „Quandc,“
650 3053 744 3117 inquit,
763 3054 909 3116 „Horatius
927 3056 1007 3116 canit,
1026 3053 1177 3117 Plerumque
1194 3069 1346 3120 perpurum

224 3125 341 3170 tonantes
359 3120 413 3184 egit
431 3135 510 3183 equos
536 3147 572 3158 -
590 3123 644 3185 ipsi
660 3124 843 3185 experientiae
859 3121 940 3186 plane
956 3121 1125 3182 contradicit,
1144 3137 1215 3185 quae
1233 3127 1347 3172 testatur

225 3191 329 3239 tonitru
346 3191 438 3238 rarius
452 3203 523 3253 puro
541 3203 666 3238 suenone
683 3191 745 3238 aire
762 3188 861 3239 audiri.
896 3189 930 3238 ld
952 3188 1023 3253 quod
1039 3187 1181 3238 Arruntius
1198 3190 1347 3240 adamarit

224 3257 405 3319 1166162451.
423 3255 488 3304 Nam
498 3254 568 3305 caelo
579 3255 650 3305 uulla
661 3272 748 3306 sereno
755 3257 808 3306 Nec
817 3256 908 3305 leviter
919 3255 1004 3306 densis
1020 3256 1159 3306 mittuntur
1169 3256 1283 3307 nubibus
1293 3273 1345 3307 um·

223 3338 307 3387 quam.
318 3324 354 3373 dr
359 3328 452 3388 postea
460 3324 564 3387 [v.398],
571 3324 686 3388 Denique
694 3340 739 3374 our
747 3340 882 3388 numquam
890 3324 960 3373 caelo
968 3323 1032 3374 iacit
1039 3323 1152 3388 undique
1159 3326 1345 3390 purcinppiter

223 3391 251 3439 in
270 3395 349 3440 terras
367 3390 480 3440 sulmenl
515 3390 552 3440 dr
577 3394 640 3456 quia
662 3391 787 3457 prodigit
808 3395 897 3441 instar
914 3392 1046 3441 trabebant
1062 3392 1180 3454 Etdnici,
1205 3397 1237 3442 ut
1255 3399 1282 3442 et
1297 3394 1346 3442 lroc

224 3457 282 3508 loeo
302 3458 435 3520 Horatius,
454 3458 561 3523 quando
580 3462 642 3509 aire
658 3474 751 3509 sererw
771 3462 946 3521 tonitruuoit,·
971 3459 1101 3523 quomodo
1120 3475 1217 3524 quaero
1235 3462 1344 3524 plerum·

223 3540 271 3588 quc
290 3530 317 3574 et
332 3528 439 3590 saepius
456 3525 486 3575 id
502 3527 565 3588 sieri
582 3526 723 3588 altirrnare
741 3526 967 3578 ausitHoratiur?
983 3527 1053 3577 Huic
1070 3528 1158 3589 dudio,
1176 3531 1259 3577 terrico
1278 3543 1345 3578 conr·

222 3596 293 3642 mate
311 3596 371 3642 occi
387 3593 535 3658 plerumque
553 3597 685 3660 apposito,
702 3594 907 3654 [collectariam
925 3597 1012 3656 iveris,
1037 3595 1086 3644 troc
1101 3600 1200 3660 pacto:
1230 3596 1345 3660 Namque

221 3659 359 3724 Diespiter,
377 3660 436 3725 Igni
454 3676 558 3712 corusco
577 3662 665 3712 nubila
683 3662 799 3712 dividens
812 3661 972 3725 Plerumque,
989 3678 1035 3726 per
1051 3678 1143 3726 purum
1161 3667 1280 3713 tonantes
1297 3670 1342 3713 eta

222 3727 279 3778 Hac
296 3730 366 3778 anim
384 3730 491 3779 ratione
508 3730 650 3799 Horatium
669 3742 728 3780 cum
739 3728 865 3780 Liceretio
879 3729 911 3778 de
925 3729 1007 3789 faciti
1023 3730 1217 3794 conciliaveris,
1235 3746 1345 3796 eumque

221 3794 314 3856 facula
333 3795 512 3847 dutincdcnir
530 3796 664 3848 commode
682 3797 888 3848 illustraveris.“
922 3799 1005 3861 Atque
1027 3798 1089 3847 haec
1116 3797 1218 3861 quidem
1235 3798 1344 3848 feliciter

220 3863 348 3928 Bangius:
367 3862 461 3929 absque
480 3864 572 3928 quibus
590 3869 663 3926 esset,
681 3865 762 3930 siquis
780 3871 827 3926 est,
846 3865 1030 3929 quiexistimet
1046 3880 1093 3915 noe
1114 3866 1219 3930 proprie
1229 3866 1344 3915 Minerva

221 3931 269 3982 hoc
287 3946 373 3982 eruere
392 3947 442 3981 nou
461 3932 582 3997 potuisse,
600 3933 622 3981 is
641 3933 743 3997 quidem
762 3948 807 3998 per
825 3948 871 3982 nos
896 3931 957 3982 licet
974 3933 1109 3993 existimet,
1127 3939 1158 3982 nt
1176 3933 1252 3983 volet.
1288 3934 1343 3998 Ego

220 4014 280 4049 vero
297 4004 398 4064 praetor
416 4014 477 4060 nam,
496 4015 570 4065 quam
588 3999 632 4050 ille
650 4000 755 4065 profert,
774 4000 804 4049 ab
824 4001 982 4065 experientia
999 4001 1109 4062 ductam,
1128 4001 1203 4050 etiem
1220 4000 1287 4050 alias
1304 4018 1342 4050 ra·

221 4066 304 4116 tiones
322 4066 409 4127 babel,
427 4081 472 4115 eurr
490 4067 681 4117 distinctionem
699 4068 827 4133 vulgatam
845 4067 993 4132 refugerem.
1027 4069 1067 4117 Ea
1078 4069 1147 4117 enim
1158 4068 1249 4132 posita,
1268 4069 1342 4134 plane

220 4132 341 4184 deliraret
358 4133 458 4195 Noster,
483 4140 508 4185 et
534 4135 611 4186 verba
635 4152 720 4186 secum
744 4136 888 4201 pugnantia
904 4135 1058 4200 loqueretur.
1095 4136 1162 4192 Quid
1186 4137 1254 4186 euim
1273 4135 1341 4186 eliud

220 4205 258 4250 aet
275 4199 357 4263 „unt
374 4216 483 4253 carcereo
502 4204 594 4253 nubila
613 4202 760 4266 diuidene“‚
787 4218 863 4267 quam
889 4218 924 4252 ee
945 4204 1059 4253 nutibus
1083 4203 1186 4263 fulmen
1205 4206 1343 4254 emittens?
