2810 4764
593 274 623 335 o.
638 275 778 322 nonsnn
792 275 915 323 ennom

708 444 794 509 XIV.

484 561 549 627 Du
575 560 765 627 REDITU
792 561 1025 640 AUGUSTI.

283 678 429 747 Hereulis
450 679 513 746 ritu
534 678 628 745 modo
651 679 764 759 dietus,
787 682 806 745 ὃ
827 680 929 767 plebs,

282 767 383 831 Morte
403 764 548 832 venalem
569 763 700 849 petiisse
722 764 847 831 laurum

284 850 413 930 Caesar,
435 850 579 935 Hispana
600 849 715 936 repetit
734 848 859 935 penatis

366 934 475 1002 Victor
495 933 536 999 ab
558 953 623 999 ora.

254 1021 381 1088 tUnioo
403 1020 548 1102 gaudeus
569 1017 683 1084 mulier
703 1018 816 1084 marito

282 1105 430 1185 Prodest,
453 1104 550 1173 osstIs
572 1109 703 1190 operatu
726 1103 840 1182 saoris3

448 1296 453 1303 ’
517 1239 540 1275 ι.
559 1225 582 1275 6.
600 1221 675 1288 Vulg.
693 1220 774 1273 lestis
790 1226 895 1288 operata
911 1221 995 1271 Diels.

265 1360 290 1411 2.
307 1356 393 1409 Morte
409 1356 529 1409 venalem
545 1359 651 1422 pets'a'sse
673 1356 789 1420 laneum]
824 1356 970 1408 Theodorus
986 1355 1132 1408 Mamilius:
1165 1358 1215 1423 „In
1232 1373 1313 1410 meen-

199 1427 288 1477 brane's
304 1426 452 1492 plerisque,
468 1425 550 1476 Marte
568 1425 693 1477 uenalem,
711 1422 795 1475 Recte.
814 1424 831 1474 i.
850 1441 870 1476 e.
889 1439 981 1490 pungne
998 1430 1025 1474 et
1040 1427 1207 1476 contentione
1224 1426 1314 1477 bellif‘

197 1493 248 1545 Ubi
264 1493 329 1544 illud
343 1493 478 1559 plerisque
494 1493 620 1543 indictum
636 1498 691 1542 erut
707 1492 809 1553 melius3
827 1492 913 1543 nullae
927 1494 994 1543 enim
1007 1507 1037 1542 ex
1045 1492 1155 1558 Nostris,
1173 1495 1313 1544 nequtes·

197 1564 296 1627 protum
321 1561 442 1624 eliorum,
466 1575 548 1625 neque
569 1560 704 1610 Editiones
727 1560 794 1611 ullae
818 1567 960 1625 agnoscunt
983 1557 1078 1614 Marte.
1112 1561 1195 1617 Quare
1218 1560 1314 1613 habeat

197 1645 281 1680 seeum
303 1629 436 1679 Mamilius
460 1632 486 1679 et
508 1628 691 1692 ineptissimam
715 1628 861 1690 lectionem,
885 1633 911 1679 et
933 1643 1071 1694 nusquam,
1096 1629 1183 1693 oredo,
1207 1630 1259 1680 uisi
1280 1630 1313 1681 in

197 1697 301 1747 somniis
325 1696 375 1747 sibi
398 1700 530 1761 repertam.
571 1695 672 1751 Quanto
694 1696 783 1747 melius
807 1697 960 1749 Soholiastes
983 1699 1078 1758 Aaron,
1112 1696 1226 1761 „Mortis
1248 1712 1314 1748 oon·

197 1770 297 1831 temptes
315 1764 374 1815 lans
391 1763 509 1815 Victoris
526 1767 667 1829 quaeritne·
685 1769 710 1814 et
727 1765 886 1829 triumpbt‘:
905 1769 935 1814 ut
953 1764 1086 1829 Virgilius,
1105 1767 1167 1817 Aen.
1185 1765 1231 1829 IX,
1248 1767 1310 1818 205.

197 1832 264 1897 „Est
279 1834 330 1894 bie,
349 1837 388 1882 est
405 1834 511 1882 animus
529 1832 595 1883 Inois
613 1837 765 1894 eonteentor,
784 1837 811 1882 et
826 1837 905 1883 istum
923 1832 977 1896 Qui
992 1834 1046 1883 vita
1063 1836 1126 1883 besse
1143 1835 1235 1884 eredat
1252 1834 1313 1897 emi,

197 1916 249 1966 qno
268 1900 366 1962 tendes,
383 1901 529 1950 honoreus.“
572 1899 637 1950 Nam
653 1899 759 1965 perinde
777 1906 828 1962 est,
853 1901 905 1950 sive
923 1906 1008 1951 monte
1030 1901 1165 1966 uenalem,
1192 1918 1236 1952 seu
1253 1904 1314 1952 vita

197 1968 316 2019 venalem
339 1968 446 2019 dixeris:
471 1967 556 2023 eodnu
573 1971 707 2033 utrumque
724 1968 822 2018 residit
857 1967 892 2018 Ut
909 1972 935 2018 et
952 1968 1029 2030 illud,
1047 1969 1113 2033 quod
1131 1969 1203 2020 addit
1219 1973 1314 2032 Aaron,

197 2038 259 2087 Aen.
276 2036 308 2099 V,
325 2036 383 2088 230.
405 2036 558 2099 „Vitauuque
575 2035 668 2086 votnnt
684 2051 733 2101 pro
753 2036 832 2086 lande
848 2036 970 2101 paeisoi,“
987 2037 1073 2087 eodem
1089 2037 1166 2102 plane
1183 2053 1257 2088 sensu
1271 2038 1315 2088 di·

196 2104 272 2165 eitur,
287 2119 337 2169 quo
345 2102 478 2154 Terentius
486 2104 587 2155 Phorm.
597 2104 618 2165 l,
627 2106 651 2155 3.
668 2107 700 2167 [v.
711 2105 752 2167 14]
780 2110 829 2168 „nt
844 2105 912 2154 mitt
929 2104 1009 2155 lineet
1025 2111 1079 2154 tuen
1097 2105 1145 2155 din
1161 2106 1233 2170 qnod
1250 2121 1314 2157 nmo

196 2170 578 2236 feni,1nendepeoisoimorte
596 2173 701 2236 enpio.“
727 2172 901 2228 Quintilianus
919 2173 1006 2225 Instit.
1023 2172 1074 2234 IX,
1092 2175 1116 2225 3.
1136 2173 1214 2237 [571]
1240 2173 1316 2237 „Me-

197 2239 250 2289 lius
272 2245 352 2304 etque
369 2241 472 2302 nerins,
499 2238 578 2304 qnod,
598 2254 657 2289 enen
679 2237 773 2304 figuret
787 2240 934 2290 ineundum
958 2246 1008 2302 est,
1034 2243 1113 2291 etieen
1129 2256 1207 2293 senen
1224 2241 1315 2305 ualet,-

196 2307 268 2357 nmis
291 2312 370 2358 morte
395 2307 648 2357 immortalitatern“

264 2377 288 2428 6.
306 2374 386 2425 Insn‘s
403 2380 513 2440 operate
530 2374 616 2437 Divis]
633 2375 710 2425 Divis
725 2375 816 2425 Editio
827 2375 939 2434 Venetas
957 2380 983 2425 ut
1000 2375 1171 2426 Losoheriaua
1187 2379 1314 2441 saeris,

196 2447 226 2491 ut
249 2447 275 2493 et
297 2442 405 2493 dimidia
421 2443 473 2493 tere
490 2458 548 2508 pars
566 2441 703 2494 Oodioum.
730 2445 769 2494 Ex
786 2444 880 2493 nostris
897 2449 964 2493 oerte
981 2442 1127 2505 Leideusis,
1150 2444 1313 2511 Reginensis,

197 2509 358 2572 Bodleianus,
377 2508 545 2573 colbertinus,
561 2510 745 2576 Vigomieusis,
764 2515 789 2561 et
805 2527 852 2577 pro
869 2512 940 2561 van'a
956 2509 1065 2562 lootioue
1082 2511 1218 2563 Patrensis.
1242 2512 1313 2568 Quid

197 2579 228 2628 ab
245 2578 349 2628 Horatii
366 2594 442 2628 mauu
459 2578 600 2643 profestum
617 2578 660 2629 bio
677 2579 768 2642 tuerit,
790 2578 892 2629 subtilis
916 2585 954 2629 est
976 2579 1068 2629 iudioii
1086 2595 1131 2630 »res
1155 2582 1180 2629 et
1196 2578 1313 2631 lubrioae

197 2646 363 2697 eouieoturue.
400 2646 515 2712 Opes-aea
532 2645 609 2710 dieis,
626 2650 656 2696 ut
672 2644 775 2697 Curtius
791 2646 865 2707 VIII,
882 2647 922 2700 33.
942 2650 972 2710 [o.
993 2647 1111 2713 10517]
1136 2647 1205 2712 „Per
1222 2647 1314 2699 deeeen

182 2713 252 2776 ,dies
274 2713 368 2764 Libero
391 2714 461 2765 Patri
485 2716 616 2779 operatum
641 2715 735 2763 nebne't
758 2716 930 2765 eneroitnen.“
964 2714 1080 2765 Tibullus
1103 2716 1143 2777 Il,
1162 2718 1185 2766 5.
1214 2717 1247 2779 [v.
1266 2719 1311 2780 95]

196 2778 291 2847 „Tnno
313 2786 417 2848 operata
439 2781 485 2831 deo
507 2783 589 2847 pubes
614 2781 758 2831 discumbet
780 2784 809 2831 in
833 2783 939 2833 berbe.“
975 2782 1053 2833 Silius
1070 2783 1126 2832 Ital.
1145 2783 1180 2832 ΙΙ.
1199 2785 1230 2846 [v.
1249 2786 1312 2848 674]

196 2846 346 2913 „Tartareo
372 2855 411 2900 est
435 2854 539 2914 operata
562 2848 631 2910 Iovi,
652 2864 804 2915 poenasque
826 2853 986 2901 entntstret.“
1020 2851 1101 2901 lente's
1124 2855 1207 2901 autem
1224 2851 1312 2917 Divis,

196 2932 256 2979 nou,
274 2921 303 2966 ut
318 2917 470 2978 Lambinus,
491 2918 604 2983 petrin,
631 2922 657 2966 et
673 2917 861 2968 consuetudins
879 2924 958 2984 etque
971 2933 1025 2969 nen
1042 2921 1168 2984 receptis,
1192 2918 1235 2969 sed
1252 2935 1313 2970 oum

197 2983 353 3047 Soholiasta,
377 2985 528 3050 specialiter
545 2984 633 3045 iustis,
658 2987 721 3049 qnia
744 2988 884 3036 uiolentam
902 2992 928 3036 et
944 2984 1059 3037 reditum
1078 2985 1186 3037 Cessent
1201 2990 1312 3040 merenti

197 3052 325 3103 dederint.
360 3052 465 3103 Ovidius
483 3053 511 3102 iu
528 3052 612 3118 Epist.
630 3052 787 3119 Hypsipylae
805 3053 875 3117 [Her.
892 3053 936 3115 VI,
950 3055 1021 3116 1521:
1040 3055 1141 3119 „iustus
1159 3054 1224 3105 odes
1241 3059 1313 3106 votes

195 3120 313 3186 Iupplter
329 3123 385 3186 Ipse
401 3121 490 3169 mete.“
526 3124 551 3169 et
568 3118 643 3170 Trist.
661 3121 705 3185 IV,
724 3123 747 3172 2.
773 3124 839 3185 [nl]
877 3121 1023 3186 „Donaque
1047 3123 1183 3172 amisorum
1206 3124 1314 3188 temptes

192 3192 326 3255 pransisset
343 3187 445 3238 deorum
463 3184 581 3238 Reddere
597 3191 709 3239 victores
721 3187 820 3240 Caesus·
836 3194 947 3254 uterque
960 3193 1084 3255 parent.“
1103 3195 1128 3240 et
1144 3207 1202 3240 mox
1212 3193 1244 3255 [v.
1259 3194 1311 3255 11],

196 3254 331 3320 „Cnmqne
348 3256 423 3305 bonis
440 3255 552 3306 nuribus
568 3271 619 3321 pro
635 3259 735 3323 sospite
750 3257 827 3307 Livia
842 3263 906 3307 neto
916 3255 1030 3309 Munere
1049 3257 1093 3308 det
1109 3259 1214 3321 moritis,
1230 3275 1314 3325 saepe

196 3324 303 3386 dntnre,
321 3323 399 3373 deie.“
434 3328 464 3373 ut
481 3328 569 3374 eontra
586 3323 772 3389 NosterII,4,
793 3328 832 3377 15.
867 3329 989 3391 „Penates
1006 3331 1107 3376 maeret
1122 3327 1260 3392 iniquos“:
1284 3334 1313 3379 et

196 3390 275 3440 Silius
292 3390 350 3441 Ital.
361 3390 416 3443 XV.
436 3394 467 3454 [v.
478 3392 537 3454 543]
572 3408 705 3457 „qesoneen
722 3408 750 3442 se
766 3393 820 3455 fine
836 3396 953 3443 minanti
969 3392 1083 3445 See-vitio
1101 3397 1208 3460 eripiet,
1226 3394 1312 3446 diuos·

196 3474 243 3524 que
266 3457 363 3508 evadet
383 3459 510 3523 iniquos.⁴‘
545 3461 622 3510 Reote
646 3461 731 3525 itaque
754 3460 831 3511 habet
853 3467 954 3527 recepta
977 3478 1045 3512 nuno
1063 3462 1090 3512 iu
1107 3462 1193 3512 Editio
1209 3464 1311 3526 Leotio,

131 3556 134 3561 ·
195 3526 329 3589 „Pendeat
349 3526 425 3577 iustis
448 3534 558 3593 operato
580 3528 672 3580 divie.“
706 3528 793 3590 Neque
819 3532 901 3579 tamen
926 3535 1017 3579 tenuere
1034 3530 1199 3581 reiioieudum
1216 3535 1310 3596 saeris,

196 3593 262 3659 quod
280 3598 319 3644 tot
336 3595 430 3661 seripta
448 3595 614 3661 exemplarIa,
639 3600 664 3645 et
687 3595 715 3644 in
738 3596 774 3645 eis
792 3597 962 3647 vetustissima
986 3597 1084 3663 aliquot
1107 3598 1311 3654 subministrant.

197 3661 310 3727 operare·
326 3664 393 3715 enim
411 3667 495 3715 snen's
512 3663 660 3729 purissimae
677 3663 828 3714 Latinitatis
846 3664 925 3716 dietio
943 3670 988 3730 est,
1006 3665 1310 3731 utVirgil.iuGiri,142.

194 3730 360 3794 „violaverat
383 3734 468 3782 Inseie
490 3731 592 3794 senen,
617 3731 689 3780 Dnne
712 3733 790 3782 suoris
813 3737 916 3798 operata
939 3733 1003 3784 deae
1026 3733 1157 3784 lascivit.“
1192 3734 1311 3786 Valerius

193 3798 261 3849 Idex.
279 3798 323 3860 VI,
342 3802 364 3853 6.
385 3798 411 3866 [ξ
427 3802 450 3863 1]
486 3799 668 3864 „Amphionem”
684 3805 710 3849 et
731 3803 898 3864 integerrimi
919 3803 974 3851 nire·
994 3804 1175 3866 sanctitatem,
1199 3801 1310 3868 deipnb.

194 3868 285 3917 astons
309 3871 335 3917 et
351 3868 431 3917 saeris
448 3868 604 3932 operatam.“
639 3866 729 3917 Livius
746 3869 766 3929 I,
785 3869 827 3919 31.
846 3868 872 3935 [5
891 3870 915 3931 8]
950 3869 1058 3934 „lpsnm
1080 3884 1169 3933 regem
1187 3870 1311 3936 (Tullum)

195 3934 307 3986 tradnnt
329 3936 474 3986 uoluentem
492 3937 693 3984 commentarios
709 3933 825 3999 Nemee,
851 3951 909 3987 enm
934 3938 972 3987 ies·
989 3937 1118 4002 quaedem
1136 3938 1240 3988 ooenlln
1257 3939 1311 3989 sol·

195 4002 292 4053 lemnia
308 4003 444 4065 sacrificia
464 4002 521 4051 looe'
536 4000 623 4051 illisio
639 4000 715 4062 fecta
732 4005 887 4066 inuenisset,
911 4010 1043 4069 operatum
1065 4005 1106 4055 bis
1124 4005 1201 4056 saeuis
1219 4023 1247 4056 se
1264 4009 1310 4057 eb·

195 4069 307 4133 didisse,·
330 4069 377 4120 sed
399 4085 453 4120 non
475 4069 524 4120 rite
542 4071 637 4120 e'ne‘tnm
660 4075 709 4120 nest
725 4077 848 4121 onretnm
865 4071 895 4122 id
914 4088 1020 4123 suornm
1045 4074 1124 4123 esse.“
1157 4073 1208 4125 Ubi
1226 4074 1311 4125 obiter

195 4154 240 4202 pro
258 4144 396 4205 operatum
413 4136 599 4188 rescribendum
616 4141 679 4202 puto
702 4144 882 4203 operatnennn.
918 4140 967 4191 Sed
991 4140 1052 4205 quid
1075 4141 1147 4191 sodes
1165 4143 1214 4192 etit
1230 4144 1311 4192 instis

194 4206 295 4255 sacris?
313 4221 345 4256 au
363 4205 493 4271 legitimis,
512 4210 544 4268 et,
563 4210 592 4255 ut
608 4205 681 4256 modo
699 4206 796 4274 Livius,
814 4209 866 4258 rite
883 4209 958 4259 initis
976 4216 1003 4260 et
1019 4210 1137 4260 essentis?
1153 4209 1213 4260 Nou
1225 4209 1309 4272 video,
