2810 4764
318 236 498 285 casulum
517 237 584 284 LIB·
606 237 651 284 1v.
674 230 700 284 2.

106 372 209 439 decem
231 370 314 437 tauri
336 370 531 455 totidemque
552 391 678 449 mosae,

110 465 196 523 tener
217 456 319 522 solvet
340 457 469 534 vitulus,
492 456 603 522 relicta

95 550 138 610 tre
159 542 213 626 qui
234 542 333 624 largis
354 541 531 608 iuvenescit
551 541 658 608 herbis

151 629 187 693 Iu
207 646 280 693 mea
300 633 390 711 vota;

95 780 145 830 sive
161 779 271 830 carmine
288 776 484 839 celebrabimus,
503 794 518 827 e
539 776 691 843 Triumphe.
726 777 785 839 Ubi,
804 783 834 828 ut
850 777 950 829 mittam
967 778 1032 829 illud
1051 795 1066 830 e

95 866 99 891 r
114 848 164 897 iam
180 848 267 915 inepte
284 862 387 912 pmrsus
404 851 431 895 et
442 846 531 912 putide
543 847 694 913 repetitum
712 850 742 894 ut
753 845 852 896 mittam
865 847 917 897 iam
930 849 1067 898 civitatem

95 931 219 981 »uerusque
236 920 385 982 patresque,
402 915 515 965 carmina
532 913 560 965 in
579 914 746 978 Triumphum
763 913 837 965 illum
854 915 1008 981 scripturos,
1027 916 1067 966 id·

94 985 178 1044 smack
201 999 250 1047 quo
267 983 335 1033 nibil
352 982 415 1047 fingi
433 988 516 1048 potest
540 981 686 1033 absurdius:
711 981 777 1031 illud
800 984 876 1034 unice
897 985 963 1034 hano
987 983 1066 1035 inter·

94 1069 116 1100 ru
134 1052 237 1113 evertit,
260 1051 328 1117 quod
344 1050 434 1118 procul
450 1050 519 1101 omni
542 1050 621 1100 dubio
644 1065 701 1100 cum
723 1050 818 1100 Noster
839 1051 889 1115 ait,
914 1052 1067 1102 dicemus

94 1121 143 1180 »1103
161 1120 206 1170 illa
221 1120 279 1187 ipsa
295 1118 371 1169 verba
388 1118 425 1169 sie
444 1119 552 1184 proferri
569 1126 594 1169 et
611 1118 747 1169 acclamari
764 1118 839 1170 velit:
857 1119 1066 1184 quemadmodum

94 1188 141 1238 scia
162 1188 213 1238 iam
236 1188 337 1248 citatis3
362 1187 470 1252 „Mile.s,
493 1188 536 1249 Io,
560 1202 661 1252 magua
679 1202 756 1245 voce,
784 1186 942 1253 Triumphe,
965 1192 1066 1238 canet.“

113 1257 156 1318 Ie,
179 1272 277 1321 numa
296 1271 372 1317 cccc,
400 1253 557 1320 Triumphe,
581 1259 681 1305 canet.“
716 1254 844 1318 „Clamet,
863 1256 893 1305 Ic
910 1254 979 1316 sorti
995 1259 1066 1307 victa

94 1325 142 1376 ·o.“
165 1329 190 1374 et
206 1323 323 1375 Tibullus
341 1324 375 1386 Π,
393 1326 417 1375 5.
436 1326 469 1387 [v.
488 1324 547 1385 118]
582 1322 679 1388 υΙοιιιτη)
703 1323 840 1374 deuinctus
864 1322 1066 1387 agrestinum,

94 1409 104 1441 z
122 1408 191 1456 voce,
213 1390 368 1458 Triumphe,
394 1395 493 1441 canet.“
527 1390 596 1446 Quin
614 1396 640 1441 et
657 1407 712 1442 eam
729 1391 761 1442 ob
779 1408 880 1443 causam
896 1391 982 1454 addit,
1000 1408 1067 1443 non

93 1460 209 1521 licemus3
235 1460 357 1509 nimirum
380 1458 441 1524 quia
463 1458 567 1509 eandem
595 1459 637 1510 hic
660 1460 868 1512 adclamationum
893 1460 933 1511 bis
956 1460 1067 1527 positam

93 1527 251 1594 loquacium
268 1527 406 1592 procedis,
429 1529 458 1577 Io
475 1527 618 1592 triumphe,
642 1525 705 1580 Non
722 1530 802 1580 semel
818 1529 950 1592 dicemus,
972 1530 1001 1579 Io
1020 1530 1067 1579 tri·

97 1603 128 1646 ut
145 1596 250 1646 Ovidius
267 1596 295 1645 in
312 1598 374 1646 Arte
391 1598 445 1645 lm.
464 1596 499 1646 11.
518 1613 540 1644 v.
562 1598 583 1646 1.
618 1595 733 1659 ‚‚Dicite‚
752 1598 782 1648 Io
800 1597 903 1659 Paean,
921 1603 947 1646 el
965 1597 1008 1659 lc,
1028 1596 1067 1648 bis

93 1666 167 1714 ειυιέε
201 1664 283 1726 Satis,
301 1664 402 1730 opinor,
420 1679 545 1727 superque
561 1663 614 1713 iam
631 1664 742 1715 rebitata
759 1671 827 1726 sunt,
844 1681 1016 1730 quaecumque
1034 1665 1067 1715 ad

93 1734 184 1796 liquem
199 1733 260 1783 huic
282 1732 338 1782 loco
360 1731 532 1782 inducendum
554 1732 717 1798 protulerunt
739 1735 907 1799 Interpretes:
931 1740 957 1783 et
981 1740 1066 1783 tamen

95 1800 153 1861 lud,
179 1801 246 1865 quod
270 1801 321 1851 iam
345 1801 460 1851 dicturus
484 1816 552 1858 sum,
577 1800 616 1851 vel
639 1817 685 1866 per
702 1817 728 1851 se
751 1800 876 1851 sufficeret
894 1801 926 1851 ad
942 1801 1066 1851 utramvis

92 1908 94 1923 ‚
118 1884 163 1918 seu
184 1868 275 1935 Tuque
297 1869 350 1919 sive
371 1867 469 1933 lisque,
494 1868 610 1918 funditus
634 1868 811 1921 subruendam.
845 1870 910 1920 Dico
934 1870 1015 1930 enim,
1041 1874 1067 1919 at

92 1936 163 1987 bouis
179 1936 347 2004 scriptoribus
362 1937 437 1987 tritos
453 1941 479 1987 et
493 1935 611 1987 subactos
627 1952 724 1988 mecum
739 1936 835 1987 habebo
851 1938 997 1998 sentientes,
1013 1952 1066 1987 non

92 2005 121 2070 pi
138 2021 220 2070 posse,
238 2003 395 2071 „Tuqus“,
413 2003 453 2054 uel
477 2002 607 2069 „Teque
624 2005 687 2055 dum
703 2006 840 2070 procedis,
859 2006 888 2055 Ie
907 2005 1067 2070 triumpbe,“

92 2073 163 2124 tltero
185 2072 278 2123 abhinc
302 2077 438 2135 commate,
464 2070 526 2132 „Tc
549 2073 637 2123 decem
662 2077 737 2123 tauri
760 2074 920 2139 totidemque
943 2073 1067 2135 caecus,“

92 2157 138 2191 sua
155 2141 291 2206 eademque
308 2157 427 2207 persona.
460 2140 534 2190 Nihil
551 2141 620 2191 enim
637 2141 789 2203 intervenit,
807 2159 857 2206 quo
878 2139 969 2206 Tuque
986 2144 1012 2191 et
1032 2138 1067 2191 Te

92 2228 105 2259 s
123 2216 238 2275 spectare
255 2210 335 2260 lector
351 2213 491 2260 moneatur.
526 2208 590 2259 Cum
607 2217 691 2259 autem
709 2210 836 2276 posterius
853 2208 919 2259 illud
936 2210 968 2258 ed
987 2211 1066 2258 Anto·

91 2295 118 2328 ,m
136 2278 233 2339 referri,
251 2284 276 2328 et
293 2294 332 2328 res
349 2277 407 2344 ipsa
418 2277 539 2339 clamitet,
558 2281 584 2327 et
596 2294 681 2328 omnes
693 2276 789 2343 ubique
800 2279 977 2337 consentiant;
993 2277 1066 2341 prius

91 2346 191 2397 cundem
209 2346 348 2396 Antonium
372 2346 444 2396 nullo
468 2351 544 2411 pacto
566 2346 693 2411 pertinere
717 2362 790 2413 posse
812 2347 864 2396 iam
881 2361 959 2411 supra
974 2344 1067 2410 proba·

105 2420 199 2476 restat,
222 2422 253 2464 ut
269 2414 363 2479 prioris
380 2415 431 2465 loci
448 2413 583 2465 lectionem
600 2415 744 2465 mendosam
768 2430 822 2465 essa
845 2429 946 2465 necasse
968 2413 1016 2463 ait:
1041 2418 1067 2464 et

91 2484 295 2534 aemendatione
312 2483 353 2533 sel
370 2492 439 2533 certa
455 2482 495 2532 vel
519 2483 649 2533 commoda
672 2483 724 2533 iam
747 2482 813 2532 serio
835 2482 870 2533 sit
893 2480 1066 2547 cogitandum.

91 2568 111 2602 sc
131 2553 157 2601 in
176 2552 252 2602 linem
269 2552 416 2601 coniectura
433 2568 479 2601 nos
497 2566 543 2600 sua
560 2550 691 2616 impertire
709 2551 748 2601 vir
764 2551 875 2616 insignis
884 2548 977 2600 Daniel
984 2549 1066 2601 Hein-

104 2620 226 2670 fidentius
250 2635 296 2683 pro
321 2636 389 2671 more
413 2635 460 2670 auo
482 2621 651 2685 pronunciat,
675 2619 713 2669 sio
737 2621 768 2670 ab
792 2618 903 2670 Horatio
926 2618 1066 2669 certissime

91 2694 171 2754 ptum,
190 2688 314 2752 „Duxque
333 2687 396 2738 dum
412 2687 548 2754 proccdit,
566 2688 595 2738 Ie
614 2688 772 2753 triumpbc.“
807 2688 890 2752 „Quis
908 2689 1010 2745 enim,“
1026 2686 1067 2736 in·

91 2761 167 2806 aeter
184 2756 375 2821 imperatorem
399 2758 428 2806 in
452 2758 587 2822 triumpho
609 2755 745 2821 procedit,
772 2772 830 2806 ctam
854 2758 883 2806 in
903 2754 1065 2820 Capitolium

91 2827 137 2874 cui
152 2826 208 2874 nisi
224 2824 387 2890 Imperatori
404 2827 554 2889 triumphus
572 2825 723 2875 clusnutur?
747 2827 823 2874 cuius
846 2825 958 2888 denique
973 2826 1067 2888 gratia

91 2907 132 2942 cm
149 2907 257 2942 sacram
273 2890 350 2953 facit,
368 2894 494 2942 nisiados
512 2894 560 2957 qui
577 2894 760 2957 ίνίτιηιρΙιιιὶΡκ
784 2894 852 2942 Bene
870 2892 972 2955 quidem
989 2893 1066 2943 haec:

91 2975 171 3010 >rem
189 2960 272 3026 ipsam
290 2960 363 3024 quasi
386 2975 433 3025 per
449 2959 568 3010 nebulam
585 2962 663 3022 vicit3
688 2961 716 3010 in
734 2960 817 3010 verbis
842 2960 960 3010 eruendis
984 2959 1068 3009 hallu·

91 3033 110 3079 t.
146 3027 250 3094 Quippe
266 3027 375 3090 leviore,
399 3028 426 3078 ui
442 3028 529 3091 t'allor,
554 3029 675 3079 cicatrice
698 3028 782 3078 sanari
800 3028 896 3094 poterit
919 3028 966 3076 hoc
984 3028 1065 3077 ulcus.

91 3099 169 3158 oster,
195 3102 247 3160 ,‚ct,
267 3096 288 3145 θ
306 3095 354 3147 Sol
370 3095 496 3159 Pulcher,
515 3113 530 3146 o
549 3096 691 3160 lassdande,
710 3111 820 3159 canam,
837 3101 942 3160 recepto
962 3094 1067 3144 Caesare

92 3165 161 3215 sibus
179 3164 226 3214 illa
243 3164 293 3214 iam
311 3161 436 3229 subiunge
454 3181 485 3213 ex
502 3166 658 3215 correctione
681 3170 782 3215 nostras
809 3164 901 3226 „Isque
919 3162 981 3212 dum
1004 3177 1068 3229 pro-

96 3232 256 3298 Triumphe,
273 3229 336 3283 Non
353 3233 433 3282 senscl
450 3232 579 3296 dicessus,
597 3234 626 3283 Ie
646 3231 815 3297 Triumpbc.“
851 3232 965 3295 Isque,
988 3231 1012 3281 is
1029 3233 1069 3281 est

91 3301 225 3351 Enimvero
248 3301 296 3351 hoe
314 3301 464 3351 vocabulum
487 3299 549 3350 adeo
571 3301 698 3351 commode
721 3316 773 3350 sem
797 3303 822 3349 ct
839 3299 990 3350 sententiam
1007 3315 1056 3349 con

91 3388 96 3417 s
120 3385 212 3434 parum
235 3369 365 3420 recedita
386 3367 496 3418 lectione
513 3369 631 3433 vulgata,
656 3371 718 3419 adeo
741 3373 829 3418 notum
853 3367 962 3432 denique
985 3372 1011 3417 et
1028 3383 1067 3418 re·

91 3436 239 3487 tomnibus
256 3438 352 3501 poetis,
377 3437 584 3502 quotiescumque
606 3453 715 3502 persona
738 3436 824 3501 aliqua
847 3435 899 3486 iam
924 3435 1000 3486 semel
1023 3452 1069 3487 suo

91 3505 200 3570 >pellata
222 3521 309 3555 rursus
332 3505 475 3563 indicatur;
500 3510 529 3554 ut
552 3522 597 3555 suo
622 3507 676 3555 iure
700 3521 746 3569 pro
771 3505 870 3555 sincera
892 3504 934 3555 hic
958 3504 1068 3555 lectione

94 3582 105 3622 t
128 3573 323 3623 admittendum.
359 3573 485 3638 Virgilius
503 3577 564 3623 Aen.
583 3573 634 3635 IV,
657 3575 714 3625 203.
750 3573 895 3636 „molinus
918 3572 955 3623 ad
978 3587 1069 3638 regem

91 3649 126 3691 os·
144 3642 300 3691 uetIsrbam
309 3642 426 3706 -Isque
438 3657 528 3692 amans
541 3643 633 3702 animi,
654 3646 680 3691 et
691 3656 798 3691 rumora
810 3657 936 3691 accensus
950 3639 1069 3691 amaro.“

94 3658 183 3773 ,ἅνω
201 3712 292 3759 senior
305 3708 535 3774 Nautes-Isque
553 3711 594 3759 bas
602 3710 718 3760 Aeneam
736 3709 838 3760 solatus
854 3710 962 3759 vecibus
979 3708 1069 3770 ΜΠ(

91 3777 274 3912 stridit?
286 3778 416 3911 {sitit
425 3777 840 3907 uetustissimum
858 3779 996 3909 fflttlt
1010 3782 1070 3910 iiii

91 3914 177 3963 slenor
193 3914 305 3978 —·Isque
323 3914 371 3964 ubi
386 3930 414 3964 se
426 3912 513 3965 Turni
527 3915 614 3965 media
628 3917 699 3965 inter
711 3914 798 3964 millia
811 3912 904 3963 vidstf‘
922 3912 1067 3973 etxlaot.

91 3982 173 4032 tcolcc
191 3982 307 4033 bellator
322 3981 391 4032 fllius
408 3983 477 4032 Auni
493 4010 527 4020 ·-
543 3984 619 4047 Isque
636 3984 685 4034 ubi
699 3998 728 4032 se
744 3980 818 4031 nullo
837 3983 891 4031 ium
909 3995 990 4031 cursu
1009 3997 1068 4031 cuc·

91 4053 142 4099 ια.“
169 4051 249 4100 Porro
266 4054 334 4101 recte
352 4050 380 4101 iu
395 4049 534 4115 Triumpho
544 4051 635 4101 Caesar
648 4049 794 4116 procedere
811 4048 919 4099 dicitur:
939 4048 1068 4113 utVirgil.

91 4117 248 4183 ,Postquam
267 4121 353 4169 omnis
370 4119 450 4184 lenge
467 4122 591 4169 comitum
609 4122 765 4185 processerat
782 4118 879 4167 ordo.·‘
909 4117 981 4169 Ouid.
999 4118 1068 4167 Fast.

91 4189 118 4248 5]
154 4186 266 4250 „Omnis
285 4203 377 4253 eques,
400 4190 538 4252 mistaque
553 4191 647 4253 gravis
665 4202 724 4238 cum
745 4185 822 4252 plaic
839 4184 954 4236 Senatus
973 4185 1070 4238 Obvius
