2810 4764
438 311 704 361 unumunurm.
726 313 775 361 n1.
799 308 841 361 25.
1137 303 1198 367 213

74 459 146 510 „non
171 460 246 495 semu
268 443 295 494 in
313 445 382 510 iugis
399 445 551 497 Eusommtb
568 451 658 513 stupet
671 446 783 500 Euim.“
816 447 857 500 lu
879 449 986 513 quibus,
1013 451 1131 509 obsecro,
1158 453 1198 503 vel

75 513 194 578 qualibus
212 515 301 577 iugis?
324 518 406 577 certe,
430 515 454 565 si
470 515 522 565 iam
538 514 676 565 Horatium
695 517 825 581 novimus,
847 532 984 582 numquam
1009 519 1037 568 is·
1049 519 1086 567 ita
1103 519 1198 570 nudum

3 624 4 627 ,
73 583 120 631 hoc
140 586 167 630 et
184 581 297 645 epitheto
315 581 465 632 destitutum
482 582 602 646 languere
619 598 709 648 passus
727 584 824 635 inisset.
852 584 937 635 Habes
956 586 1015 649 iam,
1034 602 1079 636 our
1096 593 1198 652 recepta

3 656 4 705 ἶ
72 650 151 700 lectio
169 649 234 699 mihi
251 649 425 715 displicuerit:
443 666 501 700 cum
518 654 602 700 autem
619 666 665 715 pro
683 652 953 717 competentiorem,
970 669 1022 703 non
1041 652 1072 703 ab
1087 660 1197 718 auctore,

73 718 117 768 sed
135 732 152 766 a
170 722 246 781 gente
268 716 444 768 Librariorum
468 733 523 769 eam
544 718 710 784 profluxisse3
733 734 837 771 remane
862 722 912 771 huo
935 721 997 772 illuc
1021 722 1147 784 animum,
1175 725 1198 773 si

72 786 137 836 forte
156 800 188 835 ex
206 785 352 836 coniectura
369 786 426 852 opis
444 786 541 851 aliquid
559 802 683 838 arcessere
699 803 814 853 possem,
842 790 981 854 evestigio
999 790 1026 839 in
1046 805 1144 854 veram,
1168 797 1198 840 ut

72 855 179 919 opinor,
204 853 356 919 scripturam
374 854 471 915 incidi,
495 853 546 905 leri
563 855 640 906 unius
657 856 746 907 literae
763 856 918 918 mutatione;
943 873 1001 907 nam
1024 858 1124 909 codices
1147 859 1197 909 mei

71 922 228 972 vetustiores
251 921 383 972 Euomnis
406 921 554 988 praeierunt
576 922 630 973 sine
654 940 680 985 s,
711 924 777 989 quod
800 925 895 975 maiore
918 925 1068 990 compendio
1091 925 1198 977 Eminet

72 990 153 1041 scribi
178 988 282 1041 solebat.
316 990 387 1056 Lego
410 990 506 1055 igitur,
533 1006 605 1054 „non
628 1007 703 1042 sceau
726 995 756 1042 in
779 995 853 1058 iugis
874 993 973 1044 Edonis
998 998 1087 1059 stupet
1103 993 1196 1057 Euius,

71 1058 192 1108 Hebrum
206 1060 385 1124 prospiciens,
413 1064 439 1108 st
454 1061 516 1109 nive
532 1058 676 1110 candidam
696 1057 844 1111 ΤΙινοοοπ.“
873 1066 904 1112 ut
920 1062 1014 1112 Noster
1031 1061 1094 1112 alibi
1114 1061 1196 1115 Germ.

70 1127 106 1189 Il,
125 1128 151 1188 7,
164 1127 205 1177 27.
224 1141 296 1189 „non
313 1141 362 1191 ego
379 1129 472 1176 sanius
488 1126 635 1177 Ba'cehabor
651 1127 777 1182 Edonis.“
810 1129 896 1179 Edoni
913 1134 1011 1180 montes
1028 1134 1101 1180 arant
1118 1128 1197 1181 Thra·

71 1195 135 1256 cise,
154 1193 196 1243 vel
213 1193 242 1243 in
259 1194 377 1244 confiniis
385 1194 558 1258 Macedoniae,
575 1195 620 1245 nbi
635 1196 729 1246 Beoohi
739 1196 818 1261 Orgia
835 1197 971 1263 praecipue
987 1196 1193 1261 celebrabantur3

70 1263 139 1312 unde
165 1264 222 1327 ipss
244 1260 355 1311 Edonus
373 1262 513 1326 vocitatur,
540 1268 566 1312 et
587 1263 703 1313 Bacchas
719 1263 863 1315 Edonidas.
898 1265 972 1317 Ovid.
988 1266 1090 1316 Remed.
1107 1267 1193 1319 Amor.

71 1333 104 1393 [v.
123 1332 189 1392 533]
225 1330 316 1393 „Itat,
343 1335 375 1380 ut
389 1329 482 1380 Edono
499 1330 620 1392 referens
637 1334 773 1383 trieterica
790 1333 891 1384 Baccho
908 1333 952 1383 ire
968 1333 1036 1385 solet
1051 1333 1119 1395 fusis
1137 1335 1197 1385 λοι·-

71 1401 140 1448 tara
159 1399 240 1448 turba
259 1400 366 1448 comis.“
398 1397 469 1448 Idem
486 1399 588 1449 Metam
605 1398 651 1448 XI.
671 1402 703 1462 [v.
716 1402 759 1463 67]
777 1400 808 1450 da
826 1401 921 1467 Orphei
938 1401 1026 1453 caede:
1051 1399 1132 1466 ,dison
1148 1405 1198 1454 im·

67 1482 144 1532 pune
169 1472 258 1516 tamm
281 1466 365 1516 scelus
389 1467 439 1516 boc
461 1469 528 1516 sinit
549 1483 604 1517 esse
627 1466 740 1534 Lyaeum
763 1469 920 1534 Amissoquc
943 1469 1034 1520 dotem
1057 1485 1197 1523 sacrorum

67 1539 132 1585 octe
149 1549 276 1597 suorum,
294 1534 423 1585 Protinus
439 1537 469 1584 iu
485 1536 562 1586 silvis
577 1540 676 1585 matres
691 1535 824 1586 Edonidas
841 1552 938 1602 omues,
957 1536 1032 1600 Quae
1048 1537 1135 1599 fecere
1152 1554 1197 1589 ne·

69 1603 128 1665 sas,
154 1607 228 1653 torta
244 1601 340 1653 radios
357 1603 478 1666 Ιι”,·,νιιυι’ί.*ι
513 1603 676 1667 Propertius,
698 1609 836 1669 utsupra,
862 1604 892 1669 [1,
912 1608 936 1667 3,
954 1608 982 1669 5]
1015 1603 1092 1669 „Nec
1108 1609 1196 1657 minas

69 1669 189 1720 assiduis
212 1669 310 1719 Edonis
334 1670 404 1732 fessa
428 1671 560 1721 choreis.“
592 1670 714 1721 Lucanas
738 1673 764 1734 l,
790 1675 847 1725 675.
883 1687 964 1735 „nam
986 1674 1075 1738 quates
1099 1678 1196 1725 seruos

69 1739 153 1788 mnas
161 1738 261 1790 Eddnis
270 1738 375 1805 Ogygio
394 1738 515 1789 decurrit
529 1738 737 1806 plenclyaso.“
771 1740 850 1791 Silius
864 1740 971 1791 Italicus
985 1740 1030 1792 lib.
1040 1742 1084 1792 IV.
1095 1745 1127 1805 [v.
1136 1744 1195 1805 778]

69 1807 193 1868 „Edltnis'
213 1811 245 1856 ut
260 1807 378 1871 Pangaea
399 1821 481 1872 super
499 1806 634 1857 trieteride
649 1805 725 1859 motti
740 1808 766 1858 It
781 1809 856 1873 iuga,
880 1815 907 1859 et
928 1808 1061 1860 metuam
1077 1813 1197 1876 suspirat

65 1879 179 1940 pectore
195 1873 359 1924 Bacchum.“
392 1875 440 1924 nbi
456 1872 540 1925 obiter
556 1874 711 1940 notandum,
737 1878 785 1926 etsi
803 1877 835 1927 ab
853 1876 912 1927 aliis
930 1877 958 1927 id
975 1876 1134 1928 observatum
1153 1879 1194 1940 sit,

1 1951 2 1996 ἐ
67 1943 205 1993 Lucanum
223 1941 364 2009 Siliumque
387 1958 518 2007 perpetem
542 1943 693 2008 corripuisse
716 1943 838 2024 syllabam
855 1945 1005 2005 secundam
1029 1961 1087 1996 oum
1105 1946 1195 1996 Graeci

1 2007 2 2072 ξ
69 2026 170 2077 semper
192 2006 305 2060 Hduroi
329 2010 491 2075 scripserint,
514 2026 652 2076 numquam
674 2010 797 2065 Hdorsas.
832 2014 927 2064 Mirum
951 2018 1050 2075 tamen,
1075 2018 1105 2063 ut
1126 2013 1196 2064 salut

1 2085 2 2138 3
68 2080 173 2144 agmine
191 2078 260 2128 fatto
278 2078 482 2144 conspiraverint
498 2079 589 2130 Latini
606 2079 721 2130 Librarii
739 2080 768 2131 in
820 2081 981 2133 rtesLucani
999 2081 1102 2133 etSilii.
1129 2081 1195 2131 Nam

1 2145 2 2198 i
68 2147 138 2213 apud
155 2147 279 2205 Nostrum
297 2147 332 2209 II,
351 2148 375 2208 7,
393 2148 437 2201 27.
454 2146 589 2212 pleraeque
606 2147 765 2199 membranae
808 2149 910 2213 doniis,
934 2150 1011 2199 etiam
1028 2165 1102 2201 versu
1119 2166 1194 2216 repu-

1 2213 2 2264 l
68 2220 180 2280 grente:
205 2214 273 2280 apud
290 2213 428 2279 Virgilium
445 2217 508 2265 Aen.
526 2214 587 2279 XII,
605 2218 663 2268 365.
682 2222 708 2266 et
725 2217 840 2267 Donatus
858 2218 1057 2279 Grammaticus,
1074 2225 1195 2269 nements

1 2277 2 2306 l
69 2285 168 2345 Servio,
187 2287 214 2333 et
229 2282 309 2332 Pierii
328 2283 428 2333 codices
445 2282 497 2333 iere
515 2299 601 2333 omnes
618 2283 720 2334 Edouii
735 2283 852 2337 Boreas:
878 2285 914 2335 sic
931 2285 1000 2352 apud
1016 2285 1100 2335 Valet.
1119 2287 1193 2337 mas·

68 2368 125 2401 cnm
143 2349 189 2413 VI,
209 2353 260 2404 340
276 2351 346 2400 muti
362 2351 476 2401 Edoniis
492 2353 590 2412 ventum
614 2352 725 2402 Statium
743 2351 822 2403 Theb.
839 2352 876 2415 V,
895 2354 928 2405 78
944 2352 1065 2403 Edonias
1083 2355 1194 2415 hiemem

1 2417 2 2422 ’
66 2419 127 2481 XII,
148 2422 200 2472 733
217 2419 337 2469 Edonios
355 2434 465 2478 mirream
490 2418 605 2469 Solinnm
622 2435 677 2484 cap.
695 2420 734 2469 IX
752 2421 778 2486 [ξ
800 2423 832 2483 1],
851 2426 876 2471 et
893 2420 1048 2471 Martianum
1065 2419 1193 2486 Capellam

67 2486 111 2537 lib.
131 2487 175 2537 Vl.
202 2503 227 2553 p.
247 2489 304 2539 211.
332 2487 359 2552 [ξ
378 2489 437 2549 655]
456 2486 563 2537 Edonit.
599 2487 649 2538 Sed
678 2493 708 2538 ut
731 2488 763 2538 sd
786 2488 909 2539 Nostrum
931 2493 1099 2550 revertamur3
1129 2488 1193 2541 illud

66 2557 178 2606 maxime
195 2556 280 2605 firmat
295 2555 361 2604 hane
380 2554 588 2617 emendationem,
606 2556 673 2620 quod
691 2556 778 2605 statim
794 2556 971 2621 subiungitnr;
990 2571 1062 2620 „non
1072 2571 1149 2608 secus
1165 2560 1194 2607 in

66 2627 141 2689 iugis
150 2624 255 2674 Edonis
271 2622 461 2688 impellimus,
475 2623 589 2673 Hebrum
603 2626 779 2689 prospiciens,
798 2630 825 2675 ct
840 2629 902 2675 nive
919 2624 1061 2675 candidam
1070 2624 1192 2687 Thracen,

67 2699 92 2742 et
106 2691 180 2758 pede
198 2692 313 2741 barbaro
331 2690 487 2741 Lustratum
504 2691 677 2757 Rhodopen“:
703 2692 797 2757 quippe
821 2708 852 2742 ex
875 2693 943 2757 iugis
960 2693 1058 2743 Edonis
1081 2691 1192 2756 Hebrus,

67 2761 188 2823 Thracia,
207 2763 233 2809 et
250 2759 372 2823 Rhodope
390 2758 590 2809 commodissime
608 2759 721 2825 prospici
738 2765 848 2824 possent.
883 2762 948 2811 Nam
963 2760 1049 2811 Edoni
1062 2759 1192 2841 Etruniae

66 2826 550 2962 tutattttltttltttlffttt
566 2828 1193 2964 titt”tittsttttttttttttlt]

65 2964 185 3015 Nomine
202 2962 317 3024 femineo
335 2966 383 3013 viu
399 2968 464 3013 satis
482 2968 547 3028 apta
564 2967 625 3028 regi
630 2983 640 3015 .-
659 2963 719 3026 Qua
735 2969 811 3029 patet
825 2966 978 3016 umbrosum
995 2965 1117 3030 Rhodopa
1133 2966 1193 3030 gia-

65 3033 146 3085 oinlis
165 3032 204 3082 ad
221 3032 360 3092 Haemum,
386 3030 424 3082 m
439 3046 516 3081 sacer
539 3032 668 3082 admusas
691 3035 779 3098 corigit
794 3032 895 3082 Hebrus
913 3035 1021 3098 aquas.“
1056 3034 1213 3084 Enimvero

64 3100 214 3168 Lycurgus
237 3099 282 3150 illc
298 3095 414 3154 Ηδωνὸς
435 3099 546 3150 Edonus
568 3106 674 3149 vocatur
698 3100 818 3150 Straboni
840 3101 884 3151 lib.
903 3101 936 3150 X.
953 3115 978 3165 p.
997 3103 1061 3160 471,
1086 3105 1112 3150 ct
1135 3102 1144 3150 i
1164 3118 1192 3151 sa

64 3168 277 3236 Pitytlislt'donn
295 3169 322 3217 in
332 3169 523 3232 Epigrammata
530 3168 627 3218 Graeco
635 3167 775 3233 Antipatri,
794 3169 860 3232 qnod
879 3184 909 3218 ex
922 3168 1078 3233 Anthologia
1094 3168 1136 3218 ine
1156 3169 1192 3219 ‘ta

64 3239 166 3368 {iffi
184 3235 404 3369 ίὲιιῖἶῖωρῖἶῗὲξ
416 3235 859 3369 λᾝιίξοέθῧῗῆῑλῆἒιιὶἶρὴρ
871 3237 1008 3367 ppppp
1023 3230 1191 3369 ῗὲιέωἈλῗοι]

64 3373 134 3424 lllnd
160 3342 251 3422 merito
274 3368 426 3433 δοσνόητον
449 3369 495 3422 καὶ
517 3367 691 3439 ἐσφαλμένον
721 3373 861 3421 obscurum
890 3376 916 3421 et
939 3372 1094 3422 mendosum
1118 3380 1191 3423 vocat

63 3441 218 3501 Librarins3
236 3445 312 3505 atque
330 3440 367 3489 ite
385 3454 444 3489 sane
462 3442 618 3504 compertum
635 3445 674 3489 est
689 3439 778 3502 nobis,
796 3454 853 3490 oum
872 3439 1003 3490 emendare
1020 3445 1046 3492 et
1063 3441 1191 3506 explicare

65 3522 226 3561 conmemur.
259 3508 335 3558 Nunc
353 3512 449 3569 antem,
474 3512 503 3557 ut
523 3507 607 3559 vineta
630 3511 717 3557 nostra
741 3514 840 3557 nosmet
863 3507 1010 3572 caedamus,
1035 3525 1092 3559 cum
1117 3526 1190 3561 nemo

63 3578 132 3629 alins
151 3577 179 3627 id
196 3577 319 3627 hactenus
330 3576 427 3637 fecerit,
445 3576 481 3626 sic
500 3575 587 3641 potins
607 3574 779 3640 refingendnm
791 3591 844 3625 esse
856 3575 1024 3626 hariolamur:
1049 3573 1191 3646 Στρύμονι

63 3643 110 3696 καὶ
134 3641 248 3714 μεγάλῳ
264 3642 446 3711 πεπολισμένη
465 3638 664 3762 Ελλησπόντμ,
683 3637 780 3711 Ἤριον
796 3641 913 3705 Ηδοονῆς
931 3643 1073 3706 Φυλλίδος,
1096 3644 1190 3713 Αμφί-

64 3713 138 3767 πολι.
166 3708 258 3763 Αοιπά
276 3730 320 3763 τοι
335 3714 472 3774 Atticulae
488 3711 624 3777 Βραυρων
636 3710 684 3765 doe
702 3706 714 3760 ἲ
729 3727 775 3761 νια
792 3712 849 3776 νηῷ
866 3710 980 3778 Minaei,
998 3711 1044 3763 καὶ
1061 3715 1188 3780 ποταμοῦ

64 3777 287 3851 τᾶμφιμάχητον
303 3774 384 3848 ὕδωρ.
423 3777 479 3842 Τὴν
497 3777 527 3831 δέ
544 3773 609 3829 ποτ’
629 3728 777 3863 dependisset
793 3777 913 3847 μεγάλην
928 3776 996 3846 ἔριν,
1014 3776 1051 3835 ὥς
1068 3774 1190 3847 ἆλινηχὲς

65 3852 185 3918 Τρῦχος,
214 3841 259 3900 ἐπ’
285 3843 458 3916 ἀμφοτέραις
482 3841 628 3916 δερκόμεθ’
656 3844 776 3910 ηϊόσιν,“
817 3848 876 3899 Νοιι
899 3848 999 3898 videtur
1022 3849 1189 3913 Epigramma

64 3914 229 3985 ἐπιτύμβιον
246 3916 430 3984 Sepulchrum,
458 3921 486 3967 ut
504 3916 567 3967 falso
591 3916 697 3967 titulum
714 3917 785 3968 dedit
801 3915 949 3976 Librarius3
976 3916 1020 3966 sed
1037 3916 1065 3966 in
1082 3915 1188 3980 Amphi-

64 3987 139 4053 polin
149 3986 313 4036 Macedoniae
330 3987 417 4036 nrbem
435 3985 466 4036 ab
483 3983 599 4035 hostibus
617 3984 735 4037 dirutam.
772 3984 906 4037 Sententia
924 3988 974 4045 est3
994 3984 1187 4048 oAmptipou,

64 4071 135 4120 quaa
158 4058 211 4104 situ
229 4069 256 4103 cs
273 4053 311 4104 ad
326 4054 495 4121 Strymonem
519 4059 545 4103 et
561 4053 774 4119 Hellespontum,
798 4060 825 4105 ct
846 4056 1044 4103 monumentum
1061 4068 1088 4101 es
1106 4051 1187 4117 Pnyt-

64 4120 135 4173 lidos
142 4121 268 4172 Edonas:
286 4122 390 4173 nullasne
409 4126 451 4173 tui
466 4125 608 4186 uestigium
624 4137 697 4172 nuuc
715 4127 792 4173 catat
803 4126 917 4190 praeter
927 4118 1064 4185 Templum
1073 4119 1186 4179 Dianae,

63 4195 91 4241 et
108 4191 222 4252 fluvium
239 4193 343 4255 ipsum:
366 4190 443 4241 illam
461 4195 549 4240 autem
567 4190 671 4251 urtam,
697 4190 729 4240 de
746 4207 799 4257 pua
824 4190 888 4241 olim
906 4193 945 4238 tot
963 4187 1030 4238 tetta
1046 4193 1188 4251 gesserunt

62 4258 247 4323 Athenienses,
264 4272 337 4309 niano
354 4262 470 4324 utraque
484 4261 547 4325 ripa
564 4257 701 4309 disiectam
716 4259 842 4324 oidemm,
861 4262 996 4320 tamquam
1008 4257 1110 4306 laceros
1121 4270 1188 4320 pan·
