2810 4764
231 264 293 326 240
618 281 650 342 o.
672 280 814 328 aoaaru
834 279 958 328 nascor

317 417 457 481 Dextrae
478 416 632 493 absumet,
655 434 809 498 quaerere
832 414 958 481 distuli:

317 501 385 567 Nee
407 500 488 568 scire
511 501 561 567 ias
583 507 633 568 est
655 501 776 566 omnia:
800 501 857 567 sed
881 501 936 565 diu

234 686 363 750 „Darnait
381 693 469 738 antem
486 691 586 753 partim
605 687 694 751 ducta,
711 690 813 753 partim
831 690 959 753 auspiciis
976 689 1032 737 sais
1051 686 1223 738 Cantabriam
1241 716 1275 724 -
1293 691 1353 738 itern

233 754 381 816 Rhaetiam,
406 762 431 806 et
448 756 608 817 Vindelicos,
628 771 660 805 ac
678 755 799 807 Salassos
814 762 908 820 gentes
924 755 1091 820 Inalpinas.“
1124 756 1196 805 Idem
1214 756 1270 806 Tib.
1289 772 1310 807 c.
1329 758 1351 808 9.

232 820 327 885 „dein
344 823 494 874 Rhaeticum
503 824 714 886 Vindelicumque
732 824 836 884 bellam,
853 824 916 873 inde
932 823 1124 887 Pannoniam,
1142 823 1206 874 inde
1218 823 1354 876 Germani·

234 905 294 940 cam
308 894 409 955 gessit·
426 893 551 942 Rhaetica
569 897 644 956 atque
661 892 796 942 Vindelico
811 897 905 956 gentes
922 892 1044 956 Alpinas,
1063 893 1219 942 Pannonica
1237 887 1353 943 Breucos

234 962 260 1007 et
276 957 417 1010 Dalmatas
434 961 564 1024 subegit.“
597 960 698 1009 Plinius
715 961 775 1010 Nat.
792 960 862 1009 Hist
880 960 929 1024 111,
949 961 990 1011 24.
1008 962 1035 1025 [ᾗ
1056 961 1113 1024 133]
1149 960 1215 1023 „His
1232 961 1352 1023 (Noricis)

234 1029 396 1077 'contermini
411 1029 503 1079 Rhaeti
521 1034 547 1078 et
563 1027 701 1087 Vindelici,
720 1043 808 1077 omnes
825 1031 854 1077 in
873 1030 994 1077 ciuitates
1010 1029 1108 1077 mattas
1126 1028 1231 1080 diuisis·
1250 1029 1351 1079 Tacitus

232 1094 324 1143 Annal.
342 1095 382 1157 Π,
409 1099 447 1148 17.
489 1095 547 1160 „Ni
570 1097 725 1146 Rhaetorum
748 1095 987 1160 Vindelicorumque
1012 1098 1049 1158 [et
1073 1094 1202 1159 Gallicae]
1234 1099 1352 1148 cobortes
1394 1098 1395 1147 ]

233 1164 313 1226 agua
331 1164 513 1214 obiecissent.“
546 1164 689 1229 Eutropius
708 1164 737 1213 de
754 1165 871 1228 Augusto
890 1164 957 1226 [VII,
975 1165 1015 1228 91:
1033 1163 1170 1227 „damano
1189 1165 1288 1215 adiecit
1304 1168 1350 1214 im·
1394 1170 1395 1173 ’

232 1232 316 1296 perio,
335 1230 483 1298 illyricum,
501 1232 625 1293 Raetiam,
642 1231 798 1294 Vindelicos,
817 1238 843 1281 et
860 1230 981 1282 Salassos
998 1234 1027 1282 in
1044 1232 1183 1297 Alpibus.“
1212 1234 1253 1282 Ita
1261 1233 1349 1283 Graeci

232 1298 359 1361 similiter,
368 1300 466 1365 Strabo,
475 1301 643 1363 Ptolomaeus,
653 1301 834 1365 Agathemerus
843 1300 946 1350 ΡΑΙΤΟ
951 1302 999 1349 ΥΣ
1007 1301 1071 1349 ΚΑΙ
1080 1301 1351 1352 ΟΥΙΝΔΕΛΙΚΟῩΣ

236 1381 333 1430 semper
355 1367 526 1433 distinguunt.
562 1368 630 1425 Quid
653 1369 704 1418 iam
722 1369 753 1418 de
771 1369 858 1418 Servio
882 1373 907 1418 et
924 1367 1077 1418 Scholiastis
1093 1368 1143 1431 flet,
1161 1369 1276 1419 ficulneis
1294 1384 1351 1418 sane

237 1434 327 1499 copiis,
345 1436 368 1485 si
385 1451 443 1486 cum
459 1437 516 1486 istis
534 1437 726 1501 comparentur?
761 1436 878 1486 Proiecto
894 1452 946 1485 uon
968 1435 1071 1486 aliunde
1093 1452 1169 1501 quam
1186 1453 1217 1486 ex
1233 1438 1280 1487 hoc
1297 1438 1352 1502 ipso

233 1500 290 1551 loco
307 1504 344 1553 sic
362 1505 390 1554 iu
407 1505 498 1555 menda
515 1504 635 1566 cubante,
663 1510 830 1554 commentum
848 1503 912 1554 illud
935 1504 965 1554 de
982 1504 1087 1555 Rhaetis
1103 1504 1247 1555 Vindelicis
1262 1506 1349 1554 hause-

234 1574 302 1619 runt
337 1571 411 1627 Quod
429 1577 455 1622 et
472 1588 502 1622 ex
519 1578 591 1638 parte
613 1572 679 1622 vidit
696 1571 872 1622 celeberrimus
890 1573 1025 1622 Dacerius:
1050 1577 1125 1637 atque
1143 1573 1201 1623 ideo
1217 1573 1348 1623 lectionem

234 1637 312 1687 aliam
329 1646 473 1690 revocatum
489 1640 535 1703 iit,
559 1641 601 1691 cui
619 1641 744 1691 editiones
762 1642 910 1705 codicesque
934 1640 1032 1705 aliquot
1055 1645 1081 1691 et
1097 1642 1125 1689 in
1143 1642 1176 1691 iis
1193 1641 1347 1692 Battelianas

234 1712 320 1755 noster
337 1709 521 1773 astipulantur,
545 1708 663 1773 „Videre
679 1707 777 1759 libasti
798 1709 866 1759 tetta
888 1710 938 1773 sista
953 1709 1066 1774 Alpibus
1083 1709 1202 1759 Drusum
1217 1714 1348 1773 gerentem

234 1779 262 1824 et
278 1773 438 1828 Vindelici.“
471 1776 554 1826 Multa
572 1782 655 1827 tamen
678 1777 739 1826 huic
762 1777 932 1827 emendationi
956 1777 1059 1826 adversa
1083 1781 1156 1826 suut:
1179 1777 1264 1827 nullus
1285 1775 1349 1826 liber

233 1843 320 1908 paullo
338 1846 461 1895 uetustior
479 1846 685 1895 coniunctionem
703 1850 729 1895 ct
745 1846 875 1909 agnoscit:
894 1850 946 1895 tum
965 1850 990 1894 et
999 1846 1116 1894 Historia
1133 1846 1189 1910 ipsa
1201 1846 1347 1909 refragatur.

233 1911 292 1961 Non
311 1914 378 1962 euim
396 1920 421 1963 et
438 1913 530 1963 Rhaeti
547 1918 573 1963 et
589 1913 718 1963 Vindelici
735 1913 820 1963 videre
836 1914 948 1963 Drusum
965 1911 1115 1973 bellantem
1141 1915 1237 1979 quippe
1253 1914 1346 1963 Drusus

233 1979 381 2031 Vindelicos
405 1986 518 2043 tantum,
540 1982 651 2030 Rhaetos
674 1980 792 2030 Tiberius
815 1997 948 2046 aggressus
972 1987 1017 2031 est.
1052 1981 1201 2032 Paterculus
1224 1982 1278 2032 loco
1298 1981 1347 2031 iam

234 2048 351 2098 laudato:
370 2049 492 2115 „Ostippo
508 2055 620 2114 aterque
634 2049 760 2111 {Tiberius
778 2053 803 2098 et
814 2050 921 2112 Drusus)
940 2049 1066 2100 divisis
1081 2052 1181 2115 parti
1186 2051 1246 2100 bas
1257 2048 1348 2100 linctus

236 2116 440 2183 Vindelicosqne
456 2117 591 2182 adgressi,
615 2118 706 2167 maltis
728 2118 835 2166 ordinm
859 2123 884 2167 st
908 2117 1076 2167 castellarum
1100 2117 1346 2183 oppugnationibus,

234 2200 347 2235 necnon
361 2185 463 2236 directa
475 2201 579 2251 qnoque
591 2188 650 2235 acie
665 2184 782 2246 feliciter
798 2185 894 2248 frtrwti,
912 2191 1005 2250 gentes
1023 2185 1088 2235 tacis
1106 2189 1256 2250 attissimus,
1276 2183 1348 2235 aditu

235 2252 427 2317 difficillimas,
457 2269 567 2304 narrare
596 2253 760 2318 frequentes,
795 2253 905 2315 feritate
935 2259 1034 2315 traces,
1063 2257 1164 2303 maiore
1197 2269 1255 2304 cram
1279 2254 1347 2319 peri·
1395 2276 1396 2283 κ

235 2321 294 2372 cute
324 2337 403 2387 qnam
428 2322 525 2372 damno
550 2320 666 2371 Romani
691 2324 837 2386 coercitas,
867 2322 986 2388 plurimo
1018 2337 1077 2371 cam
1106 2337 1198 2371 cernens
1221 2323 1347 2387 sangnine

232 2390 469 2456 perdomuerunt.“
503 2390 573 2446 Quae
590 2390 666 2439 rerba
689 2390 738 2439 toti
760 2390 821 2439 huic
845 2391 951 2440 carmini
974 2390 1046 2455 quasi
1070 2388 1251 2440 Commentarii
1271 2389 1346 2438 vicem

235 2474 288 2508 esse
306 2463 420 2523 possunt.
454 2459 547 2508 Noster
563 2458 619 2524 ipse
636 2457 705 2508 infra
723 2457 804 2507 Carm.
822 2458 891 2509 xlv.
909 2474 931 2507 u.
952 2460 991 2510 14.
1026 2458 1127 2521 „Maior
1143 2459 1271 2508 Neronum
1287 2470 1347 2505 maa

233 2542 319 2591 grace
334 2526 467 2591 praetium
484 2525 626 2590 Commisit,
644 2527 923 2590 immanesqneRaetos
935 2527 1070 2590 Artspicits
1086 2526 1191 2592 pepulit
1207 2524 1347 2576 secundis.“

235 2594 304 2649 Quid
321 2594 399 2659 argei
422 2593 493 2643 vides
511 2595 538 2643 in
558 2599 662 2658 utraque
679 2594 789 2643 lectione
806 2593 882 2660 plane
900 2610 991 2659 aquam
1012 2596 1127 2644 haerere:
1151 2609 1233 2658 neque
1250 2609 1306 2643 sane
1322 2590 1347 2641 id

234 2664 341 2724 mirum,
365 2666 456 2711 neutra
473 2661 540 2711 enim
557 2677 617 2711 vera
634 2666 680 2710 est.
714 2662 767 2712 Nos
786 2662 835 2711 iam
853 2662 913 2711 olim
932 2667 1024 2712 certam
1041 2663 1118 2712 huius
1134 2661 1185 2712 loci
1203 2664 1346 2728 scripturam

235 2745 267 2779 ea
284 2729 429 2778 coniectura
445 2729 596 2790 invenimus,
614 2728 731 2792 „Videre
748 2731 836 2780 Raetis
854 2730 922 2780 teila
939 2731 986 2779 snb
1004 2730 1117 2796 Alpium
1126 2730 1244 2780 Drusum
1259 2743 1346 2794 geren·

237 2802 286 2846 tem
298 2795 458 2846 Vindelici.“
476 2800 551 2861 atque
569 2797 601 2846 ad
618 2798 684 2846 hauc
701 2814 747 2847 uos
766 2798 870 2848 deduxit
879 2799 1016 2849 Horatiaui
1033 2799 1087 2848 stili
1105 2799 1217 2849 indoles:
1236 2811 1345 2847 noveram

209 2866 214 2872 '
235 2864 305 2914 euim
322 2865 442 2913 Nostrum
460 2880 596 2929 numquam
614 2865 679 2914 illud
696 2867 744 2914 snt
752 2867 865 2932 Alpibus
883 2868 919 2916 sic
937 2866 1054 2916 inornate
1071 2871 1097 2916 et
1113 2867 1180 2916 uude
1198 2866 1345 2931 prolaturum

234 2933 320 2983 fuisse.
338 2932 502 2982 Memineram
520 2933 596 2982 etiam
606 2933 690 2999 Alpes,
708 2938 737 2983 ut
754 2950 800 2999 pro
812 2935 889 2984 variis
906 2934 1053 2999 regionibus
1071 2936 1141 2984 varia
1158 2935 1262 2984 sortitae
1279 2934 1344 2982 eraut

236 3002 347 3063 nomina,
365 3000 403 3051 ita
421 3006 446 3051 et
462 3002 598 3051 Rhaeticas
616 3001 756 3066 appellatas
774 3019 834 3052 esse.
870 3002 973 3052 Tacitus
990 3003 1060 3052 Hist.
1079 3003 1099 3064 I,
1112 3005 1154 3056 70.
1182 3002 1259 3067 „ipse
1273 2998 1344 3066 panl-
1396 3064 1397 3069 ¹

237 3069 321 3120 lislam
339 3074 493 3134 cunctatas,
509 3086 574 3120 narn
592 3071 722 3120 Rhaeticis
740 3071 808 3135 iugis
826 3073 854 3120 in
871 3069 1002 3121 Noricam
1019 3072 1161 3132 flecteret.“
1196 3069 1343 3120 Claudianus
1396 3120 1397 3135 χ

236 3138 268 3188 de
285 3137 321 3187 IV
330 3137 599 3200 Cons.Houorii,442.
634 3139 755 3204 „Aspera
772 3138 911 3200 nubiferos
929 3154 981 3203 pua
999 3139 1108 3188 Rhaetia
1123 3142 1244 3204 porrigit
1251 3136 1344 3202 Alpes.“

236 3208 332 3256 Iterum
355 3207 458 3257 Tacit-as
481 3207 512 3257 de
529 3207 593 3256 Mor.
612 3207 694 3256 Germ.
714 3222 735 3256 c.
755 3209 776 3257 1.
813 3205 935 3269 „libanus
958 3207 1136 3257 Rhaeticarum
1152 3207 1256 3271 Alpium
1279 3207 1345 3255 inas·
1396 3206 1397 3211 ’

237 3289 308 3324 cesso
333 3291 365 3325 ac
384 3277 533 3340 praecipiti
554 3279 652 3325 vertice
675 3278 777 3326 ortns.“
816 3275 895 3324 Porro
918 3273 1008 3326 Raetis
1031 3276 1124 3325 Noster
1147 3290 1192 3324 suo
1216 3289 1281 3324 more
1302 3283 1343 3337 pro

236 3340 365 3402 Raeticis3
384 3348 414 3392 ut
431 3342 493 3392 alibi
503 3341 612 3392 Venena
627 3342 731 3407 Colcha,
750 3340 854 3392 Mauris
871 3344 974 3404 iaculis,
994 3342 1121 3408 Sulpiciis
1139 3343 1249 3406 horreis,
1267 3339 1344 3391 Aetni-

238 3409 303 3458 tiam
322 3410 421 3473 tudam,
440 3410 509 3461 italo
527 3411 607 3461 caeto.
643 3411 758 3475 Denique
775 3411 822 3460 sict
832 3410 945 3476 Alpibus
961 3409 1095 3462 libanicis
1103 3410 1233 3461 Vindelici
1245 3410 1344 3459 Drusum

238 3476 370 3537 viderunt;
394 3478 454 3542 quia
470 3478 563 3528 Rhaeti
579 3478 721 3528 Vindelicis
740 3478 900 3530 contermini.
935 3479 1067 3530 Hactenus
1085 3495 1115 3528 ex
1132 3479 1276 3528 coniectura
1291 3490 1342 3542 pro·

238 3545 319 3609 gressi
337 3560 435 3605 sumas3
459 3551 548 3610 postea
571 3547 762 3611 sagacissimum
785 3547 866 3596 uirum
885 3546 942 3598 Nic.
959 3547 1094 3597 Heinsium
1119 3546 1252 3597 nobiscum
1273 3548 1343 3597 iacere

238 3611 386 3674 didicimue3
411 3613 500 3677 quiin
518 3630 563 3664 ora
580 3614 730 3680 exemplaris
748 3614 802 3674 sui,
819 3613 904 3675 forte,
922 3615 1020 3680 inquit,
1039 3614 1153 3666 Nicetis.
1188 3612 1343 3665 Accesserant

237 3683 287 3732 huc
305 3681 337 3731 ad
354 3684 439 3746 partes
457 3681 535 3732 codex
552 3683 663 3746 optimus
677 3682 805 3732 Torrentii
823 3687 848 3732 et
866 3682 1014 3733 veterrimus
1031 3688 1117 3733 noster
1128 3682 1290 3741 Gmevianus,
1307 3675 1345 3743 qui

238 3748 310 3801 Itetr'i
325 3749 433 3810 habent3
451 3749 517 3815 qued
534 3749 633 3800 edetis
649 3749 789 3801 scribarum
807 3767 889 3801 errore
906 3751 1008 3802 fluxisse
1025 3752 1152 3802 rideatur:
1172 3755 1198 3801 et
1215 3749 1292 3814 magis
1308 3744 1345 3795 ad·

238 3819 288 3868 huc
305 3817 470 3883 Baginensis,
488 3818 516 3867 in
535 3834 584 3883 quo
601 3816 662 3869 nea
677 3835 745 3869 nunc
762 3819 883 3882 habetur,
907 3818 982 3870 litera
998 3820 1106 3885 quadarn
1124 3835 1187 3884 quae
1205 3816 1344 3890 sequebatur

238 3902 316 3937 erasa
351 3886 462 3937 Tandem
485 3886 514 3937 in
537 3887 659 3951 impresso
683 3887 769 3937 codice
798 3903 828 3937 ex
850 3885 1009 3939 Bibliotheca
1033 3887 1189 3938 celeberrimi
1213 3886 1262 3937 riri
1283 3885 1344 3935 Pam

238 3955 352 4018 Francii,
370 3955 411 4004 cui
429 3954 513 4005 uariae
531 3954 630 4020 aliquot
646 3955 768 4005 lectiones
786 3971 817 4005 ex
833 3953 907 4004 libris
928 3957 1031 4022 scriptis
1049 3955 1242 4019 adnotabantur,
1261 3948 1343 4016 reperi·

238 4038 294 4073 mus
316 4022 517 4088 manuscriptum
537 4022 664 4088 exemplar
686 4023 883 4088 Rotteudorphii
907 4022 979 4074 lictis
1003 4023 1133 4075 exhibere:
1164 4039 1244 4088 neque
1265 4031 1343 4087 parum

240 4091 327 4140 laetati
345 4107 431 4141 sumus
449 4091 633 4141 divinationem
650 4095 760 4142 nostram
779 4091 978 4142 membranarum
996 4093 1147 4143 auctoritate
1164 4091 1269 4141 firmari:
1287 4083 1343 4153 quod

240 4162 266 4207 et
282 4158 309 4207 in
328 4159 386 4208 aliis
403 4159 490 4209 multis
507 4159 569 4210 olim
586 4164 733 4210 eventurum
751 4174 917 4225 auguramur,
941 4161 1022 4226 siquis
1044 4166 1103 4227 post
1125 4175 1229 4225 operam
1245 4160 1343 4208 nostram

240 4225 355 4276 meliores
373 4227 473 4277 codices
490 4227 532 4277 hic
550 4227 605 4278 illio
622 4228 753 4279 latitantes
770 4227 907 4292 diligenter
924 4228 1068 4280 excusserit.
