2842 4758
160 250 223 314 380
573 267 604 325 o.
626 265 768 312 acuam
789 264 912 312 nascer

226 398 268 462 At
289 403 323 462 tu
346 398 512 464 conclusas
533 400 665 465 hircinis
687 399 816 465 follibus
838 419 944 474 auras,

182 494 214 545 20
227 482 337 566 Usque
359 483 534 549 laborantis
556 485 633 550 dum
656 486 774 550 terrum
797 485 939 550 emolliat
958 483 1052 564 ignis,

223 567 268 633 Ut
289 568 401 647 mavis,
422 568 558 634 imitare.
602 572 716 636 beatus
737 569 890 647 Fannius,
913 569 996 633 ultro
1097 639 1100 644 ,

222 652 347 719 Delatis
370 654 475 740 capsis
497 663 529 720 et
549 654 705 736 imagine:
729 676 800 720 cum
822 675 895 720 mea
914 673 1007 717 nemo

224 739 351 824 Scripta
372 740 461 821 legat
481 741 576 821 volgo
598 740 732 805 recitare
754 741 905 816 timentis,
928 739 968 803 ob
990 739 1172 816 hamorem,

224 823 317 902 Quod
340 832 414 889 sunt
435 845 516 907 quos
539 845 641 907 genus
664 826 724 891 hoe
744 825 873 890 minime
895 826 999 902 iuvat3
1022 828 1134 908 utpote
1156 825 1260 910 pluris

180 919 212 971 2⁵
227 908 359 994 Culpari
381 910 507 990 dignos.
552 912 696 992 quemvis
718 910 823 975 media
847 910 931 991 elige
953 908 1062 983 turba;

477 1030 499 1062 v.
518 1015 559 1063 20.
578 1012 652 1077 Vulg.
673 1012 783 1062 Mollr‘ot.
821 1014 859 1064 25.
879 1010 961 1061 Erue.

160 1130 349 1182 necessitatem:
376 1129 434 1193 „Di
454 1132 519 1181 heae
541 1131 676 1192 fecerunt,
700 1133 789 1195 inopis
815 1146 853 1180 me
877 1129 999 1195 quodque
1015 1128 1109 1194 pusilli
1126 1126 1289 1178 Firureruat

161 1197 249 1258 animi,
267 1214 332 1248 raro
350 1204 376 1248 et
391 1214 527 1264 perpauco
545 1199 699 1262 loquentis.“
725 1198 891 1254 Quamobrem
909 1196 1034 1247 lambino
1052 1196 1127 1245 facile
1146 1196 1282 1259 assentior,

161 1266 206 1329 qui
222 1267 378 1327 emendavit,
398 1267 554 1332 laqueatam.
578 1273 608 1317 ut
624 1268 687 1318 Aen.
707 1268 747 1327 II,
767 1270 807 1319 79.
844 1282 909 1329 „aec
927 1271 951 1316 si
967 1266 1085 1315 miserum
1104 1264 1220 1325 fortuna
1239 1263 1280 1315 Si—

159 1348 254 1382 uonem
271 1335 374 1395 Finxit,
403 1351 493 1385 vanum
517 1338 596 1384 etiarn
620 1335 814 1399 mendacemque
832 1337 952 1399 impreco
970 1334 1074 1397 linget.“
1109 1332 1195 1381 Multo
1214 1333 1280 1382 enim

159 1401 302 1466 simplicius
318 1403 375 1464 hoe,
393 1409 468 1467 atque
486 1402 544 1452 ideo
562 1407 587 1452 et
603 1403 695 1453 verius.
718 1404 851 1453 Mutarunt
868 1409 950 1452 autem
959 1401 1081 1461 hibi-arii,
1099 1404 1130 1449 ut
1147 1401 1282 1465 loquentis

159 1469 192 1517 ad
216 1470 357 1535 proximum
381 1471 478 1520 Nomen
505 1473 591 1520 animi
616 1471 758 1522 referretur.
799 1471 830 1520 Id
856 1472 922 1536 quod
949 1485 1072 1532 nusquam
1096 1485 1147 1517 non
1173 1470 1281 1527 iaciunt,

161 1537 367 1602 quotiescumque
385 1539 513 1589 commode
531 1545 650 1603 possunt:
668 1547 698 1587 ut
715 1538 796 1588 Carni.
815 1539 860 1603 IV,
881 1543 903 1601 l,
924 1541 964 1591 ts.
989 1537 1106 1603 „Largis
1123 1537 1282 1586 rnunerr'bus

159 1609 252 1655 riserit
269 1606 392 1671 aemuli“,
418 1607 502 1671 largis
520 1608 706 1673 interpolarunt
723 1623 769 1671 pro
788 1608 867 1671 lorgi,
885 1609 1013 1674 propioris
1023 1604 1176 1654 substantivi
1187 1606 1281 1669 gratia.

160 1677 186 1724 et
203 1674 252 1737 111,
271 1676 294 1737 8,
315 1677 353 1727 19.
382 1675 491 1736 „Medus
509 1676 622 1735 infestus
639 1677 691 1724 stoi
708 1675 835 1725 lecticaris
844 1675 962 1725 Dissidet
976 1676 1089 1729 ormia“3
1107 1688 1154 1737 pro
1174 1671 1284 1732 infestis

160 1745 186 1790 et
213 1742 355 1792 luctuosus.
391 1744 462 1793 Adde
491 1744 557 1809 quod
582 1745 609 1792 in
635 1744 721 1794 codice
739 1744 874 1793 Iannoctio
891 1742 1025 1793 Michaelis
1042 1742 1131 1800 Bruti,
1158 1749 1185 1789 et
1202 1742 1281 1789 Faer-

160 1808 205 1858 nio
220 1809 339 1860 Lambini
359 1812 493 1876 loquentes
511 1810 666 1872 habebatur;
685 1812 712 1861 in
732 1828 781 1876 qno
795 1828 868 1861 verae
886 1812 1004 1862 lectionis
1016 1815 1148 1859 servantur
1159 1809 1280 1871 vestigia.

228 1880 268 1929 20.
304 1880 374 1929 Dum
392 1878 495 1939 furiem
513 1880 618 1931 molliat
633 1883 714 1944 iguis]
746 1880 794 1930 Vix
812 1896 827 1928 a
843 1895 883 1929 me
899 1880 1036 1943 impetrare
1054 1893 1164 1941 possum,
1182 1886 1214 1925 ut
1232 1878 1280 1927 hoc

159 1946 217 2011 ipso
236 1947 263 1996 in
281 1947 350 2008 loco,
378 1963 428 2011 quo
445 1949 594 1998 Lucilianos
611 1964 697 1998 versus
715 1964 760 1998 ceu
778 1947 880 1997 scabros
898 1953 924 1997 et
940 1946 1070 2011 impolitos
1087 1949 1159 1994 taxat
1176 1946 1278 2008 Noster,

160 2014 187 2063 in
206 2015 309 2064 eandem
328 2016 441 2081 culpam,
468 2032 542 2081 quani
567 2017 594 2065 in
612 2016 659 2066 illo
677 2018 802 2080 exagitat,
828 2016 911 2080 ipsum
929 2014 1050 2065 incidisse
1069 2014 1175 2063 credam,
1214 2013 1280 2063 Vide

159 2083 226 2132 enim
253 2100 327 2147 quam
355 2086 444 2134 durum
468 2086 534 2144 exit,
562 2089 587 2133 et
605 2090 699 2149 quanto
717 2084 841 2133 labiorum
860 2090 966 2143 conatu,
991 2081 1097 2146 „llsch
1114 2081 1278 2143 laborantes,

159 2150 224 2201 dura
242 2150 335 2200 ferrum
353 2152 452 2202 molliat
468 2155 566 2217 ignis.“
601 2152 702 2208 Quanto
720 2157 804 2202 autem
821 2152 922 2201 mollius
940 2152 1071 2215 leniusque
1089 2150 1154 2209 fluit,
1172 2149 1280 2200 literula

158 2219 312 2269 interiecta?
329 2219 435 2285 „Usque
454 2221 611 2279 laborantes,
630 2220 813 2281 dauferium
830 2220 1054 2284 emolliatignis.“
1088 2216 1191 2267 Plinius
1207 2218 1280 2267 Hist.

158 2286 259 2349 XXVI,
290 2290 329 2340 14.
343 2289 379 2354 ⁴[§
400 2292 458 2351 141]
498 2290 651 2352 „Plautogo
677 2289 732 2353 igni
760 2288 873 2338 emollita
898 2288 1018 2338 melior.“
1058 2285 1166 2337 librarii
1193 2291 1280 2334 autem

158 2356 298 2419 particulas
316 2358 408 2421 passim
427 2359 518 2407 eiicere
531 2357 626 2415 solent3
644 2356 689 2406 uhi
699 2357 754 2406 siue
762 2356 837 2405 metri
852 2356 986 2420 dispendio
1001 2355 1055 2404 fieri
1073 2358 1164 2418 potest.
1193 2352 1282 2403 Codex

158 2423 306 2485 Leidensis‚
333 2425 437 2485 feroran
461 2425 524 2476 dum
547 2425 654 2476 molliat
676 2428 761 2489 iguis:
792 2425 859 2488 quod
886 2425 962 2473 ctiam
985 2423 1088 2486 vulgato
1112 2423 1227 2488 asperius
1252 2428 1280 2471 et

157 2491 286 2542 horridius
303 2497 350 2542 est.

226 2563 267 2612 25.
305 2560 426 2623 (irremote
457 2562 544 2611 media
578 2577 641 2611 mete
672 2561 760 2623 turbo]
800 2559 868 2609 Illud
891 2575 954 2608 erue
983 2559 1013 2608 ab
1039 2557 1103 2607 Aldo
1130 2558 1222 2622 opinor
1249 2558 1278 2606 in

157 2629 310 2692 posteriores
328 2629 452 2678 editiones
470 2636 637 2694 propagatum
655 2636 700 2678 est.
730 2629 830 2677 Priores
847 2644 903 2677 cum
922 2630 1020 2677 Acrone
1038 2625 1181 2676 Scholiasta
1199 2625 1278 2689 elige.

158 2696 227 2751 Quin
245 2702 270 2746 et
288 2696 377 2761 scripti
396 2697 510 2760 plerique
520 2697 613 2761 Ellg03
632 2713 694 2746 erue
711 2696 866 2761 paucissimi,
884 2694 1058 2744 utPulmanni
1076 2710 1149 2754 unus,
1165 2694 1278 2744 Leiden-

64 2780 73 2799 ὁ
157 2764 193 2813 sis
217 2768 316 2824 noster,
343 2768 368 2813 et
391 2780 406 2813 a
429 2780 505 2813 manu
528 2765 639 2814 secunda
656 2766 815 2829 Reginensis.
852 2766 904 2813 lant
929 2779 987 2812 vero
1010 2763 1037 2812 in
1055 2761 1136 2825 Elige
1153 2762 1220 2812 nihil
1238 2768 1279 2812 est

159 2832 226 2894 quod
249 2832 382 2895 quisquam
405 2833 586 2897 reprehendat:
612 2834 662 2882 nisi
687 2832 756 2897 quod
779 2832 810 2881 ob
834 2833 914 2897 ipsam
939 2831 1088 2880 facilitatem
1111 2832 1279 2895 suspicantur

158 2898 239 2963 aliqui
257 2916 287 2949 ex
304 2900 388 2964 glossa
405 2900 545 2963 irrepsisse.
581 2900 668 2964 Elige,
686 2917 811 2966 eaecerpe,
835 2903 951 2965 queraris
975 2898 988 2948 e*
1012 2898 1099 2948 media
1118 2900 1216 2948 turha:
1243 2916 1279 2948 ne

157 2982 228 3017 unua
246 2969 351 3032 quidem
375 2971 432 3017 siae
455 2971 520 3019 vitio
545 2974 590 3019 est.
625 2971 659 3018 nt
677 2985 739 3018 errae
764 2969 886 3032 (quamvis
903 2968 953 3016 iam
972 2967 1088 3033 pluribus
1106 2966 1219 3031 placeat,
1250 2971 1276 3017 et

157 3036 225 3085 inter
242 3037 312 3101 ipsos
330 3036 492 3100 sagacissimo
509 3038 541 3087 N.
561 3037 679 3099 Heinsio)
704 3036 767 3086 mihi
791 3038 890 3100 quidem
909 3035 981 3085 nullo
998 3036 1071 3085 modo
1089 3035 1276 3084 admittendum

156 3104 264 3153 videtur.
300 3105 402 3170 Quippe
420 3121 513 3154 eruere
530 3110 580 3167 est,
604 3105 723 3155 latentem
742 3105 865 3169 aliquem,
885 3103 1071 3168 aufugientem,
1089 3103 1213 3164 invitum,
1233 3120 1276 3153 ex·

156 3172 254 3221 trahere
273 3180 298 3222 et
315 3175 342 3222 in
360 3173 470 3222 medium
487 3173 606 3238 prolerre.
645 3172 733 3223 Cicero
750 3173 835 3238 Epist.
854 3173 922 3222 Fam.
942 3172 981 3234 [V,
999 3174 1015 3222 9
1033 3175 1105 3233 exte]
1131 3170 1275 3233 „Profecto

157 3240 206 3289 tihi
230 3241 305 3290 illum
329 3243 476 3306 reperiam,
501 3244 555 3290 nisi
578 3245 607 3290 ire
624 3241 788 3291 Dalmatiam
813 3240 968 3303 aufugerit,·
995 3240 1099 3289 atinde
1118 3245 1206 3288 tamen
1226 3241 1276 3290 ali·

156 3308 263 3372 quondo
291 3312 402 3359 eruam.“
438 3309 542 3358 Tacitus
569 3308 666 3361 Hister.
695 3310 748 3370 Ill,
777 3311 816 3361 83.
858 3309 986 3372 „Abditas
1013 3311 1041 3358 ia
1069 3310 1198 3366 tuhcrur's,
1228 3313 1278 3358 out

154 3377 259 3439 siquam
277 3378 305 3424 ta
324 3376 429 3425 domum
452 3376 644 3440 perfugerant,
668 3377 723 3426 erui
746 3377 918 3441 iugularique
942 3376 1170 3441 eupostseloat*t.“
1206 3375 1275 3430 Quid

156 3444 234 3509 ergo?
264 3446 303 3492 An
321 3444 444 3494 Horatius
462 3460 555 3494 uetere
579 3445 651 3496 iubet
669 3447 781 3509 quemvis
798 3445 881 3494 media
899 3443 987 3503 turba,
1012 3445 1084 3508 quasi
1101 3443 1274 3493 occultantem

155 3528 181 3562 se
200 3516 244 3561 aut
261 3511 345 3576 fugam
364 3513 545 3562 meditantem?
567 3529 627 3563 cave
645 3514 751 3571 dixeris3
776 3529 833 3562 nam
853 3513 1060 3563 absurdissimum
1078 3512 1180 3575 quidem
1199 3513 1273 3563 foret.

155 3580 217 3631 Sine
236 3580 313 3630 dubio
338 3580 405 3629 enim
432 3580 581 3631 alterutrum
600 3582 669 3642 vult,
696 3588 740 3630 aut
763 3582 864 3630 obvium
889 3581 1001 3644 quemvis
1024 3580 1200 3645 prehendere,
1229 3586 1276 3630 aut

154 3665 234 3698 unum
251 3664 324 3713 quem
341 3648 406 3698 libet
423 3648 454 3698 de
471 3650 559 3699 multis
577 3650 682 3714 eligere.
717 3650 804 3699 Facile
826 3650 912 3712 itaque
936 3649 1048 3698 contenti
1068 3664 1121 3698 esse
1138 3664 1275 3714 possumus

154 3721 180 3766 et
196 3717 336 3783 priscarum
355 3717 493 3767 editionum
512 3724 538 3767 et
555 3718 666 3783 plurium
684 3718 887 3767 Membranarum
903 3717 1020 3768 lectione.
1047 3716 1186 3775 Tamenut,
1205 3716 1275 3780 quod

153 3786 244 3845 sentio,
262 3786 341 3835 libere
359 3786 450 3849 dicam,
470 3792 496 3835 et
513 3803 576 3836 erue
593 3790 619 3835 et
636 3786 704 3849 elige
722 3802 752 3835 ex
770 3786 942 3835 Librariorurn
961 3785 1064 3835 officina
1081 3800 1134 3834 esse
1152 3784 1272 3834 arbitror.

155 3853 289 3904 Veterrimi
308 3853 376 3904 enim
400 3854 468 3919 apud
486 3853 626 3919 Oraquium
645 3854 789 3914 Blandinii,
818 3859 843 3903 et
860 3852 1060 3903 Pulmannianus
1084 3868 1165 3909 unus,
1191 3854 1273 3916 eripe,

154 3920 263 3974 habeut:
290 3938 320 3972 ex
339 3939 402 3985 quo,
427 3924 488 3987 quia
510 3938 562 3973 non
579 3922 675 3972 iniuria
693 3923 863 3987 improbatum
880 3927 947 3984 erat,
975 3921 1020 3970 elii
1038 3936 1113 3981 erue,
1139 3919 1185 3968 alii
1203 3919 1272 3983 elige

153 3990 304 4040 confinxisse
322 3990 463 4041 videantur.
490 3990 527 4040 Et
543 3991 656 4055 profecto
675 3992 777 4055 eripere
794 3992 872 4040 trecha
890 3994 962 4050 esset,
981 3989 1137 4053 distinguere
1155 4003 1170 4036 a
1188 3988 1273 4045 turha,

153 4061 179 4106 et
202 4074 279 4123 supra
303 4057 394 4122 vulgus
418 4058 519 4110 tollere:
547 4064 576 4108 ut
599 4058 688 4108 (liceto
710 4058 738 4108 in
762 4059 842 4108 Bruto
868 4072 890 4111 c,
909 4061 949 4109 97.
976 4057 1002 4123 [ὅ
1021 4059 1080 4120 332]
1120 4054 1222 4120 ,‚lct**›
1247 4061 1271 4103 te

202 4157 224 4202 ll
249 4169 289 4199 scr.
306 4157 468 4210 expostulantes]

189 4207 226 4257 ”l
249 4221 289 4250 scr.
306 4209 340 4260 Ut]
