2840 4752
208 215 272 280 464
592 226 625 287 e.
647 225 788 275 uousru
808 225 932 275 aurem

208 363 305 429 nequit.
340 362 415 415 Prior
430 362 490 425 illa,
514 377 590 428 quam
605 360 724 428 pluribus
740 358 866 425 placuisse
880 359 966 423 video,
989 360 1065 427 „Rae
1079 378 1148 415 sam.
1183 363 1243 416 Nil
1260 367 1336 417 altra

208 447 301 499 quaero
318 431 443 498 plebeiae.
477 430 514 482 Et
536 444 648 495 acquam
665 426 728 479 ilem
751 429 907 494 imperito,“
933 435 980 482 eto.
1006 429 1082 481 rerba
1104 431 1167 483 haec
1194 433 1258 483 vult
1278 450 1335 486 aare

208 501 272 563 eius,
289 500 335 565 qui
351 515 428 565 supra
444 501 670 563 exAgamemuouc
688 496 854 562 quaesiverat,
873 495 1046 548 carriacum
1062 500 1173 562 sepeliri
1189 505 1334 555 veruesca

208 568 238 619 Si
254 569 316 630 hoc,
334 567 433 632 iuquit,
455 572 583 633 tamquam
600 581 651 628 rex,
669 570 695 615 et
710 581 757 631 pro
775 564 882 630 imperio
898 565 1022 616 duntaxat
1037 566 1121 627 iubes3
1140 583 1189 633 ege
1210 585 1283 621 unas
1301 571 1334 622 de

207 635 282 702 plebe
305 635 373 686 nihil
396 634 506 702 amplius
530 649 630 700 quaero.
665 633 763 683 Similis
785 633 837 684 fere
854 634 926 685 locus
942 638 981 683 ast
997 634 1124 685 luvenalis
1142 637 1197 687 Sat.
1219 637 1264 700 X,
1288 641 1333 691 72.

207 705 239 755 de
256 721 317 755 neca
334 704 435 755 asianis
452 703 516 766 ,stad
531 718 583 768 qao
601 701 696 752 cecidit
712 702 761 752 aab
777 703 909 752 crimine?
931 705 1052 768 quisnam
1069 703 1200 755 Dalater?
1229 709 1334 771 quibas

208 771 347 836 indicitur,
365 787 417 837 que
427 772 639 837 tcrtcprobaoit?
657 768 824 821 Niitommr
839 771 949 821 verbosa
966 775 993 820 ct
1002 770 1117 835 manda
1125 773 1247 838 epistola
1255 778 1334 825 nanu

207 842 233 891 A
251 840 367 906 Capreis.
385 838 457 890 Bane
473 840 567 890 labet:
583 837 623 888 nil
639 836 697 902 plus
713 838 870 902 interrogo.“
900 837 1029 888 Posterior
1045 844 1128 889 autem
1144 839 1227 891 lectio
1246 847 1334 894 totam

207 909 272 959 hauc
289 908 431 958 orationem
438 908 621 973 Agamemnoni
633 904 738 967 tribuit3
755 903 916 969 „deerrare
933 905 975 955 nit
982 905 1173 959 ultraeosnau
1184 910 1334 974 plebeias:

208 983 235 1027 at
251 985 363 1042 acquam
380 974 443 1026 Ram
460 978 600 1041 imperito:
624 988 656 1024 ao
677 976 703 1024 ri
719 977 765 1024 cai
786 973 886 1035 videor,
910 989 964 1024 aaa
982 977 1082 1037 iustus,-
1108 976 1196 1027 inulto
1213 978 1331 1042 Dicere,

208 1044 280 1111 qaod
296 1046 383 1106 rentii,
398 1046 550 1110 permitto.“
576 1044 637 1104 Rex,
655 1042 748 1106 inquit,
765 1057 834 1102 sum3
851 1042 900 1092 hoo
916 1041 980 1092 satis
996 1047 1035 1092 est
1051 1043 1100 1093 tibi
1117 1043 1229 1110 plebeio,
1251 1049 1332 1098 cuius

207 1128 258 1163 non
276 1112 359 1163 estin
376 1128 459 1176 regem
477 1116 557 1173 tuum,
575 1110 636 1176 quid
654 1116 699 1161 aut
715 1124 792 1175 quare
809 1109 895 1173 faciat,
912 1109 1038 1160 curiosius
1049 1110 1191 1176 inquirere:
1208 1118 1240 1163 at
1250 1130 1331 1180 prae·

205 1185 275 1231 terea
292 1180 369 1230 etiam
386 1195 493 1244 aequum
510 1177 654 1245 bonumque
671 1182 717 1239 est,
735 1177 802 1243 quod
819 1177 907 1230 iubeo:
931 1192 961 1228 ao
979 1177 1002 1228 si
1018 1177 1067 1229 tibi
1084 1178 1123 1231 vel
1140 1180 1187 1230 alii
1203 1183 1331 1234 cuicum·

207 1265 256 1314 qua
273 1249 395 1298 iniustum
413 1248 461 1298 hoo
479 1253 505 1298 et
527 1248 644 1312 iniquum
660 1246 775 1307 videtur,
800 1246 904 1310 impune
926 1246 1099 1297 contradicere
1124 1252 1150 1299 et
1165 1249 1330 1316 redarguere

207 1314 303 1366 licebit.
338 1316 404 1366 Mihi
422 1316 537 1380 quidem,
560 1331 623 1381 pecc
640 1319 680 1363 tot
695 1315 862 1378 interpretum
880 1314 925 1379 qui
942 1313 1017 1364 aliter
1039 1315 1166 1377 sentiunt,
1190 1319 1330 1382 posterior

206 1385 268 1435 haec
285 1384 412 1434 enarratio
429 1383 519 1434 melior
540 1389 566 1435 et
582 1381 732 1433 concinnior
747 1381 855 1431 videtur.
892 1381 994 1447 Quippe
1011 1382 1038 1432 iu
1056 1383 1135 1433 altera
1151 1384 1193 1450 id,
1215 1387 1328 1452 opinor,

206 1453 261 1503 iure
279 1451 459 1517 reprebendas3
477 1451 552 1515 quod,
570 1450 716 1516 etprimum
725 1451 897 1514 Agamemnon
909 1450 1014 1512 dixerat,
1032 1448 1090 1501 ilar
1102 1467 1175 1514 eam3
1193 1456 1328 1507 continuo

207 1520 251 1570 ille
274 1519 422 1584 respondet,
447 1518 497 1570 Nil
518 1520 592 1570 altra
615 1534 724 1584 quaero.
758 1518 837 1583 Atqui
862 1517 912 1567 iam
935 1519 995 1582 plus
1013 1522 1180 1584 quaesiverat
1196 1521 1224 1575 in
1244 1539 1327 1575 versu

206 1588 343 1653 superiore,
361 1586 420 1651 „Nc
437 1590 497 1653 qaas
511 1588 632 1637 Ιιοιοοοοοο
649 1586 714 1637 ociit
729 1585 845 1645 Aiacem,
862 1586 969 1649 Atrida,
986 1592 1059 1636 octar
1075 1589 1164 1637 οσον*
1191 1588 1263 1655 Car,
1283 1593 1327 1642 iu·

206 1656 379 1721 quiteriae?
404 1670 478 1720 quam
496 1656 528 1706 ob
546 1670 611 1717 rem,
629 1670 680 1720 qua
697 1654 728 1704 de
745 1669 829 1717 causa,
847 1651 938 1718 quibus
956 1653 1099 1705 rationibus
1116 1655 1252 1721 inductus,
1272 1660 1325 1711 boc

206 1724 292 1773 vetas?
318 1724 418 1774 Deserit
435 1739 494 1788 ergo
511 1723 652 1773 orationem
668 1723 809 1787 inceptam
835 1722 976 1785 datatim,
1001 1722 1089 1773 audito
1111 1723 1158 1773 illo
1173 1723 1233 1775 lica
1249 1743 1323 1790 runa,

206 1796 340 1842 contentus
362 1797 389 1841 et
410 1799 495 1842 mutus
517 1791 632 1842 abituras
653 1795 699 1842 est.
734 1790 865 1855 Siquidem
888 1789 953 1839 illud
976 1789 1033 1841 Rara
1055 1807 1114 1841 ram
1135 1808 1187 1842 non
1212 1796 1324 1848 omuino

205 1860 331 1910 satisfacit
347 1858 542 1925 interrogationi
553 1858 698 1910 Curvatas:
717 1858 794 1907 immo
810 1858 999 1922 responsionem
1015 1860 1101 1922 potius
1119 1860 1237 1926 abnegat
1260 1864 1322 1916 Hoc

205 1929 328 1994 primum:
355 1928 422 1993 quod
441 1928 479 1978 rel
497 1928 592 1987 solum,
608 1926 660 1976 nisi
677 1925 764 1990 fallor,
788 1926 930 1990 perspicaci
946 1926 1036 1976 lectori
1052 1928 1188 1978 suffecerit.
1224 1931 1278 1982 Sed
1296 1937 1323 1983 ct

205 1997 312 2046 alterum
329 1997 406 2046 etiam
423 2000 474 2059 est,
497 2011 548 2060 quo
565 1995 587 2045 si
605 2011 656 2047 nen
674 2009 766 2058 acque,
792 1994 952 2057 aliquatenus
975 1998 1059 2044 tamen
1077 2001 1166 2060 peccat
1182 2012 1213 2047 ea
1231 1998 1320 2052 lectio.

205 2064 306 2130 Quippe
323 2080 372 2115 vox
387 2064 505 2129 plebeias
521 2063 698 2114 inclementius
715 2062 803 2128 paullo
826 2078 855 2111 ac
878 2062 986 2112 convitii
1009 2063 1065 2112 loco
1087 2063 1130 2113 hic
1154 2063 1266 2126 dicitur3
1294 2072 1322 2119 et

204 2133 386 2197 Agamemnoni
404 2131 505 2196 quidem
523 2131 655 2196 aptissime
673 2131 807 2190 convenit3
826 2130 871 2195 qui
887 2127 1017 2180 subiratus
1034 2135 1060 2180 et
1076 2131 1182 2196 indigue
1199 2134 1286 2185 ferens
1304 2152 1321 2186 a

204 2206 380 2265 percontatore
396 2200 568 2265 interpellari,
592 2199 747 2248 conditionis
764 2213 821 2248 eum
838 2213 898 2247 suae
914 2197 990 2248 verbo
1006 2198 1053 2248 illo
1069 2199 1204 2251 admonere
1220 2203 1320 2253 voluit:

204 2274 234 2319 ut
250 2269 337 2318 Ulixes
354 2267 429 2318 lliad.
447 2269 476 2319 B.
494 2284 517 2317 v.
536 2269 592 2319 200.
612 2268 681 2330 [198]
707 2262 762 2316 Τὸν
780 2260 810 2315 δ’
829 2253 863 2316 cri
879 2266 1008 2316 ΔΗΜΟΥ
1023 2260 1045 2316 τ’
1066 2263 1154 2334 ἄνδρα
1173 2264 1237 2332 ἴδοι,
1254 2267 1319 2336 [lori-

205 2329 310 2386 ‹orrair'
322 2330 443 2403 isper'rpoa,
462 2335 518 2386 Τὸν
527 2330 654 2403 σκήπτρῳ
665 2330 818 2395 ἐλάσασκεν,
837 2329 1021 2400 ὁμοκλήσασκέ
1035 2330 1162 2403 τεμίθῳ,
1180 2334 1319 2405 Δαιμόνι’,

204 2398 324 2471 ἀτρέμας
347 2391 413 2465 ἧσο,
439 2409 485 2454 etc.
521 2405 555 2453 At
578 2408 680 2465 contra,
706 2402 890 2466 percontatoris
914 2403 962 2452 hoo
986 2418 1107 2467 personae
1124 2405 1234 2456 nonita
1251 2407 1319 2457 belle

203 2478 319 2537 aptatur:
337 2489 382 2523 cur
398 2472 466 2522 enim
483 2473 538 2537 ipse
556 2487 582 2521 se
599 2471 667 2520 ultro
680 2469 896 2534 vilipendendum
912 2469 1055 2521 indicaret?
1071 2472 1126 2521 Iam
1137 2477 1230 2536 auteur,
1250 2475 1319 2541 quod

202 2541 245 2590 hic
262 2539 389 2592 obiiciunt
406 2541 455 2590 viri
472 2539 574 2601 eruditi,
597 2539 625 2589 si
642 2539 823 2604 Agamemnoni
847 2536 912 2586 illud
935 2539 1040 2600 tribuas,
1058 2537 1107 2590 Nil
1121 2541 1197 2591 altra
1215 2559 1320 2607 quaere

204 2609 330 2674 plebeias,
347 2614 517 2673 pugnaturum
535 2623 589 2657 essa
606 2623 662 2657 oum
680 2606 713 2656 iis
732 2621 795 2671 quae
813 2610 965 2670 sequuntur,
983 2622 1033 2671 „ac
1049 2610 1074 2656 ri
1090 2611 1135 2657 cui
1151 2609 1246 2661 videor
1262 2626 1319 2662 nora

203 2679 302 2740 iustas,
329 2676 416 2725 intrito
433 2676 530 2726 Dicere
557 2675 630 2740 qaod
651 2677 733 2725 scatit
752 2676 908 2740 pemitto“:
935 2675 1059 2738 quomodo
1083 2674 1166 2740 enim,
1183 2676 1274 2743 aiunt,
1292 2681 1319 2729 et

203 2748 272 2793 vetat
289 2759 415 2807 quaerere,
433 2748 459 2793 et
475 2742 618 2808 permittit?
642 2745 673 2793 ln
691 2759 720 2792 eo
738 2746 805 2792 certe
821 2742 894 2791 valde
911 2740 1041 2805 falluntur,
1059 2757 1140 2809 neque
1160 2746 1242 2796 totius
1261 2762 1318 2797 ora·

203 2811 282 2862 tionis
307 2812 478 2862 oeconomiam
501 2811 653 2876 percipiunt.
688 2811 773 2861 Primo
795 2811 864 2860 enim
886 2809 999 2860 ostendit
1015 2812 1202 2875 Agamemnon,
1229 2831 1269 2877 se,
1294 2815 1317 2865 si
1391 2828 1392 2855 1

202 2880 298 2944 regium
317 2880 393 2930 decus
410 2885 436 2929 et
452 2879 584 2945 fastigium
601 2879 680 2929 tutari
697 2878 786 2939 vellet,
812 2878 910 2927 nullum
933 2894 1080 2944 responsum
1105 2880 1159 2931 tore
1182 2881 1317 2934 daturum:
1391 2860 1392 2925 i

202 2953 301 3012 tamen,
327 2949 395 3013 quod
417 2948 486 3013 apud
507 2964 593 2998 omnes
616 2947 742 3012 gratiosus
766 2962 820 2996 esse
842 2951 957 3011 cuperet,
982 2952 1007 2998 et
1029 2947 1107 2997 edicti
1131 2947 1172 2998 sui
1190 2950 1317 3015 aequitati
1391 2950 1392 2991 ἶ

202 3016 297 3079 fideret,
315 3021 430 3082 paratum
449 3032 502 3066 esse
520 3017 669 3080 cuicumque
686 3015 809 3064 rationem
826 3014 881 3063 eius
898 3014 1008 3067 reddare.
1044 3015 1125 3077 Quid,
1143 3018 1253 3083 amabo,
1271 3023 1316 3069 aut
1391 3062 1392 3065 ,

202 3083 348 3134 indecorum
365 3084 422 3146 hic,
440 3089 485 3133 aut
502 3084 620 3150 sibiipsi
639 3082 800 3148 repugnans?
826 3081 895 3137 Quin
914 3087 939 3132 et
956 3081 1042 3132 eadem
1058 3098 1162 3150 prorsus
1180 3086 1264 3148 redit,
1280 3086 1315 3137 si·

202 3167 252 3216 qua
275 3157 313 3202 est
336 3168 411 3217 quam
437 3152 538 3213 volunt,
561 3152 746 3216 repugnantia3
771 3151 825 3200 sive
841 3152 1022 3214 Agamemnoni
1045 3151 1120 3201 verba
1144 3152 1191 3202 illa
1207 3154 1320 3218 tribuas,
1391 3198 1392 3201 ,

201 3220 254 3268 sive
271 3219 377 3284 plebeio.
412 3219 464 3275 Qui
481 3220 548 3269 enim
565 3220 637 3281 dicit,
656 3218 714 3269 liam
730 3233 801 3278 ruam
828 3218 911 3277 etiarn,
930 3233 987 3267 oum
1004 3223 1078 3280 tacet,
1096 3220 1230 3284 praedicat
1247 3222 1318 3273 nteit

201 3287 275 3337 altra
293 3286 473 3352 quaerendam
497 3303 551 3336 esra
573 3304 618 3337 scu
640 3285 754 3352 plebeio,
780 3301 824 3336 seu
846 3285 936 3335 nobili.
971 3287 1011 3336 Ita
1028 3287 1095 3351 apud
1113 3288 1244 3340 Nasonem
1262 3291 1317 3355 ipse
1391 3312 1392 3321 ¹

201 3357 388 3418 Agamemnon,
411 3353 457 3404 ubi
474 3353 588 3404 Briseida
606 3355 655 3405 sibi
673 3359 788 3419 arrogat,
812 3354 913 3406 Remed.
931 3356 1016 3404 Amor.
1035 3371 1059 3406 v.
1077 3358 1134 3407 475.
1169 3357 1253 3421 „lt'rt,
1278 3361 1319 3409 ait
1391 3350 1392 3391 3

201 3422 323 3483 Atrides,
342 3423 385 3473 illi
402 3438 481 3487 qaam
497 3426 624 3489 promima
640 3422 746 3485 forma5
771 3421 822 3485 ar,
846 3424 871 3471 ai
886 3423 975 3486 prima
992 3425 1065 3472 sinat
1079 3424 1202 3489 ayllaba,
1220 3441 1317 3477 noman
1391 3448 1392 3463 2

201 3491 286 3542 idem:
301 3490 378 3541 Hanc
395 3492 468 3554 criti,
485 3493 613 3556 sisapiat,
630 3489 994 3556 perreconccdatAclriltcs:
1012 3490 1043 3540 Si
1050 3493 1153 3554 minar;
1170 3496 1317 3559 imparium

200 3562 298 3610 centra!
315 3560 361 3609 ille
377 3572 472 3611 maram.
506 3557 585 3622 Qrsod
599 3562 624 3609 si
640 3561 700 3625 qais
723 3564 847 3607 vestram.
861 3556 962 3618 sactum
987 3558 1036 3608 doc
1059 3561 1177 3621 incusat,
1203 3561 1316 3623 Achiui,

200 3627 251 3678 aa
267 3628 378 3693 aliquid,
395 3627 487 3677 calida
503 3634 608 3694 ,sceptra
625 3633 714 3678 tencre
730 3641 819 3676 raama.
843 3624 922 3689 Nam,
939 3628 965 3675 ri
980 3642 1036 3675 nux
1053 3641 1105 3677 noo
1125 3642 1188 3692 sust,
1207 3645 1317 3680 accras·

201 3712 261 3746 cam
279 3696 394 3746 dormiet
409 3695 470 3758 illa,
496 3699 525 3746 in
547 3712 606 3747 raca
627 3694 758 3746 Thersites
780 3709 865 3759 regna
889 3693 978 3743 licebit
1001 3696 1069 3746 cat.“
1103 3695 1242 3748 Enimvero
1261 3698 1317 3748 Sul-

200 3765 328 3815 monensis
351 3765 396 3814 ille
420 3763 452 3814 ad
475 3765 543 3814 hunc
568 3768 651 3830 ipsum
674 3761 760 3812 Flacci
788 3760 871 3811 locum
899 3760 1037 3826 respexisse
1063 3762 1186 3816 rideatur.
1230 3762 1314 3815 Unum

200 3832 374 3882 tautummodo
398 3833 447 3882 huc
471 3832 574 3892 addam
601 3831 682 3898 quod,
708 3830 753 3895 qui
777 3845 824 3879 usu
849 3834 875 3879 et
892 3828 1011 3893 diligenti
1028 3831 1180 3895 scriptorum
1198 3833 1313 3884 codicum
1391 3866 1392 3869 =

199 3900 309 3950 lectione
318 3899 492 3951 Librariorum
501 3901 633 3964 ingenium
651 3899 716 3950 bene
733 3898 840 3961 noverit,
857 3896 932 3947 facile
942 3897 1034 3959 credet,
1051 3898 1116 3948 illud
1127 3901 1312 3965 qrracreinter·

199 3968 281 4032 polari
305 3969 419 4033 potuisse
443 3967 474 4017 ab
497 3968 551 4018 illis
574 3968 674 4028 sciolis,
700 3972 730 4017 ut
754 3965 881 4015 laboranti
906 3964 989 4016 versui
1016 3966 1189 4029 mederentur;
1218 3969 1310 4035 ignaris

199 4035 299 4086 scilicet
315 4042 341 4086 et
357 4036 452 4086 virtute
469 4035 592 4086 (laesurae
609 4041 635 4087 et
651 4035 683 4085 ob
702 4033 828 4098 duplicem
845 4038 1026 4084 consonantem
1042 4031 1074 4084 τὸ
1093 4051 1192 4100 qaaere
1209 4037 1251 4087 bic
1268 4052 1310 4104 po·

200 4104 330 4153 steriorem
347 4103 467 4169 syllabam
485 4104 637 4167 producere:
664 4106 765 4163 contra,
788 4102 811 4152 si
835 4117 935 4167 quaero
952 4100 983 4151 ab
1001 4101 1106 4153 Horatii
1122 4119 1199 4154 manu
1219 4106 1310 4167 fuisset,

200 4184 324 4232 nusquam
341 4186 489 4234 quemquem
506 4172 637 4221 inventum
655 4171 696 4231 iri,
716 4169 760 4233 qui
778 4166 809 4218 τὸ
827 4184 927 4234 qaaere
945 4169 983 4218 rel
1002 4170 1100 4219 somnio
1117 4170 1289 4224 substitueret.
