2834 4758
193 214 255 277 284
581 227 613 288 a.
634 226 777 276 nostru
797 227 921 276 rnrccr

276 362 475 444 Herbasqua
497 361 580 444 quas
602 361 706 429 loleos
726 367 824 444 atque
845 361 979 429 Hiberia

319 445 415 512 Mittit
435 466 629 512 venenorum
652 447 752 524 ferax,

276 534 318 598 Et
340 551 417 598 ossa
437 533 478 598 ab
501 552 555 597 ore
577 538 671 680 rapta
691 531 818 609 ieiunae
841 530 939 610 oanis,

318 617 473 683 Flammis
495 617 589 681 aduri
639 616 778 681 olchieis.

233 714 265 765 25
279 703 322 768 At
343 701 495 787 expedita
516 703 647 784 Sagana
668 721 726 787 per
747 706 846 766 totam
868 699 998 765 domum

215 824 217 830 ·
319 789 483 872 Spargeus
507 787 673 853 Avernalis
694 806 807 868 aquas,

277 872 392 937 Horret
413 872 539 957 capillis
562 878 597 936 ut
617 871 761 942 marinus
783 869 907 954 asperis

321 956 472 1035 Echinus,
495 963 552 1023 ant
573 958 719 1023 Laurens
741 976 826 1041 aper.

549 1075 572 1109 r.
591 1059 632 1111 28.
659 1058 736 1123 Vulg.
756 1056 871 1108 Correus
888 1071 957 1120 aper.

258 1178 298 1229 28.
318 1176 438 1227 Echinus
455 1182 505 1227 aret
521 1193 633 1226 currens
651 1180 725 1242 aper]
744 1178 827 1225 Aaron
846 1173 1013 1224 Scholiastes:
1037 1172 1188 1239 „Gurreas,
1205 1176 1329 1237 furens:

189 1250 227 1307 ut,
246 1245 389 1296 Intremuit
405 1246 519 1295 emmor.“
547 1244 621 1300 Quod
638 1245 708 1294 varia
726 1245 812 1308 potius
829 1242 920 1304 lertio,
938 1257 1012 1306 quam
1031 1242 1211 1306 interpretatio
1230 1244 1329 1294 videa·

188 1317 244 1362 tur:
267 1311 418 1376 ‚,It'ebimtr,
444 1317 493 1362 eut
508 1312 595 1363 furens
612 1315 704 1379 aper.“
731 1313 774 1362 sta
798 1316 824 1362 et
840 1309 963 1374 Apuleius
980 1310 1082 1359 Metam.
1100 1310 1172 1362 VIII.
1202 1314 1238 1376 [p.
1261 1314 1327 1369 203,

191 1382 220 1432 42
238 1379 316 1443 ulos]
342 1378 418 1444 „Neo
435 1380 483 1429 diu
507 1386 533 1430 et
549 1380 635 1430 furens
659 1396 721 1446 aper
744 1395 803 1430 eum
827 1378 934 1429 inuadit
956 1380 1111 1428 iacentem.“
1146 1379 1229 1440 Sane,
1257 1381 1327 1445 quid

188 1463 300 1498 currem
317 1462 378 1513 aper
394 1448 437 1497 hio
454 1447 541 1508 faeiat,
559 1448 645 1498 nullus
662 1448 742 1498 uideo.
771 1448 830 1498 Nou
848 1447 916 1496 euim
933 1447 994 1496 dum
1012 1448 1106 1508 oumdt,
1124 1446 1169 1496 sed
1186 1462 1246 1497 eum
1265 1453 1328 1498 stat

188 1520 214 1567 et
230 1530 333 1580 pugnae
352 1530 379 1565 se
396 1520 483 1581 aptat,
508 1517 569 1566 setis
593 1517 702 1567 maxime
725 1515 885 1566 inhorrescit.
921 1514 952 1564 ld
976 1513 1043 1577 quod
1066 1513 1193 1578 Virgilius
1217 1516 1326 1580 optime

189 1584 328 1648 expressit,
352 1585 415 1633 Aen.
434 1583 469 1647 X,
485 1586 542 1635 llll.
574 1585 633 1648 „Ae
650 1584 724 1634 uelut
746 1583 792 1633 ille
815 1597 912 1632 eanum
935 1597 1026 1631 morsu
1050 1580 1235 1632 dementibus
1253 1584 1326 1634 altis

185 1652 269 1702 Actaea
288 1667 366 1717 aper,
391 1652 488 1702 multos
507 1651 621 1703 Vesulus
638 1668 714 1717 quem
731 1651 834 1717 pinifer
851 1648 1081 1712 arruosDefeudIt,
1099 1650 1252 1715 multosque
1268 1668 1324 1717 prr·

188 1720 230 1770 lue
248 1718 405 1783 Laurentia,
425 1720 492 1770 silua
510 1720 606 1770 Paetus
624 1719 789 1783 arundinea,
805 1722 948 1784 postquam
965 1720 1036 1767 inter
1054 1720 1122 1767 retia
1141 1725 1251 1768 nentrum
1271 1726 1323 1779 art,

187 1786 323 1849 Substitit,
351 1786 544 1853 infremuitque
569 1788 663 1852 fer-om,
692 1792 718 1836 et
742 1786 872 1837 inhorruit
898 1786 1014 1836 amos.“
1056 1785 1098 1834 sio
1125 1791 1151 1834 et
1176 1787 1321 1845 Homerus,

186 1852 290 1906 στάντα
308 1853 352 1905 καὶ
370 1854 505 1923 μένοντα,
531 1861 644 1906 stantem
662 1860 689 1905 et
704 1860 853 1905 monentem
870 1871 885 1903 a
904 1869 974 1915 rum,
998 1869 1049 1902 non
1068 1859 1228 1918 eumeniam,
1248 1860 1321 1905 setas

186 1925 282 1989 erigere
308 1924 383 1974 feeit,
408 1923 481 1973 Iliad.
501 1927 533 1972 N.
553 1940 576 1975 v.
594 1926 652 1975 471.
679 1918 739 1972 mr
759 1917 846 1989 ἔμεν’,
873 1939 909 1976 ως
928 1914 972 1972 ὅτε
990 1936 1031 1975 τις
1054 1921 1102 1976 σῦς
1125 1915 1237 1987 οὔρεσιν
1255 1916 1321 1973 ἀλκὶ

185 1987 340 2049 πεποιθὼς,
360 1996 432 2042 (lore
450 1993 570 2040 MENEI
586 1987 752 2061 κολοσυρτὸν
774 1987 958 2057 ἐπερχόμενον
981 1984 1066 2038 πολὺν
1090 1983 1202 2055 ἀνδρῶν
1219 1987 1320 2060 Χώρῳ

185 2057 214 2110 ἔν
233 2055 361 2127 οἰοπόλῳ,
382 2061 528 2109 brizaei
546 2056 576 2110 ut
594 2074 622 2110 τε
639 2060 730 2109 νῶτον
747 2052 872 2126 ὕπερθεν.
905 2062 931 2107 et
948 2057 1035 2140 Odpss.
1056 2059 1084 2107 T.
1103 2074 1125 2108 r.
1136 2060 1195 2110 446.
1225 2052 1319 2109 Ἔνθα

185 2121 214 2176 d'
237 2118 280 2193 ἄρ’
306 2123 335 2177 ἓν
357 2126 387 2176 λο
406 2127 444 2194 μῇ
463 2128 561 2195 πυκινῇ
578 2124 714 2178 κατέκειτο
732 2125 819 2194 μέγας
843 2127 896 2181 σῦς·
932 2120 946 2174 ὃ
971 2123 990 2174 δ
1020 2118 1112 2180 ἀντίος
1135 2120 1163 2175 ἐκ
1186 2123 1317 2195 ξυλόχοιο

186 2193 316 2250 ΦΡΙΞΑΣ
332 2184 361 2246 εὖ
394 2194 489 2263 opina,
508 2196 562 2263 πῦρ
582 2188 609 2244 d'
631 2189 805 2262 ὀφθαλμοῖσι
820 2189 965 2261 δεδορκὼς,
984 2195 1060 2242 ΣΤΗ
1072 2187 1095 2262 p’
1107 2187 1200 2243 αὐτῶν
1218 2191 1319 2263 σχεδό-

183 2265 241 2315 θεν.
271 2267 297 2314 et
314 2263 433 2313 similiter
450 2263 530 2313 Silius
546 2263 654 2312 Italious
671 2262 716 2312 lib.
734 2263 755 2313 Ι.
783 2266 815 2326 [v.
833 2263 895 2327 422]
924 2260 1008 2324 „Cum
1025 2260 1252 2327 rilunmssooeursu
1271 2280 1317 2314 oa-

183 2336 296 2382 mamtum
312 2331 440 2397 perdidit,
459 2333 530 2382 hirto
539 2331 673 2381 Horrescit
689 2346 782 2381 saeuus
801 2331 888 2393 dorso,
907 2334 934 2379 et
948 2335 1082 2394 postrema
1101 2333 1217 2395 capessit
1232 2332 1318 2382 Prae·

184 2399 232 2463 lia,
252 2399 407 2450 euadentem
425 2399 553 2449 mandens
572 2414 638 2466 aper
656 2415 701 2449 ore
718 2400 866 2449 eruorem.“
895 2397 1062 2453 Quamobrem
1079 2396 1174 2456 furens
1186 2397 1317 2450 libentius

183 2467 252 2532 apud
269 2468 391 2517 Nostrum
416 2467 535 2532 legerim,
559 2483 635 2533 quem
652 2482 776 2517 currens:
804 2467 848 2516 sed
871 2470 989 2515 neutrum
1012 2465 1105 2528 placet.
1139 2466 1219 2515 Aliud
1243 2470 1316 2518 enim

182 2534 273 2585 melius
291 2537 426 2599 veriusque
444 2535 591 2600 suppeditat
608 2534 750 2585 astutissimi
768 2535 825 2584 Nic.
836 2533 940 2583 Heinsii
958 2533 1113 2591 oonieotura,
1132 2534 1252 2597 „Horret
1268 2552 1316 2586 aa·

201 2603 256 2654 iltis
279 2608 313 2653 ut
327 2605 449 2653 marinus
472 2605 574 2668 asperis
592 2603 726 2667 Maltinus,
753 2608 802 2653 aut
818 2602 933 2652 Laurens
958 2602 1049 2666 aper.“
1084 2601 1127 2650 δίο
1149 2602 1217 2651 enim
1242 2603 1316 2654 isin

181 2619 242 2720 iibri
266 2670 307 2719 sui
331 2669 459 2734 mergiue;
485 2669 585 2733 „Forte
608 2671 763 2735 legendum,
787 2670 918 2721 Laurens.
945 2669 1006 2719 uide
1029 2674 1108 2718 notas
1132 2670 1169 2719 ad
1190 2669 1316 2722 Nasonis

153 2776 155 2781 .
181 2736 338 2788 Fastorll.“
366 2736 440 2786 Nihil
456 2737 624 2802 ingeniosius,
642 2738 709 2788 nihil
728 2739 822 2788 certius
840 2738 893 2788 diei
911 2742 1002 2801 potest.
1020 2735 1143 2786 Laurens
1160 2753 1236 2803 aper,
1252 2755 1314 2804 per·

182 2808 286 2868 potuum
305 2804 437 2868 epitheton
454 2806 538 2870 poetis
555 2805 636 2855 Italis.
671 2807 775 2855 Praeter
799 2806 873 2856 illum
890 2805 995 2870 Virgilii
1019 2804 1103 2853 loanm
1126 2806 1179 2854 iam
1202 2807 1313 2857 aitatnm

181 2872 233 2923 alis
242 2872 293 2922 tibi
302 2871 401 2922 indicat
411 2873 467 2936 ipse
476 2873 599 2923 Heinsius
611 2873 643 2923 ad
653 2874 721 2925 Fast.
733 2875 766 2926 ll.
786 2891 808 2925 v.
819 2876 851 2925 23
862 2877 894 2936 [v.
903 2871 962 2940 231]
971 2872 1067 2936 „Siout
1074 2888 1136 2937 aper
1144 2873 1220 2924 silete
1230 2875 1313 2940 longe

181 2940 354 2992 Laurentibus
372 2947 462 3004 aolus,
487 2940 627 2991 Fulmineo
646 2942 742 2992 solerer
766 2942 880 3007 dissipat
903 2957 950 2991 ore
967 2942 1074 2992 ouoes.“
1101 2940 1145 2989 ubi
1161 2941 1248 3005 plures
1265 2959 1311 2993 οο-

181 3008 250 3060 diaes
273 3024 417 3075 perperam,
443 3010 593 3060 latratibus.
626 3009 696 3060 Idem
718 3010 821 3060 Metam.
840 3008 909 3059 XlV.
938 3012 969 3071 [r.
989 3010 1048 3070 342]
1075 3007 1211 3070 ,,Ειοι“οι·οτ
1234 3015 1313 3061 testis

180 3079 320 3130 Laurentes
338 3078 416 3128 Picus
434 3080 462 3127 ιἰι
481 3092 571 3142 agros,
589 3078 727 3142 Indigenas
745 3078 852 3139 fisemis
869 3080 971 3141 apros.“
1003 3076 1124 3125 Horatius
1142 3076 1220 3126 Serm.
1240 3079 1276 3139 Il,
1285 3082 1311 3131 4.

180 3163 203 3198 v.
222 3149 263 3198 40.
300 3144 413 3211 „Umber
431 3151 457 3196 et
474 3147 561 3210 iligna
583 3148 703 3195 narraras
718 3146 834 3210 glande,
856 3145 990 3195 rotundas
1010 3143 1111 3196 Curvae
1132 3152 1194 3209 aper
1218 3146 1311 3197 laneae

180 3229 289 3264 aurnum
312 3216 422 3265 oritanus
446 3217 572 3264 inertem:
602 3212 673 3264 Nam
697 3213 812 3263 Laurens
835 3213 922 3263 malus
946 3218 998 3275 est,
1024 3212 1094 3261 ιιὶοἰι
1124 3218 1151 3261 et
1173 3214 1311 3264 arundine

179 3283 316 3345 φοίνιξι-41]*
350 3281 476 3331 Martialis
494 3280 540 3342 IX,
556 3282 596 3332 49.
624 3284 655 3343 [v.
671 3284 698 3343 5]
725 3281 818 3345 „Inter
840 3295 909 3345 quae
931 3283 992 3330 rari
1008 3280 1161 3329 Laurentem
1177 3283 1310 3346 pondere

179 3363 268 3412 aprum
288 3348 434 3398 Misimus.“
461 3353 486 3397 et
503 3348 536 3410 X,
548 3351 589 3400 45.
614 3351 651 3411 [v.
660 3351 686 3411 4]
713 3349 783 3412 „llio
802 3347 946 3398 Laurentio
964 3363 1023 3397 eum
1042 3348 1091 3396 tibi
1108 3347 1200 3398 demur
1217 3352 1308 3415 apri.“

179 3420 205 3466 et
222 3413 351 3465 Catalepta
370 3415 423 3465 Vet.
442 3417 512 3465 Post.
542 3415 647 3481 [Soalig.
667 3432 691 3480 p.
702 3419 760 3479 231,
777 3418 864 3466 Burm.
877 3416 954 3465 Anth.
969 3417 1071 3480 luem,
1090 3415 1175 3481 Meyer
1193 3433 1233 3483 ep.
1247 3421 1306 3480 253,

178 3499 201 3535 v.
221 3482 249 3548 3]
275 3482 355 3546 „Vite
373 3482 479 3547 Sabine,
497 3482 589 3534 Lacon
607 3484 690 3546 ratleo,
708 3500 752 3533 sue
771 3484 1026 3549 eogniteLaurens.“
1050 3487 1134 3548 Atque
1150 3484 1213 3534 haee
1223 3485 1307 3536 Hein-

177 3551 242 3602 siust
264 3551 356 3615 quibus
374 3551 441 3600 nihil
459 3551 564 3614 addam,
590 3556 766 3616 praeterquam
784 3552 850 3616 quod
868 3551 974 3615 Virgilii
991 3567 1077 3602 versus
1095 3565 1171 3615 supra
1189 3552 1307 3603 laudatos

179 3621 250 3684 [rien.
268 3618 301 3681 X,
320 3620 379 3682 710]
404 3621 432 3668 in
451 3619 561 3669 transitu
580 3620 720 3685 corrigam:
748 3621 849 3684 „Aetas
873 3635 952 3685 oper,
976 3620 1074 3670 multos
1092 3618 1205 3670 Vesulus
1228 3636 1307 3686 quem

176 3688 279 3753 pinifer·
296 3702 382 3738 aanor
398 3684 535 3748 Defendit,
552 3688 700 3752 multosque
716 3690 796 3753 palsas
813 3687 976 3750 Lateranus,
994 3687 1062 3738 silua
1080 3685 1176 3738 Partus
1193 3690 1307 3739 amendi-

177 3771 227 3806 nea
247 3757 312 3807 eto.“
339 3756 385 3806 nbi
403 3755 519 3805 Servius:
538 3755 657 3820 ,‚Pestur,
674 3771 725 3821 pro
743 3761 867 3821 parmam:
884 3770 947 3804 nom
963 3770 1048 3820 supra
1066 3754 1212 3817 aithcem:
1229 3756 1305 3821 Its-go

175 3824 325 3890 Autiptosr‘e
342 3825 407 3876 eet.“
442 3824 520 3874 Reate
539 3821 639 3887 quidem
658 3824 839 3874 animadvertit
855 3828 961 3888 postam
978 3823 1021 3872 hio
1039 3823 1091 3873 diei
1109 3828 1232 3889 oportere,
1252 3841 1303 3875 non

175 3897 274 3956 paetus.
301 3891 370 3948 Quid
388 3892 468 3956 ergo?
485 3906 517 3941 an
535 3890 593 3941 ideo
609 3890 761 3942 barbarismi
778 3890 888 3942 absolsit
905 3890 1052 3955 Virgilium,
1070 3891 1132 3954 quia
1147 3892 1304 3957 Antiptosin

176 3960 309 4010 nominati
327 3959 405 4021 Quae,
424 3958 525 4020 malum,
543 3959 763 4024 illaAutiptosis?
781 3964 825 4010 aut
842 3958 910 4009 unde
927 3958 950 4008 ei
969 3963 1070 4009 tentum
1086 3959 1136 4022 ius,
1152 3964 1183 4009 ut
1194 3976 1304 4011 eommu-
1406 3990 1407 3997 1

175 4042 231 4077 usur
250 4027 371 4091 loquendi
389 4042 483 4077 morem
501 4042 548 4092 pro
565 4025 643 4076 libitu
661 4028 810 4078 subvertat?
835 4026 884 4076 Sed
901 4030 1031 4091 praeterea
1048 4026 1114 4076 illud
1131 4027 1202 4089 vide,
1227 4044 1302 4093 quem

175 4093 273 4144 maltos
291 4093 499 4144 aanosVesulrtr
518 4093 643 4154 defendit.
662 4096 810 4160 multosque
827 4094 1064 4155 presentarentur
1082 4094 1209 4157 defendit,
1227 4112 1302 4160 quem

174 4161 259 4222 inane,
278 4162 426 4225 verbosum,
443 4161 612 4223 invariatum,
637 4167 663 4211 et
680 4177 694 4211 a
712 4162 818 4225 Virgilii
836 4177 904 4212 more
923 4168 949 4212 et
965 4163 1042 4226 genio
1059 4177 1164 4228 prorsus
1181 4164 1301 4216 alienum.
