2834 4758
592 247 624 307 o.
645 247 787 295 nostru
808 247 932 296 ennom

692 485 696 495 ³
734 450 792 514 ΙΙΙ.

510 567 579 631 AD
622 568 1015 635 ΜΑΕΟΕΝΑΤΕΜ.

285 703 433 768 Parentis
455 702 531 767 olim
554 703 582 768 si
604 703 676 785 quis
699 702 786 788 inpia
808 724 905 769 manu

328 788 435 854 Senile
457 792 569 869 guttur
591 787 739 869 fregerit3

268 871 360 937 -udit
381 873 492 940 cicutis
514 873 625 937 allium
647 872 822 940 nocentius.

327 957 355 1024 Ο
378 958 459 1023 dura
479 977 657 1023 messorum
680 957 750 1022 ilial

256 1042 371 1121 oQuid
393 1043 453 1107 hoc
473 1042 588 1108 veneni
611 1043 713 1107 saevit
734 1042 766 1107 in
788 1043 1005 1127 praecordiis?

326 1127 412 1192 Num
433 1127 597 1214 viperinus
619 1127 670 1191 his
692 1147 785 1191 cruor

283 1212 430 1278 incoctus
451 1212 559 1279 herbis
581 1232 632 1278 me
655 1212 778 1288 fefellit,
800 1232 841 1276 an
863 1212 966 1279 malas

328 1296 464 1363 Canidia
485 1296 632 1363 tractavit
654 1297 777 1382 dapes?

283 1382 327 1448 Ut
346 1384 551 1463 Argonautas
573 1389 701 1468 praeter
722 1382 824 1447 omnis
847 1382 1017 1447 candidum

242 1481 271 1530 to
326 1466 441 1531 Medea
462 1469 577 1532 mirata
599 1473 649 1532 est
670 1466 794 1543 ducem,

282 1550 397 1634 Ignota
419 1553 519 1617 tauris
539 1552 748 1633 inligaturum
770 1552 849 1634 iuga

327 1636 481 1702 Perunxit
501 1637 562 1702 hoc
583 1639 748 1703 Iasonem:

282 1722 351 1787 Hoc
373 1720 525 1788 delibutis
548 1723 616 1788 ulta
639 1721 731 1787 donis
752 1721 911 1806 pellicem,

325 1805 481 1893 Serpente
504 1807 588 1889 fugit
611 1806 696 1873 alite.

241 1905 269 1955 15
283 1891 352 1957 Nec
374 1898 483 1957 tantus
506 1912 647 1974 unquam
671 1892 811 1957 siderum
833 1891 950 1956 insedit
971 1911 1072 1976 vapor

324 1976 517 2043 Siticulosae
539 1977 692 2062 Apuliae:

280 2060 348 2127 Nec
369 2082 486 2128 munus
507 2061 648 2127 humeris
670 2061 809 2128 efficacis
831 2059 976 2125 Herculis

322 2147 440 2212 Inarsit
461 2147 653 2213 aestuosius.

279 2232 322 2296 At
344 2231 471 2314 siquid
495 2252 636 2314 unquam
659 2231 723 2295 tale
745 2229 975 2316 concupiveris,
1077 2250 1082 2257 ·

236 2327 267 2378 no
323 2316 434 2383 locose
456 2318 635 2395 Maecenas,
658 2334 780 2401 precor,

278 2402 409 2468 Manum
430 2402 540 2488 puella
562 2403 651 2468 savio
675 2408 815 2486 opponat
836 2407 902 2478 tuo,

321 2487 475 2552 Extrema
496 2494 529 2552 et
549 2487 582 2551 in
605 2487 729 2572 sponda
750 2485 853 2550 cubet.

206 2835 210 2843 ⁶
317 2753 383 2818 An
420 2756 633 2821 uuonan
668 2655 881 2822 sedisfl
915 2754 1185 2820 cinnanum.

275 2871 376 2957 Lupis
399 2878 431 2938 et
452 2872 546 2955 agnis
568 2878 689 2956 quanta
711 2873 821 2938 sortito
845 2873 968 2955 obtigit,

317 2959 438 3023 Tecum
459 2958 537 3022 mihi
559 2958 718 3024 discordia
741 2965 800 3035 est,

276 3040 433 3109 Hibericis
455 3050 585 3130 peruste
608 3043 738 3109 funibus
760 3043 855 3121 latus,

316 3128 358 3193 Et
380 3149 473 3194 crura
496 3130 577 3194 dura
599 3128 761 3213 compede.

244 3212 364 3278 oLicet
386 3215 546 3301 superbus
568 3214 715 3280 ambules
737 3213 880 3299 pecunia,

315 3298 459 3364 Fortuna
480 3318 544 3363 non
566 3305 670 3363 mutat
691 3318 803 3380 genus.

187 3444 255 3480 nuos
279 3445 380 3483 menaea
404 3434 519 3483 venditio
543 3435 635 3484 tabita
663 3440 717 3498 est,
747 3434 912 3499 eracliumque
937 3435 1000 3483 auri
1022 3432 1176 3483 redactum.“
1213 3433 1312 3499 Digest.

187 3495 232 3547 lib.
250 3497 299 3549 ΙΙΙ.
318 3497 359 3549 tit.
379 3503 404 3555 5.
419 3506 479 3551 sect.
499 3504 541 3554 35.
571 3499 652 3565 „Neo
671 3505 741 3552 enim
760 3504 902 3566 evestigio
921 3504 950 3550 in
969 3499 1059 3561 officio
1079 3499 1198 3565 deliquit,
1216 3504 1242 3551 ei
1257 3517 1313 3553 nou

186 3567 311 3630 protinus
340 3583 382 3617 res
404 3584 467 3619 cuer
491 3570 620 3620 dietraeit
644 3570 683 3620 ud
710 3570 844 3635 pecuniam
868 3569 1057 3634 rediguntur
1092 3568 1158 3619 Ibid.
1177 3569 1207 3631 V,
1227 3572 1250 3630 3,
1270 3572 1311 3623 20.

188 3634 214 3698 [ξ
231 3634 257 3696 6]
281 3633 425 3699 „Redactae
449 3652 484 3687 ecc
506 3641 594 3703 pretio
618 3653 709 3687 rerum
733 3637 903 3688 venditarum
926 3637 1050 3702 pecuniae
1068 3651 1166 3687 roaros
1184 3652 1239 3688 non
1257 3654 1314 3688 esce

187 3702 359 3766 eaigeadaa“
376 3704 409 3769 X,
428 3707 451 3766 2,
470 3707 511 3758 26.
529 3705 685 3771 „Pecuniam
703 3722 737 3756 ex
754 3708 841 3771 pretio
860 3704 987 3755 redactam
1005 3708 1032 3754 ei
1047 3708 1194 3769 numerari,
1214 3708 1260 3755 cui
1277 3705 1314 3756 le·

184 3776 252 3835 gata
269 3772 333 3821 8223ζ
361 3772 394 3835 X,
413 3775 437 3835 2,
456 3774 497 3826 38.
533 3774 600 3837 „Hic
618 3788 768 3825 communes
785 3773 907 3838 pecunias
926 3789 960 3823 ea·
977 3772 1108 3823 reditibus
1124 3773 1240 3823 redactas
1257 3776 1311 3823 sin·

184 3837 258 3902 gulia
279 3841 557 3892 subministraverat.“
573 3840 630 3902 XX,
649 3844 673 3904 4,
692 3844 715 3893 2.
751 3840 895 3903 „Qamoia
919 3857 953 3891 ece
971 3844 1065 3891 ceteris
1082 3841 1217 3906 pecuniam
1234 3857 1311 3891 auam

187 3906 299 3972 redigere
329 3912 439 3973 possit.“
474 3910 599 3960 Asconius
622 3909 750 3959 Pedianus
774 3908 806 3959 ad
831 3909 901 3958 Verr.
928 3911 986 3971 [act.
1010 3909 1047 3972 II]
1074 3910 1095 3958 Ι.
1120 3926 1141 3959 c.
1166 3912 1206 3961 20.
1226 3909 1253 3974 [5
1266 3911 1311 3970 52}

185 3974 382 4040 ‚‚Quaestorem]
401 3993 460 4028 mem
477 3977 515 4041 od
531 3993 607 4043 quem
624 3977 776 4040 rediguntur
793 3977 916 4041 pecuniae
934 3992 968 4026 ecc
982 3979 1133 4042 proscripti
1149 3979 1231 4040 bonis,
1250 3976 1276 4026 et
1293 3994 1310 4026 u

185 4057 236 4105 quo
254 4047 333 4094 sociis
351 4045 591 4097 adnumerentur.“
625 4045 707 4109 Atque
725 4046 787 4095 haec
805 4046 941 4094 hactenus:
961 4060 1025 4109 quae
1043 4060 1073 4096 eo
1091 4045 1171 4095 fusius
1189 4060 1309 4094 accumu-

183 4108 299 4171 lavimus,
322 4117 352 4162 ut
374 4127 433 4162 vera
457 4113 540 4173 lectio,
567 4127 630 4177 quae
655 4113 731 4162 toties
755 4113 781 4162 vi
798 4117 824 4162 et
851 4113 947 4162 iniuria
971 4112 1001 4162 de
1024 4113 1081 4163 loco
1107 4129 1153 4163 suo
1170 4112 1244 4178 pulsa
1262 4119 1311 4172 est,

183 4176 283 4226 tandem
301 4180 439 4242 aliquando
456 4180 484 4229 in
502 4178 604 4230 sedibus
622 4180 733 4244 propriis
751 4195 839 4230 secura
856 4180 1006 4245 requiescat.
