2840 4752
203 194 269 258 462
585 210 619 270 o.
638 210 782 258 nonem
801 211 928 261 mcor

266 345 324 419 Tc,
346 342 465 429 Tiberi,
486 363 666 423 numerare,
687 344 776 411 caris
795 345 994 413 abscondere
1017 344 1159 427 tristem

265 426 417 512 Εκιὶιιιιιί,
438 448 481 495 ue
500 449 560 496 vos
580 436 694 512 ageret
712 430 846 497 vesania
865 430 1005 510 diseors;

204 527 250 577 tte
262 516 314 578 'Pu
334 514 581 592 Nomentanum,
606 522 642 580 tu
662 534 705 580 ue
725 535 896 599 sequerere
917 516 1073 582 ciorum

267 598 376 678 Quare
395 619 455 685 per
474 599 576 665 Divos
597 606 708 666 oratus
728 607 864 684 uterque
884 601 1025 680 Penatis,

265 687 318 749 ‘lu
338 703 417 750 cave
436 704 478 750 ne
498 684 637 761 minuas,
659 691 696 750 tu
714 704 756 751 ne
777 685 883 752 maius
903 687 1005 752 facias
1024 684 1070 765 id,

266 768 361 847 Quod
382 769 462 836 satis
486 789 559 836 esse
580 775 674 855 putat
694 777 787 854 pater
819 778 852 837 et
871 778 989 837 natura
1008 776 1144 837 coercet

266 856 447 931 Praeterea,
468 874 510 919 ne
530 875 589 920 voe
608 854 717 920 titillet
737 877 759 938 g
809 856 817 870 '
872 857 957 922 iure-

202 951 248 1003 tso
267 939 408 1005 Iurando
430 939 760 1022 obstringamambo:
783 946 854 1007 uter
872 940 1000 1016 aedilis,
1021 939 1158 1006 fueritve

265 1023 416 1090 Vestrum
436 1031 575 1112 praetor,
596 1024 626 1090 is
647 1024 841 1093 intestabilis
861 1032 895 1091 et
915 1046 1008 1093 sacer
1027 1032 1107 1091 esto.

264 1110 303 1175 In
324 1108 426 1175 eicere
446 1117 545 1193 atque
565 1110 643 1176 faba
663 1109 748 1175 bona
768 1116 803 1175 tu
823 1111 1006 1196 perdasque
1026 1109 1156 1196 lupinis,

264 1195 367 1260 Latus
387 1201 424 1260 ut
443 1195 478 1259 in
498 1194 581 1261 circo
603 1194 755 1282 spatiere,
777 1202 809 1261 et
829 1203 950 1262 eduens
974 1203 1012 1261 ut
1032 1202 1116 1274 stes;

265 1278 382 1345 Nudus
401 1280 501 1362 agris,
522 1279 630 1346 nudus
651 1280 801 1358 nummis,
822 1281 945 1359 insane,
966 1280 1132 1367 paternis?

565 1398 589 1433 r.
610 1383 666 1434 183.
690 1381 767 1447 Vulg.
785 1382 843 1431 Aut
858 1398 964 1434 aeneroe.

202 1499 290 1559 disses,
309 1497 375 1549 Cure
391 1497 465 1548 direti
479 1499 554 1562 mibi,
572 1498 660 1562 Sume,
680 1500 751 1562 tolle,
769 1500 853 1550 douo:
879 1501 1007 1551 Deberem
1024 1500 1081 1562 titi,
1098 1500 1185 1561 Paete,
1201 1512 1259 1562 pra
1278 1495 1330 1546 aa·

202 1569 293 1617 cenat.
319 1567 357 1616 Ae
369 1581 442 1616 aare
454 1582 515 1616 eum
525 1567 624 1617 dederis
633 1568 681 1618 dtu
689 1574 817 1627 maranes,
835 1567 891 1618 Sea
907 1572 1036 1629 sestertia,
1052 1570 1138 1630 Paete,
1155 1563 1329 1632 perdidist'n“

202 1635 298 1686 Seneca
313 1633 345 1683 de
360 1633 447 1683 Beuet
461 1634 507 1694 vl,
524 1635 548 1686 4.
567 1636 594 1700 [ξ
604 1638 631 1698 6]
656 1635 706 1700 „Si
723 1651 783 1685 carr
800 1636 884 1698 daret,
901 1639 1057 1703 suspiravit,
1074 1636 1177 1685 maltam
1194 1632 1327 1694 redwit

201 1702 306 1769 perdere
321 1718 351 1751 ee
367 1702 512 1765 cre[de]dit,
529 1719 585 1753 non
602 1703 724 1755 donare.“
748 1704 807 1767 VII,
825 1706 867 1756 32.
893 1703 973 1767 „Non
991 1706 1140 1768 estmagni
1157 1703 1246 1752 animi
1264 1700 1327 1749 dare

201 1776 228 1821 et
243 1770 364 1837 perdere:
382 1770 433 1821 boc
449 1775 489 1820 eet
503 1774 599 1835 magni
614 1775 700 1821 anime·
716 1771 820 1837 perdere
837 1778 863 1821 et
880 1772 966 1822 dare“
1001 1773 1039 1822 De
1056 1771 1119 1822 Vita
1135 1773 1215 1819 Beata
1223 1766 1327 1818 XXIV.

203 1839 233 1905 [ξ
250 1840 276 1901 2]
310 1837 402 1901 ,,θτιὶιί
419 1843 456 1901 ta,
473 1841 571 1903 inques,
588 1845 745 1905 recepturus
762 1840 862 1890 doum?
883 1843 972 1903 imma,
989 1856 1045 1890 ron
1061 1839 1237 1904 perditurus.“
1274 1835 1326 1885 Ta·

201 1908 268 1958 citus
284 1907 384 1967 Histl,
405 1908 446 1957 30.
470 1905 641 1969 ,stellantem
659 1911 755 1972 puellm
772 1907 886 1958 luxuria
901 1912 989 1973 specie
1003 1908 1173 1958 eleatem
1190 1906 1326 1971 imponit:

219 1974 305 2025 erdere
323 1977 373 2023 iste
388 1977 462 2037 sciet,
479 1990 534 2024 aare
551 1974 702 2039 donare*).“
733 1977 851 2026 Ceterum
865 1975 978 2041 perdere
995 1976 1064 2026 tales
1080 1991 1133 2025 non
1150 1973 1234 2024 solum
1250 1975 1327 2022 extra

199 1992 298 2102 fusum,
323 2043 367 2091 sed
390 2040 418 2091 in
435 2042 494 2107 ipso
511 2043 588 2092 etiam
605 2043 664 2093 lusu
680 2045 768 2109 potnit
784 2044 880 2102 Aulus3
905 2060 963 2094 cum
979 2044 1058 2094 frater
1075 2043 1174 2093 scilicet
1192 2039 1323 2098 Tiberius,

199 2111 261 2161 ludo
278 2110 399 2174 lucroque
416 2110 553 2172 attentior,
580 2127 666 2161 omnes
683 2112 755 2162 illius
772 2112 837 2161 talos
854 2112 936 2161 victor
952 2112 1069 2162 auferret
1103 2109 1323 2175 Elegantissime

199 2179 271 2229 locus
288 2183 327 2227 est
344 2177 412 2242 apud
421 2178 585 2243 Apolloniam
602 2180 738 2243 Rhodium,
755 2178 801 2228 ubi
818 2178 970 2244 Cupidinem
988 2185 1014 2231 et
1030 2178 1202 2244 Ganymedem
1219 2174 1325 2228 inducit

200 2247 260 2298 talis
282 2246 366 2296 eureis
389 2245 521 2307 ludentes3
547 2263 654 2312 quorum
676 2247 721 2298 ille
744 2252 844 2297 astatus
867 2253 894 2298 et
916 2263 1024 2312 nequam
1047 2246 1161 2312 simplici
1178 2241 1323 2311 Ganymedi

199 2330 303 2366 menam
319 2313 420 2375 adierit,
438 2318 464 2363 et
480 2331 509 2363 oc
526 2313 677 2375 subleverit3
702 2316 745 2366 bic
762 2331 848 2366 omnes
865 2315 946 2377 talos,
963 2315 1061 2366 duobus
1078 2315 1200 2379 exceptis,
1217 2328 1279 2364 mox
1297 2314 1324 2360 et

199 2383 263 2434 istos
280 2397 381 2446 qaoque
398 2397 511 2432 moerens
519 2383 676 2447 perdiderit.
701 2383 781 2448 Digni
798 2399 858 2434 sane
876 2388 936 2433 sunt
952 2400 1047 2445 versus,
1065 2384 1110 2448 qui
1127 2389 1154 2433 et
1170 2381 1216 2431 hie
1232 2381 1323 2445 legan-

200 2456 256 2510 tur;
278 2450 325 2501 lib.
341 2449 387 2499 111.
405 2467 429 2499 v.
449 2452 505 2501 117.
540 2445 610 2518 ἀμφ’
637 2445 836 2520 desperatam
859 2448 890 2502 δὲ
907 2447 978 2518 τώγε
994 2448 1141 2521 Χρυσείυις
1158 2445 1208 2500 ἅτε
1224 2450 1322 2512 euripos

201 2514 317 2586 ὁμήθεες
340 2513 491 2581 ἑψιόωντο·
520 2516 576 2568 Καὶ
599 2515 623 2585 ῥ’
649 2514 663 2568 ὃ
686 2517 739 2588 μὲν
763 2515 813 2580 ἤδη
837 2516 954 2586 πάμπαν
976 2515 1099 2569 ἔνι’πλευν
1123 2504 1146 2582 ᾦ
1168 2512 1222 2567 ὑπὸ
1240 2513 1320 2585 μαζῷ

199 2583 317 2653 Μᾶργυς
333 2588 415 2669 Εξως
431 2585 509 2646 λαιῆς
524 2581 673 2654 ὕποίσχανε
692 2584 787 2655 χειρὸς
803 2581 916 2669 dycaeo}
937 2583 1059 2654 Ορθὸςέ
1099 2581 1203 2647 carde·
1227 2584 1324 2651 γλυκε-

200 2652 251 2745 pbr
268 2651 299 2704 δὲ
317 2648 345 2702 οἱ
360 2650 437 2721 αμφὶ
453 2652 568 2720 παρειὰς
583 2656 676 2724 Χροιῇ
694 2651 793 2706 θάλλεν
815 2657 937 2721 eptadus.
967 2651 981 2705 ὁ
1006 2650 1034 2705 d'
1073 2649 1180 2721 γγύθεν
1201 2646 1322 2703 ὀκλαδὸν

200 2749 268 2796 raro
285 2734 359 2799 Σῖγα
376 2728 551 2799 κατηφιόων,
570 2729 636 2783 desei
655 2728 684 2782 δ’
704 2730 778 2800 ἔχεν,
803 2726 884 2782 ἄλλον
900 2726 940 2784 ἔθ’
961 2727 1051 2791 αὕτως,
1065 2730 1142 2799 Alter
1160 2725 1320 2798 ἐπιπροϊεὶς,

198 2795 613 2930 ἒῆῗὲἑὲἕὲιῗζέἴέέέῒῖι
626 2798 901 2937 ᾗὲὲιῖῗιζιξὶἷῖιῖε
917 2795 1321 2933 ’ἑιὶἷῗῖῗὲιῖἶξῖἒζέξὲἔὲἷῖἔ

200 2942 238 2988 est
252 2937 380 3003 perder03
406 2952 450 2986 sen
467 2936 497 2986 in
513 2936 571 2986 lusu
588 2935 616 2987 id
633 2937 728 2987 iactam
746 2953 799 2987 esso
815 2937 903 2999 malis,
926 2953 972 2987 seu
989 2943 1059 2987 extra
1076 2937 1173 2986 laeum:
1200 2940 1270 2986 certe
1287 2931 1320 2982 de

198 3005 304 3057 Horatii
321 3005 390 3055 corio
407 3010 434 3054 et
450 3004 518 3054 fama
533 3004 663 3069 ludebant,
681 3006 726 3070 qui
743 3005 820 3070 primi
838 3006 880 3055 bic
898 3004 1087 3055 substituebant
1104 3003 1202 3055 ludere·

268 3075 325 3125 174.
361 3073 462 3136 rigeret
483 3076 592 3123 omnnia
617 3073 727 3136 discors]
762 3074 820 3123 Nic.
845 3072 967 3123 Heinsius
990 3074 1019 3123 in
1044 3071 1105 3123 libri
1130 3072 1169 3120 sui
1196 3071 1318 3136 margine,

198 3140 294 3204 Ferte,
317 3141 414 3205 inquit,
442 3139 596 3203 legendum,
620 3140 739 3191 Verania
758 3141 899 3191 discors.
934 3141 971 3191 De
995 3156 1045 3207 quo
1067 3138 1192 3190 vocabulo
1215 3136 1321 3190 consule

198 3210 298 3273 ipsum,
321 3208 344 3258 si
362 3212 449 3267 vacat,
474 3207 504 3256 ad
522 3207 665 3272 Epistulam
684 3209 775 3259 Sebini
791 3209 912 3274 primam,
937 3226 999 3258 vers.
1019 3211 1060 3261 35.
1078 3212 1105 3258 et
1120 3223 1167 3257 nos
1185 3206 1219 3256 sd
1238 3206 1317 3257 (larm-

198 3277 254 3338 111,
272 3277 313 3327 29.
332 3292 355 3326 ι.
374 3276 415 3326 28.
451 3274 567 3324 Ceterum
589 3276 632 3326 bie
655 3276 743 3342 potius
767 3277 864 3327 retineo
881 3277 1009 3341 vulgatam
1027 3276 1174 3327 lectionem:
1201 3273 1318 3326 Avaritia

199 3345 295 3408 quippe
313 3347 338 3392 et
355 3341 470 3392 Luxuria
487 3342 613 3393 dissident
629 3344 697 3394 inter
714 3360 741 3395 se
758 3349 784 3395 et
801 3345 953 3395 discordant.

270 3412 327 3463 183.
362 3409 449 3460 Latus
465 3415 496 3460 ut
512 3413 541 3460 in
560 3413 631 3461 circo
648 3415 772 3478 spatiere,
791 3419 841 3463 aut
856 3429 954 3463 aeneus
970 3416 1002 3461 ut
1017 3414 1078 3474 stes]
1113 3410 1252 3461 Editiones
1268 3410 1315 3461 Ve-

199 3482 274 3530 ustae
291 3483 316 3529 et
333 3477 518 3539 Loseberiana‚
546 3483 571 3528 et
588 3479 653 3529 aliae
671 3480 746 3531 credo
762 3497 849 3531 omnes
866 3485 925 3530 ante
942 3478 1096 3530 Lambinum
1113 3478 1208 3530 laena.
1244 3475 1315 3535 Quod

198 3552 224 3600 et
246 3547 351 3613 scriptis
373 3546 506 3596 codicibus
529 3551 669 3612 repugnat,
695 3553 723 3597 et
738 3549 871 3599 manifeste
889 3549 1008 3599 vitiosum
1026 3552 1072 3597 est
1106 3546 1235 3596 Heinsius
1249 3547 1317 3596 fliius

198 3633 228 3667 ex
246 3617 405 3678 coniectura,
424 3613 518 3679 Forte,
536 3615 634 3680 iuquit,
660 3616 790 3678 leretur,
816 3617 885 3681 quod
908 3616 1014 3666 etmihi
1031 3616 1060 3665 ia
1077 3619 1187 3665 mentem
1205 3618 1315 3665 venerat.

198 3685 265 3735 Seue
283 3684 369 3734 lentas
386 3687 412 3733 et
429 3685 546 3748 spatiari
562 3684 693 3749 aptissime
710 3684 868 3749 iunguntur,
884 3689 915 3734 at
932 3684 1000 3750 apud
1017 3683 1136 3733 Ovidium
1154 3684 1210 3732 Art.
1228 3683 1257 3748 1,
1275 3683 1316 3736 bi.

197 3751 259 3817 „Ta
275 3751 353 3802 modo
370 3752 495 3816 Pompeia
513 3751 596 3802 lentus
614 3752 725 3817 spatiare
742 3754 790 3802 sab
807 3754 929 3804 umbra.“
962 3751 1064 3801 Metam.
1082 3750 1124 3814 11,
1141 3751 1201 3802 572.
1237 3763 1315 3815 ‚aar

198 3820 261 3870 dam
277 3836 327 3885 per
345 3820 428 3871 litora
445 3818 523 3869 lentis
540 3819 664 3870 Partibus
669 3857 677 3884 ‚
701 3825 733 3870 sel
749 3820 834 3884 soleo,
857 3835 960 3870 namma
977 3820 1103 3886 spatiarer
1119 3820 1231 3868 arena.“
1268 3815 1314 3868 Sed

197 3887 263 3938 illud
279 3888 341 3938 huic
358 3886 530 3938 emendationi
547 3888 705 3938 incommode
723 3888 831 3950 accidit,
858 3888 925 3952 quod
937 3903 999 3937 non
1017 3887 1119 3938 Aedilis
1136 3890 1163 3936 et
1179 3886 1314 3937 Prpetort'r

197 3954 334 4016 duntaxat,
358 3955 402 4005 sed
425 3955 538 4005 cuiusvis
559 3955 670 4006 hominis
687 3956 764 4006 otiosi
781 3960 850 4020 erat,
875 3956 944 4006 lente
960 3958 989 4005 ia
1008 3958 1079 4006 circo
1096 3957 1228 4020 spatiari:
1255 3951 1314 4021 qnid

197 4024 265 4074 euim
282 4023 382 4073 vetuit?
398 4024 499 4086 Noster,
517 4038 574 4072 eum
592 4039 607 4073 a
623 4024 735 4089 negotiis
752 4024 989 4075 vacnusFallacem
1007 4022 1108 4073 Circum
1125 4023 1313 4087 vespertinum·

198 4106 249 4155 que
264 4091 425 4157 pererrabat
440 4090 527 4154 Saepe
543 4089 642 4153 foram,
659 4091 735 4154 lente,
753 4093 852 4158 opinor,
871 4097 897 4144 et
913 4090 984 4142 tardo
1002 4090 1082 4156 gradu
1098 4088 1248 4154 incedebat,
1264 4104 1315 4141 non

248 4170 272 4221 ⁴⁹)
287 4170 357 4223 [sciet
370 4171 450 4213 donare
462 4172 548 4215 nesciet
561 4173 634 4225 cedes]

1396 3656 1398 3749 l
