2840 4752
188 217 251 280 466
576 233 607 291 o.
629 232 770 279 nonaru
790 232 914 279 resecr

252 363 339 429 Mille
360 363 466 430 ovium
488 365 621 430 insanus
643 364 737 430 morti
759 364 856 441 dedit,
878 364 1033 430 inclutum
1055 365 1171 432 Ulixen

252 446 294 514 Et
314 449 495 516 Menelaum
516 470 581 514 una
602 463 726 515 mecum
749 470 784 516 se
805 450 954 516 occidere.
970 451 1120 516 clamans.

252 536 302 599 Tu
325 554 396 599 cum
418 554 477 620 pro
499 535 600 600 vitula
622 535 737 600 statuis
760 534 884 600 dulcem
900 535 1017 600 Aulide
1038 542 1145 599 natam

187 631 234 683 200
253 618 337 684 Ante
358 634 442 697 aras,
465 620 656 704 spargisque
677 621 764 685 mola
785 627 891 705 caput,
914 620 1057 706 inprobe,
1081 621 1184 699 salsa3

251 707 384 770 Rectum
405 704 502 770 animi
526 708 658 771 servasi
680 725 833 788 quorsum
854 705 997 783 insanus,
1020 704 1097 787 quid
1118 706 1206 770 enim
1235 706 1342 770 Aiax

251 789 364 856 Fecit?
386 810 458 855 cum
481 789 594 856 stravit
614 790 699 855 ferro
719 810 819 876 pecus
826 811 835 869 ;
857 790 1011 855 abstinuit
1032 790 1095 855 vim

252 877 358 941 Uxore
380 880 412 941 et
433 880 540 957 gnato,
564 875 650 940 mala
670 876 773 940 multa
794 881 943 960 precatus
965 874 1100 940 Atridis:

250 961 324 1025 Non
346 959 399 1025 ille
421 965 477 1024 aut
498 961 667 1038 Teucrum,
690 966 747 1026 aut
768 960 874 1043 ipsum
896 960 1027 1026 violavit
1047 959 1173 1027 Ulixen.

188 1055 234 1105 205
255 1045 373 1111 Verum
396 1063 466 1127 ego,
491 1051 526 1108 ut
547 1044 708 1112 haerentis
730 1044 865 1111 adverso
887 1046 979 1111 litore
1000 1045 1091 1111 navis

251 1129 425 1215 Eriperem,
447 1129 589 1215 prudens
612 1130 736 1215 placavi
757 1130 914 1212 sanguine
936 1129 1046 1195 Divos.

254 1215 378 1299 Nempe
400 1221 465 1294 tuo,
488 1214 616 1281 furiose.
659 1217 741 1293 Meo,
764 1216 821 1281 sed
843 1235 907 1282 non
928 1215 1078 1279 furiosus.

252 1299 315 1378 Qui
337 1299 460 1384 species
483 1300 574 1379 alias,
596 1300 663 1367 veri
686 1301 878 1383 scelerisque
900 1301 1037 1364 tumultu

251 1383 440 1462 Permixtas,
464 1384 578 1469 capiet,
601 1391 766 1451 conmotus
788 1385 971 1450 habebitur:
994 1391 1091 1466 atque

188 1483 234 1533 210
256 1468 438 1534 stultitiane
461 1476 553 1547 erret,
576 1471 709 1535 nibilum
732 1470 873 1549 distabit,
895 1489 938 1534 an
958 1469 1016 1534 ira.

186 1673 202 1707 o
222 1661 246 1706 te
263 1658 390 1720 ineptum,
409 1657 434 1704 ci
449 1660 529 1719 putas
546 1657 623 1718 [mco]
642 1658 774 1716 66666666,
793 1671 876 1721 supra
890 1662 989 1706 terrum
1002 1671 1037 1705 66
1049 1655 1123 1715 infra
1135 1656 1332 1716 putrescam.“

188 1723 365 1781 Quintilianus
382 1722 494 1774 Declam.
512 1723 556 1773 VI.
582 1725 612 1786 [c.
632 1726 657 1785 3]
683 1723 712 1772 de
735 1724 850 1789 proiecto
874 1724 1006 1774 cadavere:
1037 1721 1181 1784 „Putrescit
1199 1723 1327 1770 interim

187 1807 292 1857 corpur,
311 1806 359 1841 666
378 1795 461 1840 totum
480 1793 509 1840 in
526 1794 596 1840 sr'cco
615 1793 709 1840 toccu*

252 1860 311 1911 208.
348 1857 400 1921 Oui
422 1861 522 1924 species
548 1858 615 1907 olias
640 1862 697 1907 6661
719 1858 876 1924 scelerisque
901 1859 1016 1908 lurnultu
1033 1858 1185 1907 Permiarlcr
1209 1859 1325 1921 cupiet}

185 1929 269 1978 Iocus
286 1925 408 1988 lubricus,
426 1942 500 1991 quem
517 1926 603 1976 nullus
612 1928 782 1990 Interpretnm
791 1943 841 1976 non
852 1928 946 1991 attigit,
964 1927 1049 1976 nullus
1067 1925 1172 1975 dubium
1182 1925 1266 1973 adhuc
1288 1931 1323 1974 et

183 1997 309 2047 incertum
326 2011 377 2045 non
394 1994 506 2059 reliquit.
539 1995 601 2044 Veri
609 1994 710 2059 quidem
727 2002 753 2044 ct
770 1995 870 2045 codices
888 2001 914 2044 et
923 1999 1018 2045 veteres
1028 1994 1153 2043 editiones
1172 1994 1320 2052 exhibent;

185 2065 237 2115 nisi
255 2063 323 2127 quod
340 2079 406 2112 nnus
424 2061 585 2126 Gruquianus
602 2064 707 2124 aprima
723 2079 799 2112 manu
817 2063 993 2123 verishahuit,
1011 2061 1074 2112 alter
1090 2060 1316 2111 asecundacero,

185 2134 252 2182 Sane
260 2131 407 2192 Lambinus,
426 2132 538 2180 nondum
547 2130 601 2179 visa
610 2129 749 2194 Cruquiani
758 2131 853 2181 codicis
861 2131 979 2192 lectione,
997 2146 1027 2180 ex
1037 2131 1186 2180 coniectura
1194 2130 1323 2193 reposuit

185 2202 355 2262 alterceris,
373 2199 400 2248 id
418 2203 464 2262 est,
482 2196 584 2248 alienos
602 2202 627 2248 et
645 2199 755 2248 diversas
773 2215 788 2248 a
807 2202 883 2262 ocris,
901 2199 954 2250 sive
970 2198 1059 2249 salsas:
1078 2203 1107 2247 nt
1124 2198 1220 2248 Noster
1237 2195 1321 2258 alibi,

185 2270 279 2334 [Epist.
290 2268 324 2329 II,
337 2268 429 2329 1,2lo]
448 2266 535 2328 „aliua
545 2266 688 2331 Lysippffl,
708 2267 800 2333 [Epist.
811 2268 832 2329 Ι,
845 2270 883 2328 16,
894 2269 936 2331 20]
955 2304 970 2329 ,,
989 2266 1072 2316 alium
1088 2268 1210 2330 sapiente
1230 2267 1316 2314 6666-

202 2339 265 2386 ue“:
285 2345 309 2387 et
327 2335 456 2385 Phaedrus
465 2334 514 2395 111,
527 2336 548 2385 l.
568 2334 640 2399 [prol.
651 2337 693 2397 41]
712 2330 808 2397 „Quod
823 2338 848 2384 ri
865 2340 1005 2385 accusator·
1022 2334 1086 2383 alius
1099 2334 1194 2383 Seiano
1211 2334 1315 2394 forel.“

185 2353 354 2454 dunstanum
364 2403 501 2467 insurgunt
508 2401 637 2468 Xylandcr
646 2402 850 2467 Torrentiusqne,
869 2404 912 2467 qui
922 2403 991 2454 alias
999 2404 1055 2451 verr¹
1063 2418 1138 2451 sensu
1148 2418 1200 2451 non
1210 2401 1314 2465 dispari

184 2488 231 2538 pro
251 2472 321 2521 ulios
339 2488 355 2520 a
374 2474 521 2521 ucro'stare
530 2486 603 2535 posse
614 2470 774 2531 existimant3
795 2476 824 2520 66
832 2471 936 2520 alienus
945 2477 996 2520 tarn
1014 2486 1071 2518 cum
1088 2470 1212 2533 genitivo,
1233 2485 1312 2533 qnam

184 2540 297 2589 ablativo
314 2538 414 2589 sociant
431 2538 529 2600 Latini,
548 2538 665 2588 alienum
674 2542 819 2600 maiestate,
839 2538 939 2601 officio,
958 2540 1168 2598 existimauerim
1188 2538 1313 2586 alr'ennm

183 2609 285 2668 salutis,
305 2609 471 2669 assensionis,
482 2612 598 2656 naturae
606 2607 737 2657 Deorum:
756 2607 846 2657 Graeci
860 2603 1017 2656 6666611616
1037 2601 1196 2671 ἐπιστήμης,
1215 2600 1312 2672 ἕτερος

186 2677 233 2725 τοῦ
250 2671 362 2729 κόλακος
379 2680 404 2723 66
424 2674 475 2723 6116
492 2674 519 2724 id
536 2690 616 2738 genus
633 2677 728 2740 passim
748 2679 877 2739 usurpant,
897 2675 954 2741 ipso
963 2674 1088 2724 Lambino
1097 2673 1174 2739 plura
1192 2673 1316 2737 exempla

183 2746 342 2808 suggerente.
375 2741 500 2805 Equidem
521 2757 551 2792 ex
568 2742 608 2791 his
627 2742 724 2792 duobus
741 2743 813 2808 prius
830 2743 894 2794 illud
912 2743 1031 2792 Lambini
1048 2741 1228 2807 praetulerimz
1247 2757 1313 2789 con-

184 2811 286 2862 cinnius
304 2811 371 2859 enim
391 2815 436 2870 est,
455 2810 540 2874 siquid
559 2809 652 2872 rudrco,
672 2812 740 2861 aliur
757 2813 857 2875 specics
875 2827 891 2861 a
909 2813 985 2872 ueris,
1005 2809 1059 2859 6611.
1071 2809 1212 2874 speciebus,
1231 2824 1310 2873 quarn

184 2879 256 2929 aliur
274 2893 291 2928 a
309 2893 380 2941 uer-o,
398 2875 443 2927 ubi
462 2878 489 2927 in
508 2878 633 2927 diversum
652 2895 732 2942 genus
751 2879 882 2931 transitur.
918 2879 961 2928 Sic
979 2876 1081 2927 Curtius
1099 2877 1144 2939 IV,
1163 2879 1206 2929 59.
1226 2880 1257 2940 [c.
1278 2879 1312 2928 15

184 2948 262 3013 §261
297 2946 377 3010 „Siue
395 2946 540 2996 ludibrium
559 2946 707 3010 oculorum,
724 2950 778 2996 sive
795 2963 854 2996 vera
871 2947 968 3010 species
985 2946 1064 3007 suit.“
1091 2945 1141 2995 Sed
1158 2946 1187 2994 in
1205 2950 1307 3007 neutra,

183 3016 283 3081 opinor,
303 3014 412 3065 lectione
430 3014 493 3079 pede
511 3019 580 3064 recto
597 3014 713 3079 procedit
731 3015 826 3074 orati03
846 3015 898 3063 sive
916 3014 1016 3079 legeris,
1034 3011 1106 3075 „Orci
1122 3015 1224 3078 specics
1242 3013 1311 3062 alias

183 3083 257 3145 reris,
275 3083 434 3147 scelerisque
452 3083 567 3133 tumultu
579 3082 729 3132 Permiatus
748 3085 867 3148 capiet“;
885 3082 937 3132 sive
956 3082 1107 3145 6116666νί,
1125 3081 1193 3145 quod
1211 3081 1239 3129 in
1259 3082 1308 3130 hac

184 3150 374 3202 constructione
399 3150 503 3200 eandem
528 3150 679 3201 sententiam
704 3151 779 3216 parit.
815 3150 883 3205 Quid
909 3151 975 3199 enirn
999 3149 1118 3209 11161166,
1145 3149 1310 3213 scelerisque

172 3219 299 3268 tumultu
316 3218 485 3283 permistus?
503 3217 561 3267 Non
579 3234 703 3282 cognosco
721 3219 793 3268 illum
802 3219 907 3268 sceleris
917 3217 1067 3267 tumultum.
1096 3215 1170 3267 Certe
1180 3217 1308 3266 tumultus

184 3290 234 3348 est,
259 3285 304 3335 ubi
322 3301 361 3335 res
379 3285 491 3334 diversae
510 3291 535 3334 et
553 3287 694 3336 contrariae
710 3287 850 3337 miscentur
871 3285 940 3336 inter
957 3301 982 3335 66
1001 3289 1026 3334 66
1043 3285 1249 3343 confunduntnr3
1278 3290 1311 3334 ut

183 3354 276 3403 Noster
293 3354 415 3413 Serm.ll‚
435 3354 458 3403 2.
477 3369 500 3402 v.
521 3356 561 3403 75.
580 3360 628 3417 „at
643 3355 724 3403 simul
741 3356 804 3404 assis
822 3353 962 3403 Miscuerit
979 3352 1055 3415 elixa,
1072 3352 1153 3402 simul
1170 3351 1308 3418 conchylia

183 3421 280 3481 turdis,
306 3420 404 3470 Dulcia
427 3437 455 3469 rc
478 3423 507 3470 iu
532 3420 609 3471 bilem
627 3428 746 3486 uertunt,
773 3423 960 3486 stomachoque
978 3421 1112 3470 tumultum
1132 3419 1219 3470 Lenta
1236 3422 1308 3481 feret

181 3491 309 3557 pituitu.“
343 3487 426 3543 Quare
444 3487 509 3550 vide,
528 3504 613 3538 annon
630 3491 667 3539 sic
686 3491 771 3554 potius
790 3489 971 3555 distinguenda
988 3490 1041 3541 6166
1057 3490 1140 3548 rerba,
1159 3488 1233 3551 „Qut
1248 3504 1305 3552 spc-

183 3562 236 3609 6166
254 3557 337 3620 olias,
364 3559 421 3606 ocri
436 3556 595 3622 scelcrdrquc
613 3558 729 3607 tumultu
747 3559 912 3621 Pcrmr'artns,
939 3558 1052 3622 cupiet.“
1088 3556 1157 3612 Quae
1176 3557 1307 3605 enarratio

154 3638 160 3649 ·
182 3632 207 3676 66
225 3626 285 3675 olim
304 3623 460 3676 scholiastae
478 3625 579 3689 Acroni,
599 3630 624 3675 et
642 3626 763 3690 nuperius
772 3625 902 3692 Xylaudro
912 3625 1093 3689 Torrentioque
1111 3624 1219 3689 placuit.
1250 3625 1306 3673 latu

183 3695 249 3745 enim
268 3698 335 3744 recte
354 3693 495 3743 tamaricum
514 3694 623 3755 dixeris,
650 3691 694 3744 ubi
718 3709 803 3743 verum
828 3699 853 3743 et
876 3693 957 3743 scelus
975 3693 1165 3757 permiscentur.
1203 3690 1303 3741 Verum

182 3768 266 3812 autern
283 3763 325 3812 hic
343 3762 392 3812 erit
410 3767 520 3823 rectum,
540 3776 661 3826 6666666,
680 3763 784 3825 bouum,
801 3768 831 3811 ut
849 3762 949 3826 saepius
967 3761 1035 3825 apud
1048 3762 1169 3810 Nostrum
1188 3759 1304 3822 aliosque

182 3835 326 3895 usurpatur.
362 3829 435 3885 Quod
453 3828 525 3880 divos
543 3829 683 3894 placaverit
695 3832 874 3894 Agamemnon,
892 3835 922 3879 ut
939 3829 1062 3895 propitiis
1080 3828 1116 3878 eis
1135 3827 1242 3877 classem
1260 3828 1302 3876 de-

182 3898 299 3958 duceret,
317 3899 365 3948 hoc
383 3912 475 3948 666666
493 3902 519 3948 66
536 3903 632 3949 rectum
651 3903 718 3959 erat;
744 3897 811 3962 quod
829 3913 858 3948 ea
876 3898 906 3947 de
924 3913 1012 3947 caussa
1030 3897 1107 3946 tiliam
1125 3895 1303 3956 immolaverit,

183 3966 247 4016 iilud
264 3966 357 4017 scelus.
393 3966 482 4029 Itaque
500 3966 582 4015 scelus
600 3971 625 4016 et
642 3982 728 4015 verum
753 3965 861 4015 tumultu
888 3966 1024 4029 permixta3
1050 3969 1080 4014 ut
1097 3964 1190 4027 Virgil.
1209 3965 1299 4026 Georg.

181 4035 209 4093 I,
233 4036 291 4085 505.
326 4032 449 4098 „Quippe
474 4034 521 4082 661
542 4034 588 4094 sas
612 4049 716 4084 uersum
739 4039 818 4099 atque
841 4035 946 4094 octbr.“
988 4032 1101 4082 Catullus
1126 4031 1299 4097 Epithalamio

181 4101 251 4150 Pelei
275 4117 354 4166 prope
378 4100 452 4150 tinem
478 4102 520 4162 [64
538 4117 560 4149 v.
580 4104 655 4164 4061,
681 4101 794 4165 „Omnia
818 4102 904 4163 fundu
927 4100 1045 4161 nefanda
1069 4100 1139 4149 molo
1163 4103 1298 4164 permista

180 4166 300 4226 ferroref‘
332 4168 409 4217 Alius
426 4171 510 4217 autem
527 4172 626 4232 specics·
644 4167 766 4232 absolute,
785 4185 831 4235 pro
849 4169 939 4219 alicnis
958 4186 972 4218 a
989 4170 1102 4229 veritate,
1121 4167 1179 4217 aliis
1197 4183 1226 4216 66
1245 4168 1301 4230 ipso
