2840 4762
250 208 291 269 lc
644 219 675 278 q·
698 217 840 266 nonaum
861 218 985 267 suasor

334 355 449 418 Fertur
469 352 679 419 Prometheus
700 353 821 420 addere
843 352 978 440 principi
1057 402 1061 409 .

334 439 426 504 Limo
448 444 577 505 coactus
597 438 788 524 particulam
811 439 952 521 undique

294 536 322 585 15
378 525 560 600 Desectam,
583 530 616 590 et
636 523 742 588 insani
762 524 867 590 leonis
1085 582 1089 588 .

418 609 490 673 Vim
513 609 677 675 stomacho
699 610 891 694 adposuisse
912 614 1032 677 nosmo.

333 695 405 758 Irae
427 693 589 779 Thyesten
612 695 708 759 exitio
730 695 838 775 gravi'

334 779 497 858 Stravere3
525 787 557 846 et
577 779 653 845 altis
675 779 808 845 urbibus
831 779 962 844 ultimae

376 863 500 929 Stetere
522 885 650 940 causae,
673 885 731 930 cur
755 864 897 949 perirent

292 960 323 1012 20
421 949 590 1026 Funditus,
614 950 863 1035 inprimeretque
884 947 985 1014 muris

333 1034 457 1099 Hostile
479 1042 619 1099 aratrum
642 1035 800 1100 exercitus
821 1034 971 1100 insolens.

334 1119 498 1204 Conpesce
519 1127 667 1197 mentem.
690 1139 741 1184 me
762 1139 890 1202 quoque
911 1118 1049 1205 pectoris

376 1204 526 1270 Tentavit
547 1206 580 1268 in
603 1204 688 1269 dulci
709 1205 840 1271 iuventa

416 1290 546 1366 Ferme,
569 1295 601 1355 et
621 1290 654 1353 in
676 1290 789 1354 celeris
810 1289 934 1354 iambos

291 1385 321 1436 25
335 1374 423 1438 Misit
443 1375 615 1441 furentem:
641 1395 726 1439 nunc
748 1394 808 1455 ego
830 1373 961 1440 mitibus

331 1460 456 1524 Mutare
478 1479 597 1542 quaero
619 1460 740 1537 tristia3
764 1460 840 1524 dum
861 1458 941 1524 mihi

373 1545 450 1609 Fias
472 1545 644 1610 recantatis
667 1545 771 1609 amica

418 1627 616 1715 Opprobriis,
640 1630 846 1712 animumque
868 1627 995 1694 reddas.

758 1800 862 1864 XVII.
930 1800 932 1805 ’

587 1917 655 1982 AD
678 1916 1025 1982 TYNDARIDEM.

330 2052 432 2115 Velox
453 2071 623 2117 amoenum
645 2072 743 2138 saepe
763 2049 955 2118 Lucretilem

330 2139 433 2202 Mutat
453 2138 581 2221 Lycaeo
603 2139 745 2213 Faunus,
768 2143 800 2202 et
820 2138 949 2218 igneam

372 2221 525 2288 Defendit
546 2230 702 2288 aestatem
725 2222 858 2307 capellis

415 2309 526 2391 Usque
548 2308 638 2385 meis,
661 2308 854 2394 pluviosque
875 2310 997 2373 ventos.

302 2397 452 2479 elnpune
476 2398 577 2457 totum
599 2414 657 2478 per
677 2413 792 2459 nemus
815 2392 946 2458 arbutos

650 2527 674 2562 r.
692 2513 715 2563 5.
733 2511 810 2576 Vulg.
832 2509 935 2562 Teium.

316 2662 354 2712 13.
380 2660 487 2710 Addere
503 2663 624 2727 principi
639 2660 716 2712 Lince
735 2666 852 2726 coactus]
876 2661 990 2712 Offendit
1006 2660 1101 2711 Iulium
1120 2657 1280 2723 Scaligernm
1305 2658 1367 2711 illud

245 2732 368 2778 coccam:
385 2732 594 2794 „nequeenim,“
611 2730 656 2791 ait,
673 2731 862 2793 ,‚Prometbecoe
880 2736 989 2781 coactus
1006 2730 1070 2793 sccii,
1087 2732 1136 2778 aut
1152 2731 1262 2776 coactus
1279 2728 1367 2788 feeid“

244 2796 300 2846 Hoc
319 2795 387 2845 unde
405 2798 560 2862 compertum
579 2798 708 2863 Scaligcro
735 2814 788 2849 esse
804 2798 933 2864 potnerit,
952 2796 1070 2862 equidem
1087 2794 1186 2846 neseio:
1205 2810 1265 2844 cnm
1283 2794 1367 2845 nullus

243 2864 337 2929 opinor
354 2880 423 2915 nunc
447 2870 516 2915 extet
540 2872 642 2931 praeter
657 2872 781 2928 nostrum,
799 2866 844 2931 qni
862 2867 927 2916 banc
945 2864 1056 2916 fabulam
1075 2867 1172 2927 tangat
1208 2862 1366 2928 Quamquam

243 2931 373 2983 fatendum
390 2949 450 2984 sane
468 2939 513 2995 est,
531 2951 583 2985 uon
600 2933 673 2987 valde
688 2934 838 2984 verisimile
855 2950 917 2996 esse,
936 2932 1060 2984 eiusmodi
1078 2931 1189 2982 fabulam
1206 2946 1223 2980 a
1241 2947 1367 2995 quoquam

243 3001 419 3065 excogitatam,
438 3017 488 3067 qua
505 3004 669 3053 Prometheus
687 3008 791 3053 coactus
810 3003 858 3052 boc
876 3002 971 3052 iecerit.
1006 3003 1065 3066 Ipse
1090 2998 1158 3049 euim
1183 2999 1304 3049 consulto
1327 3000 1367 3049 ho

242 3069 336 3120 minem
363 3070 484 3121 ionnasse
508 3070 617 3132 dieitur,
644 3087 696 3121 non
720 3070 824 3120 alterius
850 3070 922 3120 iussu
946 3075 971 3120 et
987 3068 1103 3134 imperio.
1138 3066 1227 3133 Siquis
1253 3066 1367 3132 igitnra

242 3137 366 3201 Scaligeri
389 3138 506 3203 partibus
529 3139 642 3199 steterit,
670 3137 741 3188 facili
758 3138 899 3188 mutatione
925 3137 962 3187 sie
986 3137 1046 3187 huie
1069 3136 1126 3186 loco
1149 3133 1247 3185 mederi
1264 3135 1376 3200 poterit,-

241 3204 361 3271 „Fertur
377 3207 550 3257 honrothem
567 3207 666 3255 addere
682 3209 803 3272 principi
821 3205 896 3256 bimo
914 3210 1027 3256 conemm
1051 3203 1215 3269 perticulam
1234 3203 1367 3268 cccrdiqm5

242 3275 379 3324 Desectam
397 3280 422 3324 ei
440 3277 530 3324 insani
547 3274 630 3324 leonis
648 3273 710 3324 Vim
727 3275 862 3325 sternacis
880 3274 1034 3339 adposuisse
1049 3272 1168 3321 aoshof‘
1202 3270 1284 3322 Recte
1302 3272 1367 3321 enim

241 3342 360 3405 undique
387 3347 520 3404 coaeum,
546 3342 594 3391 boe
620 3350 670 3401 est,
697 3341 843 3403 collectam,
870 3347 1023 3406 congestam.
1059 3338 1152 3403 Virgil.
1171 3341 1235 3389 den.
1254 3338 1329 3401 VIII,
1344 3340 1365 3388 i.

241 3408 372 3472 „undique
390 3415 486 3526 eolglrnnt
503 3409 631 3472 Auxilia,
656 3415 681 3459 et
699 3408 768 3459 latos
784 3415 892 3460 vastent
915 3410 1062 3460 milioribus
1079 3408 1186 3471 ΨΜ
1216 3406 1291 3457 Idem
1307 3411 1364 3457 eeu

241 3475 299 3535 VII,
318 3477 376 3527 582.
394 3513 410 3538 ‚,
436 3475 536 3540 edique
552 3476 657 3527 collecti
674 3480 777 3539 coibat,
797 3477 961 3542 Martemque
977 3477 1122 3540 fatiganti*
1157 3475 1250 3524 Noster
1268 3475 1300 3525 in
1309 3477 1365 3525 arte

240 3545 310 3593 Post.
329 3559 352 3593 v.
362 3545 386 3595 3.
411 3542 551 3608 „Undique
569 3544 674 3594 collatis
691 3547 839 3595 membric.“
864 3546 956 3609 Virgil.
974 3547 1036 3594 Aen.
1052 3545 1087 3604 Il,
1104 3545 1162 3595 763.
1190 3543 1262 3605 „bue
1290 3542 1365 3593 erec

242 3626 292 3676 que
312 3609 393 3660 Troia
409 3626 480 3676 gese
500 3610 687 3679 Qongembcr.“
712 3614 789 3662 Recte
808 3629 907 3678 quoque
924 3612 1014 3674 serice·
1031 3611 1138 3675 addere,
1155 3626 1203 3675 pro
1220 3610 1365 3661 addidisse:

241 3681 318 3730 etiam
334 3692 392 3729 cnm
409 3684 529 3743 sequatur
547 3680 707 3744 adposuisse.
743 3682 835 3731 Noster
852 3681 932 3731 Germ.
948 3682 1051 3741 111.20,
1065 3682 1102 3730 ll.
1121 3680 1366 3743 ‚Arbiterpecgaas

240 3746 354 3813 posuisse
373 3745 445 3796 nudo
464 3746 518 3797 Sui
533 3747 602 3813 pede
618 3748 736 3813 palmam
752 3749 859 3809 Fertur,
885 3755 911 3799 et
928 3750 982 3799 leni
1003 3763 1115 3797 recreare
1139 3752 1216 3796 venio
1235 3746 1365 3811 Spartan

240 3815 360 3866 ederetis
370 3814 507 3864 decernerem
516 3815 649 3881 capillir.“
666 3816 815 3881 Propertius
823 3818 872 3878 111,
884 3820 924 3878 14,
938 3820 975 3869 19.
999 3817 1092 3879 „Inter
1101 3829 1168 3879 qrros
1179 3813 1280 3864 Helene
1288 3814 1366 3865 nude

239 3899 330 3950 capere
347 3897 423 3932 erma
440 3882 550 3947 pupillis
568 3883 667 3945 Fertur,
684 3899 733 3933 nec
749 3883 850 3945 fratres
867 3885 997 3936 erubuisse
1015 3884 1103 3933 deos.“

309 3954 331 4003 5.
357 3950 469 4014 Impune
486 3956 571 4000 lectam
588 3966 637 4015 per
654 3955 755 4014 aomar]
773 3952 912 4003 Enimvero
928 3950 1117 4016 indignandum
1134 3953 1173 4000 est
1199 3953 1240 3999 tot
1264 3949 1365 4014 magnii

239 4016 422 4084 interpretibus
447 4018 509 4067 haec
535 4017 636 4083 plaeere
661 4019 783 4083 potuisse.
820 4019 892 4070 Certe
910 4024 1019 4087 impare
1041 4024 1128 4069 terium
1150 4016 1293 4067 consistere
1315 4030 1365 4068 nus

238 4092 375 4151 nequeunt.
411 4084 481 4140 Quid
498 4085 566 4135 enim
588 4089 728 4151 tantopere,
739 4087 896 4149 mirandum,
924 4089 947 4138 si
972 4104 1019 4154 per
1037 4092 1123 4137 tectum
1148 4100 1237 4136 nemus
1256 4087 1365 4151 impera

238 4161 364 4218 vagantur
380 4153 491 4220 pecora?
508 4155 615 4203 mirarer
630 4154 719 4218 magis,
738 4154 805 4204 siin
822 4171 924 4205 nemore
940 4156 1002 4206 feris
1019 4155 1112 4205 infesto
1129 4152 1235 4217 impune
1244 4159 1364 4205 errarent
