2840 4762
408 228 588 277 claumos
607 229 674 276 LIB.
696 230 718 276 Ι.
751 223 775 276 3.

145 363 290 430 Prudens
312 363 440 431 Oceano
462 361 676 428 dissociabilis

103 452 229 528 Tenes,
253 450 281 515 si
303 455 410 514 tamen
432 448 539 535 inpiae

311 582 337 616 r.
356 569 397 620 ll.
415 565 490 631 Vulg.
509 565 688 617 Dissociabili.

92 703 120 751 :a
148 699 332 767 Nepaicqaam
348 702 421 755 Oeace
447 700 562 752 abscidit
577 701 699 751 Prudens
718 701 822 752 Oceano
846 700 1011 753 dissociabili
1030 701 1127 754 Terras

101 769 143 818 hic
167 771 266 833 passive
295 773 333 831 (ut
351 770 515 821 Grammatici
539 770 685 834 loquuntur)
712 768 873 835 accipiebant
897 770 1062 822 dissociabili
1068 790 1078 833 ,·
1107 789 1136 822 eo

105 843 135 887 ιιι
151 837 223 888 Deus
247 843 319 888 reete
336 837 481 889 absciderit
498 843 585 888 terras
603 839 636 887 ab
656 837 774 900 Oceano,
792 853 868 902 qoem
891 854 945 903 par
970 845 1030 889 erat
1046 841 1079 889 ab
1099 843 1136 889 cis

92 908 155 955 >iaci
177 910 203 955 at
225 904 353 956 abscindi.
389 905 520 962 Quomodo
544 910 570 955 et
597 905 701 955 Ouidius
724 905 825 954 Metam.
842 907 863 966 Ι,
880 907 920 958 22.
956 905 1045 970 „Nam
1062 909 1136 958 caelo

92 989 113 1037 ι,
136 978 163 1022 ιι
185 977 265 1023 torris
282 973 392 1024 abscidit
409 973 523 1023 undas.“
556 973 592 1022 Et
615 973 714 1023 Statius
741 973 803 1024 silv.
831 974 879 1035 ΙΙΙ,
895 975 918 1025 2.
938 989 960 1022 v.
977 976 1018 1027 61.
1053 974 1138 1038 „Onia

95 1046 122 1090 et
138 1039 277 1091 abscissum
300 1044 405 1092 suberis
422 1041 604 1092 animantibus
621 1039 915 1105 nequamneuam
950 1042 1138 1093 Posterioribus

118 1124 147 1158 ea
170 1108 259 1159 melior
276 1110 331 1160 visa
358 1115 396 1160 est
413 1109 555 1174 ιιιιιιιιιΙι,
578 1113 608 1158 ιιι
625 1108 698 1159 Deae
711 1109 886 1174 prouidenter
904 1114 991 1160 ternas
1010 1110 1137 1161 discreve-

93 1176 144 1226 lias
161 1178 264 1227 scilicet
281 1179 313 1228 ab
331 1178 401 1240 aliis,
419 1180 611 1228 interueniente
630 1177 750 1240 Oceano,·
773 1176 851 1272 quale
875 1176 939 1227 illud
956 1178 1072 1229 Lucretii
1090 1184 1136 1241 est,

91 1247 128 1307 3]
143 1245 196 1309 „lit
204 1261 279 1295 mare
280 1245 369 1310 ,qnod
377 1216 431 1295 ldte
440 1250 574 1296 terranem
585 1243 691 1295 distinet
701 1260 772 1297 oras.
773 1246 834 1294 “ut
844 1245 953 1296 Senecae
965 1245 1093 1296 Consolat.
1104 1247 1136 1297 ad

91 1316 143 1362 iarn.
155 1329 175 1362 c
189 1315 227 1364 18
268 1284 381 1376 (luid-
391 1314 526 1365 oincalenn
545 1318 681 1363 terraenae
696 1313 819 1374 Occasus,
838 1315 1057 1364 continuationem
1075 1331 1136 1381 gen·

93 1380 229 1445 triplici
209 1398 267 1431 sunu
285 1381 411 1443 scindens,
441 1387 467 1431 et
483 1383 589 1445 ingenti
606 1380 715 1431 licentia
732 1350 928 1431 ιιιιιιιίιιιιιιιια
962 1382 1026 1432 Tum
1044 1390 1136 1443 autem,

105 1449 165 1499 huic
193 1453 390 1499 consentaneum
418 1454 480 1510 erat,
507 1450 558 1498 iarn
586 1464 638 1498 non
665 1449 764 1513 passive
797 1454 827 1499 ut
852 1449 892 1499 illi
911 1450 1022 1515 priores
1050 1467 1136 1500 verum

91 1536 93 1561 ι
112 1533 209 1566 sumere
228 1518 317 1567 volunt
306 1517 498 1581 tdissociabili,
517 1519 565 1581 qni
582 1521 669 1567 terras
688 1516 821 1580 dissociat,
840 1522 869 1567 ut
884 1518 1040 1581 genitabilis
1058 1534 1136 1583 ansa,

91 1585 175 1634 rabilc
192 1585 282 1649 frr'grns
307 1589 333 1635 et
350 1585 377 1634 id
401 1600 481 1649 genus
499 1583 557 1635 alia.
592 1585 675 1648 Atque
702 1585 778 1646 haec,
803 1591 832 1633 ιιι
849 1585 935 1646 uideo,
959 1586 1137 1651 interpretatio

92 1653 134 1703 ola
151 1655 246 1718 passim
263 1654 370 1714 obtinet,
388 1659 414 1703 ιι
431 1669 478 1717 pro
495 1651 611 1716 legitima
628 1651 744 1701 habetur.
779 1653 844 1702 Esto
867 1669 941 1702 sone:
961 1653 1137 1704 dissociabilis

91 1748 92 1753 =
110 1737 156 1787 per
174 1721 318 1785 analogiam
336 1721 437 1771 defendi
456 1722 552 1786 possit,
577 1720 626 1770 etsi
642 1722 670 1769 in
688 1736 718 1769 ea
735 1721 840 1770 notione
864 1721 916 1771 iarn
933 1737 1057 1785 ιιιιιιιιιιιιιι
1074 1722 1138 1772 alibi

116 1796 144 1838 at
166 1789 224 1839 vide
249 1805 324 1853 quam
355 1789 458 1839 inficeta
487 1789 586 1838 demum
613 1789 740 1838 sententia
765 1789 905 1839 exoriatur:
935 1788 1007 1839 Dens
1024 1790 1139 1840 abscidit

91 1857 221 1907 sOcsano
240 1857 418 1918 dissociabili,
457 1857 503 1907 hoo
523 1861 570 1921 est,
595 1861 625 1905 ut
643 1856 746 1920 quidam
764 1856 907 1920 explicant,
934 1857 1007 1907 Ocres
1024 1858 1138 1908 abscidit

91 1942 98 1973 ι
118 1925 229 1987 Oceano,
243 1929 292 2005 qni
310 1931 396 1975 terras
414 1925 554 1975 abscindit
589 1925 762 1988 Quisquamne
781 1924 830 1975 sibi
849 1926 1012 1989 persuaserit,
1031 1932 1078 1990 put
1068 1926 1136 1976 tidu-

91 2008 128 2041 ιιιι
147 1997 172 2041 ιι
189 1963 359 2058 ταιιόλογιιν
385 1991 417 2043 ah
435 1993 545 2042 Horatio
573 1991 715 2057 profectum
735 1993 808 2041 esse?
844 1992 882 2042 Tu
908 2009 967 2041 vcro
992 1992 1088 2055 scribe,
1114 1994 1136 2043 si

113 2061 189 2108 unius
215 2060 332 2112 literulae
357 2061 513 2111 adiectione:
550 2059 671 2126 „Neqnic
689 2075 752 2109 ιιιιιιι
778 2060 851 2109 Ocres
876 2059 990 2110 abscidit
1014 2032 1137 2112 Prudens

91 2144 116 2177 ιι
134 2126 304 2179 dissociabilis
326 2127 448 2179 Terras.“
482 2129 539 2178 Hoc
558 2133 608 2190 ιιι,
627 2133 656 2178 ut
672 2077 749 2177 lodie
766 2128 843 2177 moris
861 2134 899 2178 est
918 2127 1034 2190 scribere,
1055 2130 1137 2179 disso-

91 2196 126 2245 ιι.
150 2197 264 2259 Frustra,
282 2198 376 2261 inquit,
394 2197 555 2261 providentia
573 2196 620 2246 Dei
638 2201 718 2246 terras
736 2197 781 2245 bas
799 2196 830 2245 ab
850 2195 903 2246 illis
920 2197 1037 2246 consulto
1055 2197 1137 2247 absci-

90 2264 139 2312 rari
157 2263 294 2314 interfusor
313 2265 439 2329 siquidem
456 2265 570 2315 homines
588 2279 656 2314 mare
668 2264 734 2313 illud
744 2263 851 2313 navibus
863 2264 1004 2326 traiieiunt,
1023 2268 1048 2314 et
1058 2270 1137 2314 terras

97 2332 152 2382 Deo
171 2331 320 2382 dissociatas
338 2333 488 2383 commercio
515 2333 583 2382 inter
607 2349 633 2382 se
651 2333 766 2382 miscent.
803 2333 868 2382 Sane
895 2338 921 2381 et
943 2333 1025 2381 oratio
1043 2333 1094 2381 iam
1113 2339 1138 2382 et

90 2401 138 2449 itia
155 2406 215 2449 sunt
231 2401 301 2450 omni
319 2416 349 2450 ex
366 2406 439 2465 parte
457 2400 680 2451 commodissimas.
708 2401 749 2449 Ita
767 2399 864 2449 Statius
883 2399 996 2449 Siciliam
1016 2399 1046 2449 ab
1061 2399 1138 2449 Italia

90 2471 181 2518 statam
198 2483 253 2518 esse
270 2475 399 2519 memorat.
419 2469 480 2518 Silv.
499 2470 520 2531 1,
532 2471 555 2521 3.
574 2485 596 2519 r.
618 2470 659 2520 32.
689 2470 745 2529 „sic
763 2467 899 2517 dissociata
913 2468 1052 2533 profando
1067 2467 1138 2518 Bra-

90 2539 207 2586 iconiam
225 2539 408 2603 circicmspicit
425 2553 474 2587 ora
491 2538 641 2588 Pelornm.“
679 2536 794 2586 Rutilius
811 2537 873 2587 itin.
882 2537 904 2597 Ι,
914 2537 974 2589 330.
1007 2535 1138 2600 „dminus

104 2604 203 2653 silvosa
221 2609 361 2654 cacumina
379 2609 473 2668 miron,
492 2605 577 2669 Quam
594 2604 727 2666 fraudare
744 2604 821 2666 iussas
841 2604 928 2657 landis
947 2605 1048 2654 bonore
1065 2620 1136 2654 suae.

90 2675 127 2720 ite
144 2688 203 2721 cam
220 2673 325 2723 modico
343 2673 498 2723 victricibus
515 2675 618 2723 obstitit
635 2676 725 2732 armis,
756 2672 902 2738 Tamqicam
921 2672 1068 2738 longinquo
1087 2673 1138 2722 dis-

92 2743 220 2789 amari.“
253 2741 345 2791 Florus
360 2743 394 2803 Il,
406 2743 429 2793 8.
464 2741 616 2805 „liseboeam
635 2742 751 2791 insulam
775 2743 923 2790 continenti
940 2740 1137 2804 adlabentem,

102 2807 174 2867 freto
193 2810 422 2874 reciprocantibus
441 2812 517 2875 apicis
535 2809 656 2874 Ειιιιριιι
674 2808 792 2859 abscidit.
824 2809 908 2858 Valer.
917 2808 1024 2857 Flaccus
1033 2810 1136 2873 Il,illb.

90 2892 174 2941 imque
197 2883 360 2941 prementem
387 2877 496 2942 Effingit
530 2878 652 2943 abruptis
678 2876 790 2942 Eiiropa
807 2879 945 2926 inmanior
971 2880 1033 2926 oris.
1083 2877 1137 2926 Has

90 2954 190 2994 terras
209 2951 382 3011 consertaque
397 2946 522 3010 gentibus
540 2961 621 3008 arna,
640 2944 685 2994 Sic
702 2945 799 3010 pelago
814 2945 941 3009 pulsante
966 2960 1043 3008 reor,
1066 2943 1137 3009 Nep·

107 3012 243 3077 qnondam
252 3011 345 3079 Cuspis
363 3019 389 3064 ct
406 3013 514 3063 aduersi
532 3014 628 3077 longas
647 3013 723 3062 labar
740 3011 849 3062 abscidit
874 3015 941 3075 acci,
969 3011 1002 3063 Ut
1017 3011 1137 3062 Siculam

90 3096 194 3146 >campise
213 3080 308 3131 latas.“
342 3082 379 3131 Et
396 3081 482 3131 eodem
500 3081 590 3145 plane,
615 3096 665 3145 quo
684 3082 790 3144 Noster,
818 3096 907 3140 sensu,
926 3082 990 3130 bone
1009 3080 1137 3143 disceptas

90 3164 135 3197 ura
153 3155 232 3198 terras
242 3150 279 3198 ait
287 3150 441 3210 Seneca·
414 3154 490 3213 atque
508 3148 622 3214 improbe
639 3149 732 3198 iactum
748 3148 779 3198 ab
790 3149 953 3213 Argonautis,
971 3148 1046 3211 quod,
1059 3147 1135 3212 primi

96 3221 267 3266 transcurrere
285 3219 349 3281 ausi,
367 3217 517 3267 commercia
533 3217 612 3267 uetita
629 3222 780 3266 exercerent
809 3216 898 3266 Medea
916 3218 973 3267 335.
996 3214 1138 3296 „Candida

90 3287 99 3333 i
115 3285 224 3334 saccula
237 3291 330 3351 patres
354 3284 452 3335 Videre
469 3286 567 3350 procat
588 3286 688 3347 fracida
704 3290 814 3335 remota
851 3283 907 3334 Sua
931 3285 1041 3348 quisquc
1058 3286 1138 3350 piger

90 3357 233 3416 tangens
250 3353 395 3418 Patrioqnc
417 3370 498 3403 senen
509 3352 605 3414 factus
632 3356 660 3402 in
679 3368 753 3417 arno,
772 3353 859 3403 Parvo
887 3352 974 3413 dioes,·
1000 3353 1055 3401 nisi
1071 3366 1138 3416 qeins

90 3426 113 3469 ιι
139 3419 240 3471 Natalc
264 3421 350 3471 solnm
377 3437 431 3472 non
459 3427 540 3472 norat
566 3437 635 3487 opes.
680 3422 748 3471 Bene
774 3420 881 3485 dissepti
907 3418 1018 3480 [cedma
1044 3419 1139 3469 ιιιιιιιιιι·

90 3491 112 3538 it
130 3491 160 3537 in
177 3504 261 3538 ιιιιιιιιι
280 3487 405 3540 Tbessala
420 3492 510 3555 pinca,
529 3489 660 3554 iniecitque
676 3492 737 3553 pati
753 3489 864 3539 uerbera
878 3493 1001 3553 pontisne,
1020 3487 1138 3537 Partom-

90 3561 164 3605 netus
181 3556 244 3618 fieri
259 3554 433 3610 nostriMare
445 3561 595 3622 sepositam
623 3557 705 3606 Dedit
714 3557 762 3607 ella
771 3572 869 3622 graues
878 3555 1003 3621 Improba
1010 3570 1119 3621 poenas
1123 3556 1139 3583 “

106 3625 207 3688 opinor,
226 3626 277 3674 iam
295 3626 348 3675 diet
338 3630 392 3675 tum
410 3630 448 3676 est
465 3626 497 3674 ad
509 3626 711 3675 emendationem
720 3630 778 3675 nos
779 3641 832 3674 ram
841 3624 1004 3684 firmandam
1023 3627 1138 3688 superest

90 3710 94 3739 l
114 3692 211 3754 adhuc,
236 3692 302 3756 quod
326 3693 433 3744 aliorum
458 3694 591 3758 opiniones
615 3710 717 3760 prorsus
741 3693 807 3742 reiut
797 3698 841 3742 ιιι
876 3692 963 3755 Neque
982 3692 1049 3741 enirn
1067 3692 1139 3755 prior

90 3775 148 3823 quae
166 3761 293 3810 Oceanum
311 3762 396 3826 ipsum
419 3765 493 3811 terris
516 3763 654 3813 abscissum
673 3763 816 3826 tentarique
843 3762 951 3810 vetitum
969 3775 1022 3810 esse
1040 3760 1137 3819 statuit,

90 3834 151 3877 itere
175 3833 261 3893 potest
294 3844 351 3878 cum
387 3828 563 3894 sequentibus,
614 3834 657 3895 „si
685 3836 772 3880 tamen
805 3831 904 3894 impiae
921 3826 983 3877 Non
1003 3795 1138 3891 tangendd

102 3896 261 3946 transiliant
278 3897 375 3947 vada.“
399 3897 524 3953 Quorsum
543 3900 610 3949 enim
629 3899 805 3949 transiliunt?
830 3898 895 3946 Nam
911 3895 938 3945 id
956 3895 1057 3959 quidem
1076 3894 1138 3943 satis

90 3969 117 4025 ιι,
136 3980 189 4013 non
207 3966 334 4015 Oceanum
352 3966 426 4015 modo
445 3969 547 4029 tentari,
569 3967 612 4017 sed
631 3973 656 4016 ct
673 3967 789 4030 regiones
807 3971 904 4015 exteras
922 3968 993 4013 trans
1011 3963 1139 4011 Oceanum

104 4031 178 4095 quale
196 4034 294 4083 scilicet
283 4036 489 4085 teommercium
506 4035 640 4100 prohibere
658 4035 708 4083 Nat
698 4040 755 4084 tura
773 4038 864 4083 conata
882 4035 927 4082 est
962 4033 1050 4094 Neque
1070 4036 1138 4078 ut-ra

91 4115 153 4149 sanc
171 4101 299 4152 delendi
290 4119 317 4152 ιιι
336 4118 365 4152 eo
383 4118 416 4167 po
418 4107 475 4165 ιιιι,
494 4103 560 4183 quod
579 4104 706 4153 Oceanum
724 4102 793 4152 dieat
811 4099 1020 4161 dissociabilem,
1042 4098 1138 4163 quippe

90 4184 263 4232 enumquam
281 4176 434 4237 usurpetur,
458 4172 509 4221 nisi
533 4171 620 4221 uelde
644 4171 750 4220 diversis
773 4170 863 4232 rebus,
888 4167 928 4218 vel
945 4167 975 4217 de
993 4182 1020 4217 re
1038 4182 1090 4216 una
1107 4182 1138 4215 er
