2842 4758
166 239 230 301 366
567 254 600 314 o.
620 253 762 301 norrun
782 254 907 302 mecm

230 387 353 452 Vellem
375 385 409 450 in
430 386 572 452 amicitia
593 387 640 453 sic
660 407 851 464 erraremus,
874 393 907 454 et
927 387 983 454 isti

229 471 338 537 Errori
358 491 474 537 nomen
495 472 598 538 virtus
618 471 781 570 posuisset
802 473 982 538 honestum.

229 560 283 635 At,
304 563 397 642 pater
419 564 455 623 ut
475 557 576 638 gnati,
600 577 646 623 src
667 577 728 623 nos
750 556 915 634 debemus,
936 557 1032 623 amici

232 641 267 707 Si
289 641 375 723 quod
398 641 440 707 sit
461 640 584 720 vitium,
606 661 669 707 uon
692 641 847 708 fastidire.
892 643 1076 708 strabonem

186 740 218 789 45
232 726 384 812 Adpellat
404 728 539 792 Paetum
560 734 669 813 pater;
693 735 725 792 et
746 726 885 805 Pullum,
908 727 992 792 male
1014 748 1135 812 pervus

230 812 265 876 si
286 813 338 875 cui
359 811 445 876 filius
467 820 526 889 est,
549 818 584 876 ut
604 813 770 878 abortivus
791 812 853 877 luit
873 812 949 877 olim

232 895 408 981 Sisyphus:
433 897 517 961 hunc
538 898 669 972 Varum,
691 897 835 962 distortis
856 897 1018 971 cruribus3
1041 896 1132 962 illum

229 981 371 1046 Balbutit
393 981 559 1060 Scaurum,
581 981 690 1066 pravis
712 982 828 1047 fultum
849 983 935 1047 male
956 981 1042 1046 talis.

165 1132 221 1183 DIS
236 1133 389 1183 MANIBUS
403 1132 553 1182 VETTIAE
569 1132 721 1182 HAGNAE.
740 1134 799 1193 620,
815 1136 840 1185 4.
864 1133 992 1184 ULPlsE
1003 1134 1125 1183 HAGNE
1138 1134 1295 1188 CONIUGI.

165 1203 289 1263 955,13.
325 1201 524 1251 TURRANIAE
542 1200 671 1250 HAGNE.
699 1203 816 1259 754,13.
852 1201 1047 1252 NUMITORIA
1063 1202 1196 1251 HAGNE.
1232 1203 1293 1252 Rei·

165 1269 265 1331 nesius,
290 1269 361 1330 XVI,
387 1272 426 1321 16.
467 1267 618 1318 curuum
640 1268 770 1318 HAGNE.
796 1268 864 1331 XIV,
892 1272 947 1321 152.
987 1269 1107 1319 VIDIAE
1134 1271 1292 1321 HAGNAE.

165 1337 294 1387 Marmora
311 1336 436 1396 Felsinee,
455 1353 482 1401 p.
500 1338 557 1388 378.
592 1336 737 1386 HAGNAE
758 1336 960 1387 OONSERVAE
979 1337 1085 1386 MEAE.

233 1407 274 1457 l'l.
310 1404 390 1454 Illum
406 1403 530 1454 cattum
547 1402 690 1466 Scaurum]
724 1404 809 1454 Lusus
832 1403 1050 1468 elegantissimum
1078 1406 1107 1453 in
1130 1420 1182 1468 quo
1206 1410 1296 1454 tamen

165 1474 332 1538 interpretes,
350 1472 409 1522 dum
427 1471 535 1521 nimium
552 1472 680 1536 ingeniosi
698 1488 752 1522 esse
769 1472 872 1534 volunt,
890 1473 970 1522 nubes
988 1479 1014 1522 et
1031 1473 1121 1522 inania
1137 1471 1213 1521 nobis
1231 1488 1293 1522 ven·

165 1541 263 1591 ditant:
294 1542 462 1601 „stratonem
490 1540 618 1604 Appellat
642 1540 751 1589 Pactum
777 1547 871 1605 paler;
898 1547 925 1590 et
948 1541 1070 1603 Pullum,
1094 1540 1163 1589 saule
1189 1556 1295 1605 paruus

165 1608 198 1659 St
215 1611 260 1658 cui
275 1608 348 1670 filius
366 1612 413 1671 eet,
430 1612 461 1657 ut
477 1608 614 1656 abortivus
630 1606 686 1667 suit
703 1607 767 1656 olim
785 1608 932 1674 Sisyphus:
950 1609 1022 1659 tuuc
1039 1607 1152 1671 Varum,
1170 1608 1294 1658 distortis

166 1678 306 1737 crurium
332 1676 410 1727 illam
432 1673 555 1725 Buttuttt
576 1675 717 1738 Scaurum,
738 1679 832 1741 prauis
854 1677 954 1737 fultum
979 1676 1049 1727 male
1071 1675 1160 1726 lalit.·‘
1184 1676 1294 1739 Paetus,

165 1745 265 1807 Pullus,
284 1742 390 1806 Varus,
408 1742 530 1794 Scaurm
548 1743 700 1807 cognomina
717 1751 791 1802 sunt,
810 1750 840 1793 ut
857 1749 924 1793 recte
943 1744 1009 1793 vidit
1025 1744 1208 1793 disertissimus
1225 1744 1293 1794 Rut-

165 1812 272 1877 gemitis,
290 1827 306 1862 a
323 1812 418 1861 formae
436 1810 507 1860 vitiis
524 1812 612 1876 pueris
629 1811 765 1875 imposita3
783 1811 821 1860 ita
838 1818 922 1861 tamen
939 1818 969 1861 ut
986 1806 1162 1879 ὁποκορισμῴ
1180 1812 1293 1875 quodam

164 1881 230 1931 ritis
246 1880 292 1930 illa
315 1884 491 1930 extenuentur.
527 1880 570 1928 Sic
595 1880 640 1942 qui
661 1877 755 1928 strabis
772 1885 798 1928 et
815 1879 932 1929 distortis
948 1880 1030 1930 oculis
1053 1885 1105 1940 est,
1129 1894 1180 1928 non
1198 1881 1293 1929 ababa

165 1965 181 1999 a
198 1949 362 2013 parentibus,
380 1947 422 1997 sed
441 1948 538 1997 Paulus
557 1952 674 2006 vocetur3
700 1947 769 2011 quod
791 1948 819 1997 in
837 1948 953 2011 cognatis
971 1947 1102 1997 oculorum
1119 1947 1190 1996 vitiis
1208 1947 1293 1997 multo

164 2016 319 2067 levissimum
337 2020 383 2081 cst,
401 2020 428 2065 ct
443 2014 538 2065 Veneri
555 2014 607 2078 ipsi
624 2014 777 2079 assignatur.
803 2016 928 2080 Apposite
946 2015 1052 2066 Ovidius
1069 2019 1123 2064 Art.
1143 2018 1226 2065 Amat.
1241 2017 1293 2078 [Π]

166 2086 223 2138 659.
252 2081 429 2147 ,marticulus
445 2082 551 2133 mollire
569 2084 632 2133 licet
648 2083 734 2145 mala,
752 2082 831 2144 fusca
850 2090 967 2145 uocetur,
983 2082 1099 2146 Nigrior
1113 2083 1227 2148 Illyrica
1244 2088 1295 2132 cui

163 2156 224 2219 pice
240 2154 353 2216 sanguis
370 2153 428 2201 erit
464 2150 496 2201 Si
511 2155 591 2216 pacta
609 2155 655 2210 cst,
674 2149 774 2200 Veneri
789 2151 902 2214 riutilis5
928 2154 954 2200 si
969 2152 1049 2212 flaura
1067 2149 1221 2200 Mineruae:
1247 2149 1295 2200 Sil

164 2220 293 2285 gracilia,
312 2221 397 2270 maele
414 2234 483 2284 quae
499 2218 570 2268 raalc
587 2221 648 2268 vica
665 2234 715 2269 tua
733 2221 798 2270 cst.“
833 2217 879 2268 ubi
895 2235 995 2269 versum
1013 2219 1116 2268 tertium
1134 2234 1165 2268 ex
1182 2221 1295 2267 vetustis

165 2288 304 2349 codicibus,
323 2287 368 2352 qui
377 2286 409 2336 Si
426 2289 516 2338 crucia
534 2291 572 2335 ccl
586 2302 610 2335 c.
627 2302 647 2334 s.
672 2289 697 2335 si
709 2302 805 2352 parua,
821 2285 969 2350 Mineruae,
986 2287 1114 2347 exhibent,
1133 2285 1171 2335 sic
1187 2286 1296 2350 refingit

165 2355 343 2421 sagacissimus
361 2355 419 2405 Nic.
437 2353 576 2413 Heinsius3
602 2352 654 2417 „St
673 2371 727 2419 pua
745 2355 831 2404 straba
849 2360 901 2419 ert,
927 2354 1027 2405 Vcacri
1042 2355 1155 2416 stmitts;
1179 2356 1205 2403 εἰ
1221 2370 1292 2405 ruva.

164 2423 330 2475 Mluercuc.“
365 2423 467 2489 Optime
484 2423 517 2472 ad
534 2422 700 2483 sententiam
727 2422 779 2472 nisi
803 2423 870 2486 quod
893 2439 979 2472 versus
1003 2421 1090 2487 paullo
1113 2420 1230 2471 scabricr
1245 2424 1292 2479 sit,

165 2508 240 2556 quam
258 2497 287 2541 ut
304 2491 443 2541 Ouidianus
469 2506 522 2541 esse
539 2490 664 2541 videatur.
698 2490 752 2541 Nos
775 2490 825 2540 levi
849 2491 1025 2540 emendations
1043 2491 1080 2540 sic
1097 2505 1182 2539 reram
1199 2495 1294 2554 poetae

164 2575 267 2609 manum
285 2558 484 2623 praestabimus3
511 2557 561 2622 „Si
577 2557 670 2619 straba,
688 2557 723 2607 sit
741 2556 841 2608 Veucrl
856 2559 968 2620 similem
991 2560 1016 2607 si
1033 2573 1108 2622 rava,
1126 2556 1294 2608 Mineruae.“

165 2628 212 2678 hoc
231 2634 282 2689 est,
309 2629 335 2675 sl
350 2628 442 2676 strala
460 2632 507 2688 cst,
526 2626 648 2676 atolllare
665 2628 772 2676 uoculae
790 2632 898 2676 uocetur
915 2626 1012 2676 Pacta:
1038 2624 1114 2690 plane
1131 2631 1160 2676 ut
1175 2625 1219 2676 hio
1235 2625 1293 2674 Ho-

164 2695 254 2744 ratius.
290 2693 406 2743 Ceterum
425 2694 518 2743 Pullus
536 2709 676 2757 cognomen
693 2699 766 2743 notat
782 2694 941 2759 paruulum,
968 2699 993 2742 et
1016 2698 1055 2743 est
1078 2694 1139 2742 nani
1163 2699 1190 2742 et
1206 2694 1294 2757 pumi-

164 2762 245 2812 lionis
263 2756 480 2826 ὖποκορισιικόν.
519 2760 548 2810 t.
567 2761 662 2810 Iuctius
679 2761 773 2811 Pullus
796 2762 824 2811 in
849 2762 934 2811 Fastis
957 2761 1069 2811 occurrit
1085 2766 1114 2809 A.
1133 2759 1164 2810 U.
1184 2759 1212 2811 G.
1230 2763 1292 2812 tot.

165 2830 233 2894 quod
250 2828 393 2879 observavit
409 2829 575 2892 Rutgersiue3
593 2829 636 2878 cui
653 2828 718 2879 adde
736 2828 765 2891 Q.
775 2828 959 2879 Numitorium
977 2829 1083 2879 Pullum
1100 2829 1169 2893 apud
1187 2827 1292 2879 Cicero·

165 2914 222 2946 nem
240 2897 277 2946 De
295 2897 394 2946 Invent.
413 2898 449 2947 11.
473 2898 513 2949 34.
534 2897 560 2960 [ᾗ
581 2899 639 2958 105]
666 2914 740 2961 quem
763 2896 827 2947 alibi
851 2898 957 2947 Pullum
975 2896 1143 2947 Numitorem
1161 2902 1235 2946 vocat
1251 2897 1291 2946 Dc

164 2965 282 3027 Finibus,
300 2964 331 3026 V,
350 2966 391 3016 22.
411 2966 501 3029 [5621.
527 2964 594 3014 Male
612 2965 699 3029 iteque
718 2965 881 3015 D.Heinsius
899 2965 995 3014 Palam
1013 2966 1055 3014 hic
1073 2963 1182 3028 reponit
1210 2966 1289 3014 Porro

164 3033 232 3084 idem
249 3033 401 3097 Rutgersius
417 3049 510 3097 magno
527 3039 653 3098 apparatu
670 3032 843 3083 coniecturam
860 3048 932 3083 suam
955 3031 1070 3082 stabilire
1094 3039 1216 3093 conatur,
1240 3049 1291 3097 que

163 3118 263 3151 versum
281 3107 426 3166 sequentem
444 3102 481 3151 sic
498 3100 646 3166 interpolat,
665 3099 828 3166 „Sisyphum
847 3103 918 3151 lruuc
933 3100 1045 3163 Varum,
1064 3100 1185 3150 distortis
1202 3104 1291 3151 cruri-

165 3172 229 3231 lue,·
246 3170 355 3229 Hillum,
373 3169 510 3231 Ballrtlt'l,·
528 3168 669 3229 Scaurum,
687 3172 779 3233 pravis
795 3168 896 3228 fultum
913 3169 982 3218 rualc
1000 3169 1089 3218 lalit.“
1107 3168 1151 3217 ubi
1166 3169 1293 3218 sioverba

165 3236 284 3301 explicat,
303 3237 473 3301 particulari
489 3253 520 3287 er
537 3235 666 3302 prioribus
684 3237 807 3300 repetita:
828 3236 952 3299 „Pullum
971 3242 1048 3285 cocat
1063 3240 1157 3300 paler,
1174 3239 1199 3285 si
1215 3236 1293 3297 filius

165 3305 290 3354 actuale
306 3321 423 3370 parcus,-
442 3305 542 3355 Hillum
560 3310 645 3365 cocat,
664 3307 688 3353 sl
705 3305 846 3354 balbutit.“
880 3305 917 3353 Et
934 3303 1039 3353 mirifice
1058 3303 1159 3368 quidem
1177 3303 1221 3354 hic
1239 3303 1292 3354 sibi

164 3371 264 3438 placuit
286 3372 327 3421 vir
351 3371 542 3422 celeberrimus:
569 3372 612 3422 sed
637 3388 774 3436 numquam
800 3372 854 3422 vidi
877 3372 1016 3422 doctiorem
1040 3386 1141 3435 operam
1159 3371 1294 3422 infelicius

164 3439 322 3490 collocatam.
358 3440 472 3501 Hilluut,
500 3441 550 3500 ait,
577 3438 708 3490 balborum
732 3456 801 3490 more
826 3441 872 3505 qui
898 3441 921 3489 R
945 3439 1044 3489 literam
1069 3454 1114 3503 per
1130 3439 1153 3488 L
1172 3441 1291 3500 efferunt,

164 3508 251 3573 posuit
268 3523 315 3572 pro
333 3507 452 3558 Hirrum.
487 3507 560 3557 Unde
582 3524 641 3557 vero
665 3507 762 3557 Hirrus
786 3513 826 3558 cst
849 3508 1016 3558 balbutientis
1040 3506 1114 3572 pueri
1138 3523 1293 3571 cognomen,

164 3581 193 3625 ut
210 3575 299 3625 Pullus
317 3576 388 3635 nani,
407 3581 432 3625 et
444 3578 536 3626 Paetus
554 3574 699 3626 strabonis?
717 3577 771 3625 lmo
789 3576 835 3638 ait,
854 3575 881 3625 (l.
894 3575 1000 3626 Lucium
1010 3575 1116 3624 Hirrum
1135 3575 1177 3624 hic
1195 3575 1290 3640 tangit

164 3644 209 3708 qui
227 3643 318 3693 balbus
335 3643 393 3705 luit,
412 3649 441 3693 ut
458 3660 488 3693 ex
506 3645 563 3694 ioco
575 3642 705 3693 Ciceronis
723 3644 848 3694 coniiocre
860 3644 929 3705 licet,
942 3643 1026 3707 Epist
1039 3643 1206 3704 Fam.11,'1c.
1225 3645 1253 3708 [θ’
1265 3646 1292 3706 i]

163 3712 222 3776 „Ile
241 3718 279 3775 le,
305 3714 369 3777 prtia
394 3712 466 3776 quod
488 3712 645 3776 sperabant,-
672 3711 704 3761 dc
727 3711 798 3762 Hillo
831 3713 934 3775 (bullas
958 3714 1028 3760 enim
1045 3714 1113 3771 sura)
1138 3710 1211 3775 quod
1234 3726 1290 3761 aon

162 3784 316 3845 putaram.“
343 3780 455 3830 Lubrica
473 3797 532 3830 sanc
551 3785 576 3829 et
593 3778 736 3844 periculosa
753 3781 827 3842 ratio,
846 3796 911 3845 quae
928 3795 1003 3828 unam
1022 3778 1193 3828 coniecturam
1212 3794 1293 3844 super

164 3847 216 3896 alia
234 3847 323 3898 struit:
342 3848 509 3912 nequeenim
528 3848 575 3897 ulli
594 3847 685 3912 scripti
703 3847 803 3898 codices
822 3848 854 3898 dc
871 3848 942 3897 Hillo
959 3847 1062 3907 habent,
1082 3846 1124 3895 sod
1143 3846 1176 3895 dc
1193 3846 1289 3897 uiltt'lc.

164 3915 214 3965 Sed
231 3921 298 3966 esto:
316 3932 361 3965 cur
378 3917 475 3966 idcirco
492 3917 578 3980 ipsum
594 3915 700 3965 Hirrum
718 3915 822 3966 balbum
839 3915 917 3966 inisse
936 3913 1083 3965 credemus?
1102 3913 1173 3974 Tota,
1192 3914 1292 3978 inquit,

163 3983 214 4032 ioci
238 3984 365 4047 elegantia
389 3985 468 4045 iacet,
495 3984 547 4034 nisi
570 3984 618 4033 hoc
643 3987 790 4033 statuamus.
825 3984 893 4034 Mihi
917 3983 967 4033 alia
990 3983 1066 4045 longe
1091 3981 1218 4031 sententia
1242 3991 1289 4031 est.

163 4049 199 4099 Ut
217 4051 292 4111 enim,
319 4052 362 4115 qui
382 4053 404 4101 R
422 4052 522 4101 literam
540 4051 710 4116 pronunciare
728 4067 779 4101 non
797 4058 931 4117 poterant,
958 4050 1032 4099 Balbi
1050 4054 1076 4098 et
1092 4049 1175 4099 Blaesi
1194 4065 1291 4113 cogno·

163 4117 340 4179 minabantur;
365 4120 403 4168 ita
428 4120 548 4180 (etmihi
565 4119 675 4178 videtur)
698 4117 729 4168 ab
755 4119 894 4170 ltlrrt'euclo
911 4119 985 4168 Hirri
1008 4117 1178 4178 vocabantur,
1202 4118 1248 4181 qui
1266 4118 1293 4166 R

163 4185 241 4236 nimis
260 4186 347 4236 crebro
365 4191 391 4236 ct
414 4187 491 4237 nimis
516 4186 613 4236 duriter
636 4186 785 4237 etl'erebant:
812 4188 899 4251 quales
922 4187 984 4237 olim
1007 4185 1111 4236 luerunt
1128 4185 1292 4235 Eretrienses
