2840 4762
384 265 564 315 CARMINUM
584 266 651 315 LIB-
673 268 695 315 1.
719 264 742 315 i.
758 262 785 318 2.

101 403 165 468 Seu
188 399 274 487 rupit
296 400 406 467 teretis
428 400 556 467 Marsus
576 420 656 487 aper
676 401 803 487 plagas.

97 489 148 552 Me
171 486 336 552 dootarum
360 486 476 552 ederae
498 487 642 571 praemia
663 488 817 554 frontium

98 574 158 637 Dis
180 571 316 638 miscent
337 570 478 657 superis;
502 590 554 636 me
576 571 719 653 gelidum
740 593 865 651 nemus,

96 656 387 742 Nympharumque
407 657 495 722 leves
517 675 589 722 oum
612 656 738 743 Satyris
761 658 848 725 ebori

96 743 273 808 Seoernunt
318 742 430 827 opulo:
454 742 608 824 sineque
630 742 727 810 tibias

94 828 237 913 Euterpe
258 763 394 905 ooEibet,
416 844 475 892 nee
495 826 711 912 Polyhymnia

95 913 258 979 Lesboum
280 910 401 995 refugit
422 911 554 977 tendere
578 912 732 978 barbiton.

98 996 193 1075 Quod
216 995 244 1062 si
265 1016 317 1062 me
338 995 464 1083 Lyriois
485 996 615 1062 vatibus
638 998 763 1076 inseris,

96 1082 233 1147 Sublimi
255 1081 369 1147 feriam
392 1081 501 1148 sidera
521 1081 651 1148 vertice.

379 1352 445 1417 AD
466 1232 757 1422 AUdJUSTUM.

92 1489 163 1552 Iam
186 1487 265 1554 satis
288 1485 382 1555 terris
404 1485 489 1553 nivis
510 1492 608 1570 atque
630 1486 720 1554 dirae

94 1572 266 1640 Grandinis
288 1572 377 1639 misit
397 1575 503 1650 Pater,
527 1579 560 1637 et
581 1572 716 1640 rubente

92 1659 234 1724 Dextera
256 1677 364 1724 saeros
386 1656 548 1723 iaculatus
569 1677 661 1724 arees

301 1821 303 1825 ἢ
457 1742 586 1807 Terruit
607 1742 742 1809 Urbem:

99 1825 228 1892 Terruit
250 1826 366 1910 gentis,
389 1845 550 1909 gravene
573 1825 691 1893 rediret

91 1911 264 1977 Saeculum
285 1915 312 1979 P
335 1911 429 1978 rrhae
450 1931 535 1977 nova
555 1918 700 1979 monstra
722 1919 875 1996 questas:

91 1997 193 2064 Omne
215 2017 287 2064 enm
309 1935 442 2064 iy'rotens
464 2015 564 2095 penus
587 1997 654 2080 egit
675 1999 759 2064 altos

456 2083 569 2148 Visere
591 2083 725 2162 montis3

90 2165 231 2232 Piseium
254 2173 286 2233 et
308 2186 433 2233 summa
455 2186 559 2250 genus
580 2166 687 2234 haesit
708 2169 806 2246 ulmo,

92 2253 178 2317 Nota
199 2271 284 2335 qnae
307 2253 400 2319 sedes
423 2252 530 2318 fuerat
552 2252 725 2332 columbis3

88 2338 129 2402 Et
150 2337 329 2423 superiecto
351 2335 488 2424 pavidae
510 2342 662 2404 natarunt

456 2423 605 2505 Aequore
626 2421 752 2488 damae.

91 2505 234 2591 Vidimus
256 2506 376 2573 flavum
399 2507 551 2585 biberim,
575 2506 703 2574 retortis

88 2590 196 2658 Litore
218 2593 354 2659 Etrusoo
377 2593 532 2658 violenter
554 2591 660 2671 undis,

89 2677 140 2741 Ire
162 2676 321 2745 deieotnm
342 2682 549 2744 monumenta
568 2677 677 2760 Regis,

453 2762 654 2848 'templaque
676 2762 811 2829 Vestae:

88 2844 164 2912 Iliae
186 2847 262 2912 dum
285 2867 320 2914 se
341 2847 475 2912 nimium
498 2848 643 2931 querenti

88 2932 188 2997 laetat
210 2932 356 3009 ultorem,
378 2952 483 3015 vagus
506 2938 538 2997 et
560 2931 690 2998 sinistra

88 3016 218 3083 Labitur
238 3018 319 3103 ripa,
341 3019 417 3085 Iove
437 3036 502 3081 non
522 3018 688 3103 probante,
711 3037 747 3082 u·

440 3101 553 3169 xorius
575 3102 689 3168 amnis.

88 3323 106 3371 l.
133 3317 208 3370 Nota
230 3334 299 3386 quae
321 3321 396 3372 aeder
417 3321 510 3383 meret
532 3321 672 3386 columbis]
697 3319 781 3371 (lodex
798 3317 957 3368 Battelianns
980 3332 1027 3381 pro
1052 3318 1124 3368 varia

88 3404 106 3437 e
123 3388 271 3453 palumbis,
295 3390 336 3439 eui
354 3390 529 3456 astipulantur
553 3390 599 3439 illa
620 3389 714 3440 ueteris
728 3387 898 3446 scholiastae,
925 3383 1030 3435 Leniter·
1047 3386 1076 3435 rb
1093 3402 1123 3436 ro

88 3457 165 3505 rlrool
186 3461 212 3506 et
233 3459 347 3523 piretum
372 3463 399 3508 ot
414 3458 589 3523 palumborum
606 3459 734 3508 meminit.
770 3454 898 3504 Nimirum
921 3453 973 3502 iam
996 3452 1058 3502 olim
1079 3453 1123 3504 hio

88 3522 158 3573 obelo
176 3529 279 3575 notatus
298 3529 349 3575 est:
374 3542 431 3576 enm
449 3527 517 3576 enim
534 3524 669 3575 arboribus
694 3539 753 3574 raro
770 3528 815 3573 aut
831 3536 967 3584 numquam
985 3521 1122 3571 columbae
1198 3535 1202 3544 ·

88 3594 138 3656 nrt,
164 3607 213 3655 quo
231 3592 287 3641 inre
304 3593 406 3643 almam
429 3594 471 3644 hie
494 3593 608 3660 appellat
631 3598 722 3643 aotam
745 3588 918 3641 columbarum
945 3588 1046 3639 sedem?
1081 3590 1121 3638 An

89 3674 145 3708 mna
162 3659 249 3723 itaque
266 3660 307 3709 his
325 3660 515 3712 fideiussoribus
531 3661 682 3728 palumbis?
698 3659 767 3710 Illud
781 3662 865 3709 tamen
880 3657 1035 3718 adversatur,
1053 3657 1121 3721 quod

88 3732 132 3775 tter
149 3726 219 3788 alibi,
238 3731 264 3777 et
282 3727 408 3792 Virgilius
423 3730 576 3795 palumbem
593 3728 676 3778 solent
693 3728 785 3789 dicere,
803 3743 855 3776 non
871 3726 1035 3791 palumbum.
1070 3724 1120 3774 Sed

88 3796 179 3844 umbus
196 3811 254 3844 suos
272 3800 389 3846 auctores
406 3795 490 3858 habet,
509 3796 682 3857 Columellam,
700 3796 822 3860 Plinium,
835 3793 988 3855 Martialem,
998 3791 1120 3842 Catonem

104 3863 177 3912 Rust.
195 3877 251 3929 cap.
268 3862 321 3913 XO.
369 3866 423 3914 Iam
441 3864 543 3928 quidem
566 3865 635 3930 apud
651 3864 766 3915 Persium
783 3864 833 3925 ΙΙΙ,
847 3864 886 3916 16.
911 3865 971 3928 post
986 3860 1120 3910 Pithoenm

88 3929 132 3980 dis
158 3929 252 3980 fertur:
291 3936 341 3996 „nt
364 3948 411 3983 aur·
436 3947 490 3983 non
513 3936 606 3999 potirer
634 3937 775 3999 teneroque
808 3929 925 3982 eolumbo
958 3928 996 3979 Et
1024 3927 1120 3976 similis

104 3997 221 4064 pueris.“
247 3999 341 4050 Verum
358 4000 397 4051 ibi
414 4004 442 4051 et
456 4004 553 4051 veteres
562 4000 687 4051 editiones
705 4005 731 4050 et
743 4004 794 4050 tres
805 4016 868 4065 quos
886 3995 1003 4049 oonsnlui
1019 3994 1119 4045 eodioes

88 4068 118 4117 lo
145 4066 220 4131 plane
237 4067 367 4119 exhibent.
400 4069 526 4119 Excusari
543 4067 639 4133 poterit
655 4072 758 4132 reoepta
774 4067 862 4118 Finem
877 4065 963 4126 lectio,
982 4063 1005 4114 si
1022 4063 1118 4113 dixeris

87 4133 229 4185 lumborum
245 4136 348 4186 nomine
365 4137 441 4186 etiam
459 4136 591 4202 palumbes
609 4135 801 4201 comprehendi:
819 4135 863 4186 sed
879 4148 961 4197 neque
978 4132 1025 4182 illo
1042 4135 1119 4197 paeto

105 4203 251 4268 ambiguum
269 4209 295 4255 et
317 4200 348 4254 τὸ
367 4199 552 4271 εὐδιάβλητονΙ
