2840 4762
203 225 249 286 no
595 227 627 287 q.
650 225 791 273 nonnum
812 225 936 274 nnneur

294 370 389 435 Nunc
410 364 503 430 decet
524 367 581 428 aut
602 359 696 427 viridi
718 359 854 424 nitidum
877 364 975 446 caput
994 357 1141 446 inpedire
1163 369 1274 450 myrto,

254 469 284 519 to
340 454 406 518 Aut
425 449 513 525 flore,
536 453 641 512 terrae
663 464 757 528 quem
781 445 887 510 ferunt
908 446 1042 511 solutae.

297 541 391 604 Nunc
413 541 445 600 et
465 534 499 598 in
523 530 681 597 umbrosis
704 532 816 596 Fauno
839 530 932 596 decet
951 531 1107 597 inmolare
1130 532 1219 610 lucis,

343 623 408 689 Seu
430 623 544 707 poscat
565 636 661 697 agna,
685 615 752 680 sive
773 614 865 679 malit
886 615 1000 680 haedo.

296 706 424 774 Pallida
445 723 531 770 mors
553 720 657 783 aequo
679 701 789 786 pulsat
810 699 893 786 pede
915 720 1094 799 pauperum
1116 701 1275 782 tabernas,

338 792 528 873 Regumque
550 786 656 852 turris.
681 789 699 850 d
721 785 816 851 beate
839 785 935 865 Sesti,
1070 800 1071 803 ’

254 892 282 941 15
297 876 390 942 Vitae
413 894 539 941 summa
560 871 667 938 brevis
684 889 773 956 spem
790 889 848 935 nos
862 875 952 937 vetat
967 868 1117 935 inchoare
1134 870 1272 952 longam.

338 963 408 1027 Iam
431 965 462 1024 te
485 962 608 1044 premet
628 975 701 1035 nor,
726 956 920 1038 tabulaeque
940 955 1064 1032 Manes,

205 1064 209 1068 ’
296 1047 337 1111 m
359 1045 473 1110 domus
497 1043 591 1110 exilis
613 1040 780 1108 Plutonia:
804 1060 867 1122 quc
891 1039 986 1106 simul
1006 1037 1135 1118 meanis,

280 1249 318 1300 12.
347 1246 400 1299 Seu
419 1250 517 1312 poscat
538 1258 638 1309 agnam
658 1244 714 1292 etue
735 1242 814 1292 metit
836 1242 960 1305 baedam]
983 1243 1024 1291 Ita
1049 1244 1172 1310 scriptum
1197 1245 1226 1294 in
1253 1247 1336 1296 tribus

209 1315 339 1368 Lambini.
373 1315 445 1364 Unus
463 1312 570 1376 Oruquii
594 1316 619 1360 et
644 1310 797 1359 Bersmanni
817 1324 873 1359 curn
897 1310 960 1360 meis
976 1310 1168 1362 Zulichemiano
1192 1317 1218 1362 et
1241 1314 1337 1378 Regiae

208 1384 347 1448 societatis,
362 1383 478 1446 Agnam,
495 1385 529 1444 et,
547 1379 652 1430 haedos.
671 1378 744 1434 Quod
760 1376 847 1443 paullo
856 1378 962 1442 propius
980 1378 1079 1429 aceedit
1096 1379 1128 1431 ad
1145 1397 1230 1430 veram
1247 1382 1336 1432 lectio·

210 1468 282 1517 nem,
308 1457 333 1501 et
350 1452 462 1517 plurium
486 1452 511 1498 et
536 1447 702 1497 vetustiorum
726 1446 842 1496 codicum
865 1447 994 1510 suffragiis
1017 1446 1146 1510 innixam,
1172 1448 1226 1498 Seu
1240 1456 1338 1516 poscet

208 1535 284 1584 agna,
302 1522 357 1569 siue
375 1519 455 1568 rneltt
470 1516 557 1566 haedo.
577 1515 679 1565 Servius
690 1514 722 1564 ad
730 1513 822 1578 Virgil.
831 1514 921 1579 Eelog.
931 1515 980 1579 ΙΙΙ,
997 1516 1037 1566 ΙΙ.
1062 1515 1226 1566 (lumfaciam
1245 1518 1335 1570 vitula.

209 1587 349 1653 Figurate,
367 1586 467 1648 scotum
485 1583 585 1647 vitula,
603 1587 635 1632 ut
650 1581 752 1642 fectum
771 1587 838 1644 trare,
855 1582 957 1643 facium
975 1597 1058 1648 agna.
1083 1584 1173 1633 Horat.
1202 1583 1273 1649 „Seu
1288 1601 1337 1652 po·

209 1661 268 1705 aeut
286 1669 366 1718 regnu,
384 1657 439 1703 stne
455 1652 534 1702 metit
550 1651 661 1700 dcedo.“
695 1652 736 1699 Ita
753 1649 849 1714 legitur
865 1651 942 1699 etiem
960 1651 1028 1715 apud
1045 1651 1156 1702 Marium
1174 1653 1337 1703 Victorinum

208 1739 235 1789 p.
246 1724 320 1774 2515.
340 1726 365 1771 et
383 1721 495 1771 Plotium
506 1722 581 1771 2659.
617 1719 701 1768 Codex
719 1718 876 1767 Graerianus
894 1718 922 1766 in
939 1719 1068 1782 margine:
1086 1720 1190 1783 „Deest
1209 1722 1337 1771 immolari

208 1790 287 1841 sibi.‘⁴
317 1788 480 1839 Rectissime:
508 1793 534 1837 et
550 1786 664 1852 proiecto
682 1787 704 1835 si
723 1800 823 1850 egnum
841 1791 866 1834 et
884 1785 997 1835 haedum
1015 1786 1120 1851 legeris,
1145 1787 1228 1838 nihilo
1253 1790 1337 1839 secius

209 1857 413 1908 subaudiendum
433 1858 482 1906 erit
499 1857 664 1918 extrinsecus,
683 1852 733 1903 Seu
752 1854 933 1918 poscitaguam
951 1855 1087 1906 immolari
1103 1857 1161 1905 ridi.
1186 1857 1266 1921 Atqui
1284 1863 1337 1907 tam

210 1925 274 1976 bene
292 1926 385 1976 Latine
404 1924 506 1987 dicitur,
524 1924 608 1988 poscit
626 1938 697 1987 agne
722 1920 773 1971 sibi
790 1922 929 1985 immolari,
954 1937 1043 1987 quam,
1066 1924 1150 1988 poscit
1168 1940 1269 1989 egnum
1287 1925 1338 1976 sibi

210 1993 345 2044 immolari.
379 1991 525 2042 Macrobius
554 1991 655 2040 Satura.
679 1990 727 2050 111,
752 1992 791 2042 10.
835 1989 959 2054 „Quando
985 1991 1053 2040 enim
1079 1991 1175 2041 diceret
1201 1992 1337 2057 Virgilius,

210 2060 374 2113 Caelicolum
397 2062 458 2124 regi
473 2060 623 2109 mactabam
646 2061 675 2108 in
700 2058 778 2107 litore
805 2062 928 2107 tanmem:
951 2058 974 2107 si
996 2059 1074 2109 sciret
1094 2058 1183 2110 Tauro
1200 2061 1340 2111 immolari

210 2131 270 2180 huic
289 2129 334 2179 deo
352 2128 475 2178 vetitum?
500 2131 544 2177 aut
562 2127 584 2176 si
602 2125 842 2192 comprehendisset,
859 2124 927 2188 quod
944 2127 1044 2177 Atteius
1063 2126 1155 2192 Capito
1173 2129 1338 2193 eomprehen-

211 2198 263 2258 dit,
289 2196 361 2247 cuius
379 2195 455 2246 verbe
473 2210 502 2245 er
519 2194 585 2244 libro
603 2195 624 2245 1.
643 2195 673 2244 de
697 2195 753 2244 iure
771 2193 958 2243 Sacrificiorum
982 2194 1044 2244 haee
1068 2199 1141 2245 sunt:
1167 2196 1263 2261 Itaque
1280 2197 1340 2247 loni

210 2270 293 2328 tauro,
310 2281 389 2329 verre,
408 2265 487 2314 ariete
505 2262 631 2312 immolari
647 2277 703 2312 nen
721 2262 788 2312 licet.
824 2259 910 2311 Labeo
928 2278 987 2310 vero
1004 2261 1053 2312 LX
1080 2268 1106 2313 et
1122 2264 1187 2313 VIIl
1204 2264 1272 2314 libro
1297 2266 1339 2315 in·

210 2334 280 2396 tulit,
298 2334 349 2383 nisi
367 2334 495 2397 Neptuno,
514 2331 629 2396 Apollini
647 2334 673 2380 et
690 2329 766 2379 Marti
786 2334 893 2379 taurum
912 2346 963 2378 non
981 2329 1133 2382 immolari.“
1163 2332 1270 2382 Frustra
1287 2333 1339 2397 igi·

210 2407 253 2451 tur
271 2401 436 2451 Grammatici
453 2401 495 2450 hic
515 2402 640 2463 quaerunt
665 2398 758 2447 nodum
786 2397 813 2446 in
831 2397 923 2461 scirpo.
959 2397 1028 2447 Illud
1051 2403 1134 2449 tamen
1158 2399 1265 2450 fortasse
1289 2416 1338 2465 pu·

209 2470 334 2535 gnabunt,
352 2474 446 2533 protect
462 2483 561 2532 agnem
579 2468 621 2516 hic
644 2466 697 2531 legi
714 2470 837 2530 oportere,
855 2470 886 2514 ut
903 2466 930 2514 in
947 2465 1030 2529 Epod.
1040 2465 1123 2531 XVII,
1133 2468 1173 2519 38.
1201 2467 1340 2530 „Paretur

213 2540 332 2603 rapiere,
349 2552 396 2585 eeu
413 2535 560 2599 poposceris
580 2534 688 2585 Centum
705 2535 857 2583 iuvencos.“
892 2533 984 2582 Verum
1010 2534 1048 2584 ibi
1067 2535 1145 2584 codex
1161 2551 1232 2586 meus
1250 2538 1339 2586 Batte·

210 2604 309 2665 lienus,
333 2603 414 2653 bonae
432 2608 515 2664 notae,
534 2602 599 2652 clare
618 2600 726 2662 exhibet,
753 2606 858 2651 centum
884 2603 1021 2664 turencis;
1048 2614 1111 2666 quae
1134 2619 1193 2653 nera
1211 2605 1340 2669 scriptura

212 2678 258 2733 est,
276 2676 377 2733 tamque
394 2670 471 2719 huius
489 2670 539 2719 loci
555 2670 690 2719 lectionem
709 2670 848 2730 confirmat,
866 2683 940 2733 quum
959 2669 990 2718 ab
1009 2685 1037 2719 ea
1049 2671 1341 2721 invicemconfirmatnr.

282 2741 322 2790 16.
348 2736 405 2786 lam
423 2741 448 2787 te
464 2742 567 2802 premet
588 2752 644 2786 nou
670 2736 831 2801 fabulaeque
853 2739 952 2799 rnuner]
977 2737 1100 2788 Dubitare
1126 2740 1222 2805 poteris
1251 2740 1340 2804 plura·

211 2807 266 2856 line
283 2820 387 2855 numero
404 2804 447 2854 hic
465 2805 607 2868 accipiatur
624 2803 741 2868 sedulae,
759 2820 790 2853 an
809 2805 923 2869 genitivo
941 2805 1073 2868 singulari.
1101 2807 1159 2856 Hoc
1176 2806 1221 2856 ille
1239 2807 1340 2870 maluit,

212 2875 365 2939 quicumque
383 2872 441 2933 luit,
460 2873 504 2936 qui
521 2872 631 2936 margini
649 2872 744 2922 codicis
762 2873 898 2922 Graeviani
915 2873 963 2922 hcc
983 2873 1102 2923 Scholion
1126 2874 1226 2937 allevit,
1251 2874 1342 2926 Fadu-

213 2941 264 3005 lae,
280 2942 369 3005 genie:
388 2941 486 3003 singul.
503 2955 554 3004 pro
574 2938 745 2990 distuleram.
763 2946 789 2989 et
805 2939 973 3003 Prudentius,
991 2946 1128 3006 perpetuus
1145 2942 1235 2993 Nostri
1252 2943 1340 2993 imita-

212 3014 261 3072 tor,
280 3008 656 3073 Contrasymmachum1,190.
684 3007 738 3070 „Et
756 3013 794 3057 tot
812 3008 909 3073 templa
927 3007 1004 3058 decim
1021 3007 1128 3074 Romae,
1147 3016 1212 3075 qreot
1228 3013 1257 3060 tn
1276 3013 1341 3061 orde

212 3076 355 3143 sepulchre
373 3075 489 3124 Heroum
506 3090 649 3125 numerere
667 3075 744 3125 licet:
768 3090 833 3139 quos
858 3074 945 3125 tabula
972 3092 1057 3127 manes
1076 3075 1223 3141 Nottlr‘tct,
1249 3084 1340 3128 noster

212 3145 330 3212 populus
347 3149 489 3193 uerteretur
513 3143 643 3192 cderctr“
669 3143 744 3207 plane
770 3144 837 3192 huuc
861 3143 946 3192 locum
972 3145 1000 3194 in
1026 3145 1111 3195 animo
1135 3145 1233 3196 habuit.
1269 3146 1340 3196 Illud

213 3218 297 3263 tamen
316 3215 417 3261 secutus
441 3211 540 3260 videtur
564 3212 679 3271 Persius,
713 3226 770 3259 cum
800 3210 866 3260 dixit
882 3211 913 3272 V,
934 3214 990 3263 152.
1034 3215 1121 3278 „cinis
1144 3219 1170 3263 ct
1198 3228 1291 3264 menes
1315 3219 1341 3263 et

212 3280 308 3341 fabule
323 3280 396 3341 fiea.“
421 3277 576 3327 Utrumlibet
594 3278 707 3343 elegeris,
726 3279 812 3329 eodem
830 3278 882 3328 iere
899 3295 939 3329 res
957 3280 1030 3330 redit.

283 3350 323 3398 11.
349 3347 386 3396 ΕΙ
409 3346 502 3396 domus
526 3345 616 3395 unitis
639 3346 773 3409 Plutonia]
799 3346 892 3396 Daniel
909 3348 1046 3410 Heinsius,
1075 3355 1101 3398 et
1117 3349 1253 3411 Bembina,
1282 3365 1339 3399 cnm

214 3415 317 3465 Advers.
327 3413 408 3475 XXX,
422 3416 460 3465 13.
479 3418 532 3462 tum
557 3412 588 3461 ad
612 3414 690 3464 Statii
707 3413 837 3464 Thebaida
852 3416 873 3476 I,
890 3417 930 3467 56.
954 3415 1032 3479 legit:
1058 3414 1113 3479 „Et
1130 3416 1223 3468 domus
1241 3417 1340 3467 exilii.“

214 3482 288 3533 Nihil
306 3496 425 3545 umquam
442 3481 495 3530 vidi
514 3480 629 3533 dilutius.
664 3482 758 3531 Domus
777 3483 864 3546 emilie,
883 3488 920 3532 est
938 3499 1018 3546 egena
1036 3488 1061 3533 et
1078 3485 1161 3549 inops,
1180 3486 1236 3534 sine
1254 3486 1339 3550 supel-

213 3549 300 3599 lectile
317 3552 342 3598 et
351 3562 434 3613 penu:
451 3554 480 3598 ut
498 3548 560 3598 alibi
578 3549 661 3614 Epist.
671 3551 691 3611 I,
702 3552 727 3610 6,
740 3552 781 3602 45.
817 3549 1021 3612 „Exilisdomue
1031 3557 1082 3614 est,
1100 3554 1209 3602 utinen
1220 3554 1339 3604 etrnaltu

212 3620 365 3682 supersunt,
384 3616 421 3665 Et
438 3616 573 3666 deminum
590 3616 698 3681 fallunt,
722 3623 747 3667 et
763 3623 879 3685 preeunt
893 3617 1026 3679 stem'bua“
1061 3619 1104 3669 Sic
1123 3625 1213 3670 lenires
1227 3627 1340 3685 penates

216 3687 312 3735 Seneca
328 3683 356 3733 in
374 3683 516 3750 Hippolyto
539 3700 561 3734 v.
578 3686 635 3736 269.
673 3684 746 3748 „Cur
768 3688 797 3735 tn
820 3692 929 3750 penates
952 3689 1044 3737 rarius
1068 3691 1156 3737 tenues
1178 3689 1251 3738 subit
1267 3690 1340 3739 Haec

214 3753 345 3803 delicatus
363 3751 463 3815 eligens
480 3755 560 3817 pertis
578 3752 705 3802 domost“
732 3753 774 3802 Sic
790 3753 923 3818 gracilem
931 3753 1021 3805 durem
1030 3755 1152 3819 Apuleius
1161 3755 1189 3805 in
1204 3755 1338 3822 Apologia.

215 3819 287 3886 „Sed
301 3819 374 3886 quod
390 3821 449 3869 uiuo
465 3820 568 3884 gracili
584 3819 645 3880 lere,
664 3819 736 3884 quod
752 3824 892 3885 pauciores
909 3837 999 3872 seruos
1017 3824 1128 3873 dabec.“
1162 3823 1275 3873 Probent
1292 3825 1339 3875 hoe

214 3894 241 3938 et
258 3888 403 3952 sequentia,
422 3885 478 3938 chc
495 3902 580 3952 regne
598 3889 661 3937 uini.
696 3888 783 3950 Nihil,
807 3889 905 3953 inquit,
928 3889 967 3938 ibi
989 3891 1113 3956 reperies,
1141 3907 1191 3955 qno
1208 3890 1273 3942 bene
1292 3893 1338 3943 sit:

215 3972 297 4021 neque
315 3955 447 4017 conviviis,
466 3970 511 4004 nee
530 3954 656 4004 amoribus
675 3955 826 4020 indulgendi
843 3956 951 4006 facultas
969 3959 1026 4020 erit,
1044 3963 1089 4008 aut
1104 3958 1176 4009 locus
1187 3961 1340 4011 commodus.

215 4025 304 4088 Neque
321 4040 380 4073 nero
398 4021 440 4071 hic
461 4038 610 4086 quemquern
628 4022 752 4073 offendere
770 4023 844 4074 debet
861 4025 989 4089 geminum
1012 4026 1163 4091 Epitheton,
1182 4028 1262 4090 emilie
1279 4029 1340 4079 Plu·

217 4095 299 4154 tonia,
318 4091 385 4156 quod
403 4095 487 4140 tamen
505 4089 568 4139 alias
586 4105 670 4140 rarum
688 4096 733 4143 est.
770 4092 812 4141 Sic
830 4093 897 4142 enim
916 4098 940 4143 et
958 4092 1035 4156 alibi,
1054 4094 1139 4144 eadem
1158 4095 1233 4160 plane
1252 4097 1339 4156 torma,

215 4159 378 4222 Epistmt,
391 4160 446 4209 151.
464 4161 521 4223 „etc
537 4158 655 4208 horridus
673 4159 718 4208 tlte
735 4160 858 4221 Dcslunit
876 4177 1001 4211 numerus
1020 4163 1182 4216 Satumius.“
1198 4164 1235 4214 Et
1247 4164 1339 4229 Vir-gil
