2842 4758
305 346 309 357 ⁸
341 356 524 407 meliosus
544 358 612 406 me.
631 359 654 407 1.
677 352 708 406 ³:

130 489 192 556 nisi
216 490 382 567 concedas,
404 490 543 559 habeare
564 492 723 560 insuavis:
747 493 881 559 aoerbus

138 583 172 640 et
193 575 291 657 iugis,
313 583 349 641 ut
370 576 529 642 Rusonem
552 577 676 643 debitor
696 579 795 655 aerie3

115 659 168 738 isi,
193 681 265 726 eum
287 660 396 726 tristes
416 660 533 728 misem
555 682 669 729 venere
692 663 863 740 Calendis,

116 745 189 810 dem
212 754 269 811 eut
290 765 436 812 nummos
458 747 543 813 unde
564 747 649 814 uude
670 749 812 824 extricat,
836 767 963 814 amesae

115 837 157 895 eto
178 831 291 912 iugulo
313 830 472 908 historiae,
495 832 640 918 captivus
662 840 707 913 ut,
730 833 829 899 audit.

329 948 351 983 v.
371 934 413 987 86.
433 932 508 998 Vulg.
526 934 684 985 monem.

115 1048 130 1080 o
154 1048 203 1083 suo
228 1034 328 1096 votuit,
354 1035 401 1085 sed
425 1037 454 1084 ire
478 1041 648 1085 monumento
670 1051 698 1085 ss
720 1038 853 1085 oriciorum
870 1052 979 1086 suorum
996 1038 1067 1097 l'crri

115 1117 129 1148 e
146 1103 186 1150 ito
203 1100 316 1154 includi.
351 1100 460 1152 Veritus
476 1104 592 1164 scilicet,
609 1118 644 1153 rso
660 1105 739 1168 iguis,
758 1106 806 1168 qui
822 1106 926 1154 nomini
941 1120 989 1154 suo
1006 1107 1065 1155 sub·

115 1206 117 1223 .
145 1171 257 1234 corpori
273 1176 435 1234 negantur,-
461 1185 516 1221 noo
536 1169 628 1237 finiuit
651 1176 753 1221 tanturm
777 1187 805 1221 sc
827 1174 897 1237 ipss,
922 1172 1066 1224 sedetiam

115 1234 220 1286 llcmini
242 1235 387 1302 aliquando
411 1253 472 1288 cum
488 1241 615 1289 recitaret
642 1240 796 1301 historiam,
819 1255 944 1303 magnam
959 1246 1065 1305 portem

115 1306 122 1365 ]
148 1304 324 1365 conuoluisse,
349 1309 375 1355 et
398 1305 513 1356 dixisse.-
541 1306 612 1356 Haec
634 1322 703 1372 quoe
726 1311 845 1367 transeo,
871 1314 932 1371 post
955 1314 1065 1358 mor-tem

115 1378 178 1421 rtur.
216 1371 323 1435 Quouis
341 1375 370 1422 irs
388 1373 443 1423 iltis
461 1374 569 1424 libertos
585 1373 653 1437 suit,
672 1390 751 1440 quom
770 1378 849 1425 ctiam
867 1374 1001 1426 Labienus
1018 1391 1064 1427 sec·

115 1442 172 1490 issii
194 1440 300 1505 Soceri,
328 1442 443 1492 bominis
465 1441 585 1492 bobisno
603 1442 811 1506 iunctissimi*),
839 1443 904 1494 betis
927 1444 998 1494 dicto
1022 1460 1065 1494 res

123 1508 174 1558 ltto
193 1514 319 1575 tempore,
337 1524 388 1574 quo
408 1510 472 1561 libri
487 1509 602 1560 Labieni
618 1526 652 1560 sse
669 1508 718 1562 SC.
736 1513 899 1561 urebantur:
917 1509 996 1562 Nunc
1013 1528 1062 1576 me,

115 1591 158 1625 um
176 1580 223 1627 uri
240 1582 357 1643 oportet,
383 1580 431 1644 qui
448 1578 508 1628 iilos
526 1577 652 1630 edidici.“
686 1579 756 1628 Haec
775 1578 806 1629 ds
824 1578 937 1629 Labieno
956 1581 1063 1630 Seneca:

124 1644 191 1694 illud
220 1646 312 1709 opinor
339 1651 453 1709 constet,
485 1645 582 1696 nullum
613 1645 699 1710 potius
722 1646 865 1706 bominem,
891 1663 963 1711 quam
987 1649 1064 1711 hunc,

115 1713 237 1775 guomine
260 1713 302 1763 hio
327 1715 410 1764 taxari
433 1729 448 1763 u
470 1714 563 1764 Fleoco
586 1717 673 1763 nostro
699 1713 822 1765 debuisse.
864 1715 973 1778 Tempus
996 1717 1063 1766 enim

117 1796 160 1829 um
181 1780 318 1831 Lebisnus
333 1782 380 1831 sub
403 1786 519 1846 Augusto
543 1782 636 1832 vixerit
661 1785 688 1832 et
710 1782 853 1832 decesserit.
895 1782 963 1832 Idem
988 1784 1063 1848 vulgo

114 1848 130 1897 b
153 1847 258 1898 insanis
281 1855 307 1898 et
329 1849 400 1899 rabie
422 1850 562 1901 vocitatus:
589 1849 655 1900 idem
680 1850 707 1900 in
724 1865 826 1900 summo
844 1849 905 1900 odio
923 1855 976 1900 tum
995 1851 1063 1916 apud

115 1915 182 1980 epud
199 1916 359 1981 Principem:
377 1918 444 1967 idem
464 1917 553 1969 Cossio
572 1917 668 1967 Severo
686 1920 874 1980 iunctissimus,
892 1934 964 1982 quem
980 1918 1062 1969 Hore-

115 1984 217 2034 tissimis
235 1985 329 2034 lembis
346 1986 481 2047 lecersrit,
506 1984 589 2050 Epod.
606 1984 651 2036 vl.
685 1986 743 2035 Huc
761 1985 874 2044 secedit,
893 1986 959 2050 quod
977 2002 1062 2037 exem·

122 2052 216 2101 Nostro
234 2053 351 2117 ponitur,
377 2069 428 2103 nou
446 2054 557 2104 cuiusvis
574 2059 657 2103 mente
675 2054 744 2117 cepti
762 2059 788 2104 et
805 2053 951 2115 delirantis,
976 2070 1061 2104 serum

115 2120 281 2171 eirsouudie
304 2125 329 2170 et
346 2120 417 2171 rabie
433 2121 600 2182 insanientis3
627 2120 675 2183 „Si
692 2125 751 2186 quis
774 2136 833 2172 eum
857 2138 960 2172 seruum
977 2151 1011 2159 -
1029 2123 1061 2173 Iu

115 2190 184 2244 :ot“:
210 2202 261 2251 quo
285 2188 384 2238 nullum
400 2190 486 2254 eptius
504 2190 630 2255 pertinet,
654 2203 728 2252 quam
753 2190 800 2239 boc
819 2190 943 2251 Labieni,
969 2191 1014 2254 qui
1032 2207 1060 2240 eo

124 2271 217 2320 genere
233 2255 342 2306 Robieui
360 2273 451 2307 nomen
476 2266 514 2308 est
531 2262 688 2308 consecutus.
718 2257 807 2314 Qualis
824 2263 850 2307 et
867 2257 910 2307 ille
928 2258 1062 2309 Dormitius

115 2328 121 2371 1
139 2328 227 2374 namet
235 2324 335 2375 Gellius
352 2325 450 2386 XVIII,
468 2328 491 2378 i.
510 2326 537 2391 [ξ
557 2328 595 2388 ll,
613 2331 834 2390 „cognomentum
850 2327 942 2375 insano
958 2326 1061 2386 suctum

116 2407 133 2439 u
151 2397 211 2441 erat
227 2398 327 2443 notura
345 2394 545 2444 intractabilior
568 2399 595 2444 et
611 2396 768 2443 morosior.“
801 2394 872 2443 Heeo
891 2394 992 2458 quidem
1009 2410 1060 2444 om·

116 2461 135 2508 le
153 2459 286 2522 inducunt,
305 2462 461 2523 uidebor,
480 2468 505 2511 et
522 2478 573 2511 uon
592 2461 651 2523 elio,
670 2461 782 2510 locutum
801 2476 854 2511 esee
871 2460 989 2511 Fleooum
1008 2461 1060 2512 exi-

118 2532 169 2577 tem
187 2527 267 2589 absit,
294 2534 323 2578 ut
340 2529 467 2579 Antistius
484 2529 529 2580 ille
545 2529 646 2590 Lebeo‚
673 2530 724 2590 llos
742 2529 871 2579 delibutus
888 2530 984 2595 populi
1000 2546 1061 2579 sero-

116 2595 174 2659 utto,
193 2596 336 2647 abhomine
352 2613 485 2662 quoquam,
503 2598 548 2663 qui
562 2597 703 2663 ipeosanus
713 2596 755 2657 sit,
772 2597 1058 2663 proinsenohsbeetur.

116 2667 180 2728 igis,
207 2671 238 2714 ut
260 2665 410 2715 Drusonem
434 2667 538 2716 debitor
561 2668 640 2728 ocris]
682 2667 722 2715 lta
745 2670 803 2731 post
826 2665 918 2714 Aldum
944 2666 1058 2730 plerique

123 2748 179 2781 cem
209 2732 291 2796 prime
313 2733 411 2783 Veneta
434 2732 578 2796 bufonum,
607 2733 686 2783 ultera
712 2731 860 2796 llissorscm,
887 2734 1059 2784 Losoberiune

116 2799 214 2853 :bibest
240 2801 310 2866 Lege
328 2818 386 2851 vero
403 2799 581 2862 llusoucm,
601 2801 835 2865 quedmembrauee
851 2801 902 2851 iere
912 2818 998 2851 omnes
1008 2808 1058 2850 tem

118 2886 141 2916 m
160 2869 280 2931 aliorum,
299 2874 446 2935 sgnosount.
481 2870 564 2934 Atque
582 2870 618 2918 ite
635 2874 718 2918 Acron
736 2873 762 2919 et
778 2870 881 2930 MStus,
900 2875 926 2919 et
942 2869 1058 2919 Venetiis

137 2935 206 2987 limo
224 2938 287 2988 setis
305 2938 422 3003 frequens
440 2938 508 3002 epud
525 2938 651 2986 Romanos
669 2953 815 3001 cognomen.
835 2939 958 2988 Gruterus
976 2941 1017 2998 64,
1033 2939 1057 2987 9.

117 3005 143 3052 [Ο
161 3005 297 3055 RUSONE
315 3005 383 3055 008.
403 3007 460 3063 302,
481 3011 502 3055 1.
529 3005 565 3057 M.
584 3004 703 3054 boelus
722 3004 815 3055 RVSO.
835 3008 892 3064 464,
911 3007 935 3056 9.
961 3005 1056 3054 RUSP.

117 3073 197 3137 tw)
215 3073 335 3125 Rvsou.
359 3073 485 3123 Martialis
502 3073 533 3135 V,
551 3074 591 3125 ie.
612 3074 654 3135 [29
666 3090 687 3121 v.
696 3075 723 3135 4]
742 3075 858 3135 ‚,Pr'etote
874 3072 974 3132 tratres
993 3070 1057 3122 Cirr·

118 3145 205 3203 ineos,
231 3142 367 3193 Probitate
390 3141 508 3203 Macros,
538 3143 662 3191 comitate
685 3141 823 3190 Rusones.“
861 3139 904 3190 Cu.
933 3139 1057 3189 Octauius

124 3209 271 3260 Sallustium
289 3211 316 3260 in
334 3211 450 3275 Iugurth.
469 3226 490 3259 o.
512 3211 567 3261 104.
602 3208 723 3258 Abudius
741 3206 824 3270 flesso,
842 3207 946 3257 Tacitus
964 3208 1056 3257 Annei.

118 3279 129 3337 l.
158 3276 305 3328 Cremutius
322 3276 407 3342 lluso,
431 3278 498 3328 Plin.
515 3277 601 3343 Epist.
621 3277 670 3338 VI,
695 3277 735 3328 23.
754 3276 811 3326 ride
829 3280 855 3326 et
871 3274 923 3335 IX,
953 3278 989 3327 19.
1025 3277 1056 3325 In

118 3360 142 3393 m
159 3345 251 3395 nostris
268 3346 468 3411 Magdalenensi,
487 3344 610 3406 Petrensi,
629 3350 654 3395 et
669 3344 812 3394 Bettelisuo
822 3343 972 3394 Drusorum
990 3344 1057 3394 clere

118 3412 130 3461 I
153 3428 275 3477 nusquam
298 3413 360 3464 alibi
378 3415 443 3464 illud
461 3415 564 3464 verbum
581 3413 673 3478 legisse
691 3412 857 3464 meminimus.
894 3411 1010 3462 Ceterum
1028 3413 1056 3462 in

118 3482 303 3545 iterpuuctioue
321 3498 371 3532 non
391 3482 481 3532 leviter
498 3483 529 3533 ab
547 3479 728 3547 interpretibus
743 3484 874 3547 peccatum
891 3487 943 3530 est:
963 3480 1057 3543 „poul-

118 3551 132 3596 't
155 3552 268 3606 amicus,
295 3549 373 3612 Quod
395 3553 450 3599 uisi
475 3550 618 3612 concedes,
645 3550 760 3599 bebecre
782 3551 918 3610 diaeresim
945 3551 1056 3598 acerbus

118 3619 176 3681 igis,
196 3623 227 3666 ut
243 3615 372 3667 Rusonem
391 3616 494 3667 debitor
512 3621 608 3668 ocrie.“
633 3618 683 3679 Sic,
701 3617 813 3682 iuquam,
832 3616 1055 3680 distinguendum:

121 3687 202 3746 uuum,
222 3688 276 3734 nisi
292 3688 467 3736 concesseris:
486 3692 514 3735 ot
532 3691 560 3735 tu
579 3688 689 3735 acerbus
707 3685 793 3735 odisti.
827 3687 861 3733 At
877 3685 955 3748 vulgo
974 3678 1055 3733 ἀσυν-

119 3758 208 3817 ngunt,
226 3754 339 3803 bobeorc
356 3756 483 3816 insuavis,
501 3754 624 3804 acerbus:
643 3753 712 3817 quod
728 3757 823 3816 quanto
838 3751 915 3801 silius
933 3751 1054 3802 deterius-

119 3838 151 3881 ro,
169 3821 234 3871 nibil
251 3838 315 3886 opus
333 3828 371 3871 cst
389 3821 479 3873 dicere.
506 3823 564 3871 Non
582 3821 719 3871 concedere
728 3824 754 3869 et
765 3820 916 3880 condonare,
935 3822 1054 3869 insuavis

119 3905 153 3938 ese
176 3894 200 3939 et
216 3889 317 3953 fugere,
341 3891 438 3940 acerbi.
475 3891 554 3940 Porro
576 3893 602 3939 et
623 3889 689 3938 illud
712 3887 783 3950 vide,
814 3902 898 3936 ennon
922 3892 948 3936 et
970 3891 1054 3936 vetere

119 3958 183 4006 tione
200 3973 268 4007 error
284 3958 423 4022 irrepserit,
441 3959 653 4022 quodproquoi:
673 3955 811 4021 ‚paullum
820 3954 934 4018 deliquit
944 3957 1053 4014 amicus,

119 4025 232 4085 incedas,
260 4027 374 4076 bobeore
389 4028 542 4075 ,insuoois.“
575 4024 603 4075 id
628 4029 679 4085 est,
706 4026 751 4074 cui
774 4022 882 4073 delicto:
912 4026 940 4071 ut
957 4022 1054 4085 Eclege

119 4095 169 4144 140.
196 4095 263 4156 „boc
280 4100 319 4144 est
335 4093 512 4144 mediocribus
535 4093 589 4143 iliis
607 4093 652 4143 lice
674 4094 747 4142 uitiis
771 4106 867 4151 ursum,
893 4091 936 4139 eoi
953 4094 977 4140 si
994 4106 1053 4139 con-

120 4164 142 4208 .“
160 4165 184 4211 et
200 4176 222 4211 v.
243 4163 298 4213 130.
316 4163 519 4227 „mcdiocribus,
538 4165 637 4226 etquis
655 4162 784 4226 Ignosces,
802 4160 875 4209 vitiis
893 4160 1010 4209 teucor.“

120 4264 156 4302 imi
168 4261 228 4302 Burs.
242 4273 289 4303 oum
305 4261 377 4314 codd]

120 4312 183 4354 ’HILI
196 4312 265 4365 deut]
