2834 4758
216 197 279 259 272
394 212 427 272 q.
450 212 592 260 monnau
613 211 736 259 ranam
762 211 942 259 alumnum
963 211 1030 257 um.
1054 212 1099 259 rv.
1124 207 1162 257 15.

302 344 443 410 Custode
465 367 570 412 rerum
592 346 741 423 Caesare,
764 365 826 411 non
849 346 938 411 turor

302 429 413 496 Civilis
436 439 493 496 aut
515 432 564 497 vis
586 430 694 513 exiget
715 431 830 515 otium,

343 517 415 582 Non
438 516 495 595 ira,
519 537 602 599 quae
624 516 772 601 procudit
794 516 890 594 ensis,

258 611 290 663 20
425 601 623 667 termissus
645 600 788 667 inimicat
810 602 916 666 urbes.

300 686 373 751 Non
395 686 451 769 qui
472 686 667 772 profundum
689 685 875 751 Danubium
896 684 1018 764 bibunt,

300 770 415 836 Edicta
436 779 589 857 rumpunt
610 771 710 848 Iulia;
732 791 797 834 non
819 772 930 847 Getae,

344 857 416 921 Non
439 857 535 927 Seres
557 855 686 922 infidive
708 858 836 930 Persae,

418 941 490 1006 Non
513 942 638 1006 Tanain
659 960 759 1027 prope
780 940 899 1005 flumen
921 939 990 1004 orti.

258 1037 290 1088 tt
303 1025 436 1108 Nosque
458 1034 491 1092 et
512 1027 663 1112 protestis
686 1026 811 1090 lucibus
834 1031 866 1092 et
888 1024 997 1101 sacris,

300 1111 387 1176 Inter
408 1111 507 1177 iocosi
530 1132 664 1176 munera
685 1109 805 1187 Liberi,

343 1195 423 1260 Cum
446 1197 536 1281 prole
558 1195 776 1278 matronisque
797 1193 915 1260 nostris

417 1281 489 1347 Rite
509 1283 597 1347 Deos
618 1281 708 1366 prius
730 1278 904 1366 adprecati,

300 1363 426 1431 Virtute
450 1367 574 1431 Iunctos
597 1386 685 1430 more
706 1373 834 1452 patrum
858 1364 975 1442 duces,

258 1460 289 1510 30
303 1449 404 1532 Lydis
427 1451 560 1515 remixto
583 1450 723 1517 carmine
745 1450 861 1536 tibiis,

342 1535 535 1618 Troiamque
558 1543 590 1600 et
610 1535 772 1602 Anchisen
794 1541 826 1599 et
847 1534 952 1598 almae

417 1620 608 1701 Progeniem
630 1620 763 1687 Veneris
786 1639 947 1684 canemus.

213 1766 354 1834 Utrumque
380 1788 437 1821 suos
462 1779 576 1823 auctores
599 1773 682 1823 habet.
724 1772 849 1837 Virgilius
874 1772 966 1834 Georg.
986 1770 1044 1832 [III,
1063 1770 1122 1830 277]
1158 1783 1232 1829 ‚mon
1261 1768 1342 1828 Eure,

215 1840 283 1900 tuos,
306 1854 390 1903 neque
407 1840 468 1889 solis
486 1841 518 1890 ad
536 1846 633 1890 ortus.“
667 1841 768 1891 Plinius
786 1841 845 1890 Nat.
863 1840 933 1890 Hist.
952 1838 1009 1900 Vll,
1028 1838 1069 1887 27.
1088 1836 1170 1901 [W]
1199 1835 1266 1899 „Aa
1282 1835 1341 1885 solis

213 1909 285 1954 ortus
302 1909 422 1958 missur.“
457 1909 611 1958 Prudentius
630 1912 766 1974 Apotheos.
784 1925 807 1959 r.
826 1910 884 1960 424.
922 1905 1036 1968 ,Audiit
1059 1904 1202 1954 aduentum
1229 1905 1341 1965 domini,

213 1987 291 2036 quiem
309 1975 370 2024 solis
388 1975 481 2025 Hiberi
499 1976 599 2042 Vesper
617 1979 702 2039 habet,
721 1992 811 2027 roseos
829 1978 919 2041 etqui
936 1989 1021 2023 novus
1038 1973 1141 2037 accipit
1156 1977 1258 2024 ortus.“
1283 1973 1342 2022 Ori·

213 2039 271 2089 dius
289 2042 374 2105 Epist.
393 2044 492 2094 Paridis
512 2045 582 2108 [Her.
600 2043 671 2108 XVI,
693 2047 764 2107 tlt]:
782 2041 857 2107 „Nec
875 2045 924 2093 titi
940 2057 993 2107 par·
1009 2056 1123 2106 mquam
1141 2038 1274 2107 stryges,
1293 2054 1341 2090 uec

213 2107 275 2157 solis
293 2108 323 2158 ab
342 2115 425 2166 ortu.“
462 2112 602 2163 Sallustius
621 2112 697 2164 Catil,
715 2114 788 2166 aas.
808 2114 834 2176 [ξ
842 2114 867 2174 4]
887 2110 955 2173 „Cari
972 2125 1032 2160 caan
1049 2109 1087 2158 ad
1102 2123 1212 2158 occasus
1230 2109 1264 2160 ab
1283 2112 1341 2157 ortu

212 2175 274 2224 solis
293 2181 383 2228 omnia
401 2179 503 2231 domita
527 2184 609 2231 arania
626 2179 780 2246 parerent.“
815 2180 851 2228 Et
867 2179 987 2243 Iugurtb.
1004 2193 1026 2228 c.
1047 2179 1085 2227 It.
1105 2178 1131 2241 [ξ
1142 2179 1167 2239 4]
1192 2178 1252 2238 „Aa
1272 2179 1340 2226 occi-

212 2241 290 2293 dente
307 2244 407 2305 fratum
425 2252 513 2298 nostri
529 2252 612 2298 macir
630 2255 656 2299 at
674 2249 780 2311 Oceani,
799 2248 830 2297 ab
849 2252 906 2296 ortu
924 2246 985 2296 solis
1004 2245 1130 2295 decliuem
1141 2244 1340 2295 latitudinem.“

213 2313 249 2360 hc
273 2328 319 2361 nos
346 2316 462 2380 quidem,
487 2317 535 2366 etsi
558 2318 639 2368 maior
661 2332 722 2382 pars
746 2315 947 2365 membranarum
975 2319 1050 2363 oriris
1073 2312 1222 2375 exhibeant,
1250 2318 1340 2363 ortum

213 2383 297 2497 tegmen
321 2398 379 2431 aum
401 2384 566 2449 paucioribus
590 2384 743 2451 probamus;
767 2400 798 2434 ne
827 2384 902 2432 toties
929 2381 1015 2432 sibilet
1038 2381 1113 2430 litera
1131 2381 1147 2429 S
1166 2381 1192 2429 in
1211 2385 1339 2431 maiestas

212 2463 232 2498 a
269 2454 344 2498 ortus
361 2451 432 2501 sotis.

284 2519 322 2568 18.
341 2517 443 2582 Erigat
460 2522 553 2582 otium]
583 2519 736 2570 Scholiastes
755 2519 927 2584 Porphyrion:
947 2515 1082 2581 „Idraigct5
1100 2530 1179 2577 nrcnc,
1199 2516 1339 2567 excludet:

212 2589 244 2633 ut
259 2586 307 2648 sit,
327 2590 405 2650 quasi
422 2592 500 2638 aetna
519 2592 597 2651 aget‚·
622 2593 652 2637 ui
672 2586 822 2648 Terentius,
844 2583 1023 2651 ‘Spectandae
1046 2599 1083 2632 aa
1108 2585 1259 2647 erigendae
1285 2587 1339 2633 aiut

212 2652 286 2700 uobis
300 2646 419 2716 prius.'“
452 2657 535 2720 Atque
559 2655 624 2703 hanc
641 2655 778 2706 lectionem
803 2660 944 2719 sequuntur
968 2657 1069 2717 praeter
1093 2650 1191 2716 aliquot
1215 2650 1337 2703 Lambini

213 2717 347 2767 Leidensis
366 2725 452 2770 noster
469 2728 494 2772 at
513 2721 682 2786 Colbertinus,
710 2723 802 2788 quibus
820 2724 847 2772 in
866 2722 980 2785 margine
999 2720 1155 2783 adscriptum
1174 2723 1276 2771 eximet
1292 2735 1337 2784 pro

212 2785 283 2834 varia
300 2786 419 2837 lectione.
456 2788 557 2852 Contra,
576 2790 732 2839 Graecianus
751 2796 776 2840 et
793 2789 945 2856 Baginensis
964 2790 1062 2838 emimet
1077 2787 1105 2836 in
1124 2788 1180 2852 ipso
1201 2804 1275 2839 versu
1293 2788 1336 2836 ha·
1392 2816 1393 2829 r

211 2851 281 2914 bant,
306 2860 331 2903 et
354 2858 446 2920 euiget
462 2858 493 2908 ad
511 2874 580 2908 oram
599 2856 725 2922 ablegant.
763 2859 846 2908 Ceteri
864 2873 951 2907 omnes
968 2872 1026 2906 cum
1043 2857 1141 2904 Acrone
1157 2855 1336 2920 Manuscripto
1392 2858 1393 2913 ζ

211 2925 238 2971 et
261 2920 417 2974 editionibus
434 2927 527 2991 priscis
551 2929 650 2976 emimet
665 2927 794 2986 retinent3
821 2926 892 2976 nulla
918 2926 1032 2974 diversae
1049 2923 1190 2988 scripturae
1207 2925 1336 2974 mantione

211 2989 286 3040 tacta.
321 2988 386 3042 Utra
402 2993 453 3043 iam
470 2996 560 3046 harum
577 2995 711 3045 retinenda
728 2996 796 3044 erit?
820 3011 852 3044 an
880 2996 976 3043 suimet
994 2994 1085 3053 otium,
1104 2994 1150 3040 hoc
1169 2995 1214 3053 eat,
1233 2993 1334 3052 adimet,

212 3058 302 3109 tollet?
320 3067 350 3111 ut
368 3062 473 3113 Ovidius
492 3064 594 3115 Remad.
613 3066 667 3113 Am.
687 3066 719 3125 [v.
740 3065 797 3124 139]
833 3063 910 3125 „Otia
927 3064 953 3111 ci
976 3060 1058 3121 tollas,
1075 3062 1182 3125 periere
1200 3061 1334 3127 cupidinis

211 3132 308 3178 artcr.“
345 3130 442 3180 Statius
473 3132 534 3183 sav.
553 3133 615 3195 1,2.
634 3148 656 3180 v.
680 3133 734 3182 182.
771 3130 863 3194 „Ergo
892 3145 942 3195 age
964 3131 1047 3193 iunge
1073 3133 1153 3191 toros,
1183 3133 1265 3193 atque
1283 3127 1334 3178 otia

211 3195 283 3245 deme
310 3199 458 3250 iuuentae.“
494 3200 567 3250 Ovid.
585 3201 661 3249 Pont.
678 3199 699 3263 I,
719 3201 744 3250 2.
762 3201 796 3263 [a
818 3201 856 3261 16]
892 3198 1034 3261 „Hostibus
1052 3199 1081 3246 in
1100 3195 1195 3246 madiis
1212 3199 1333 3262 interque
1392 3192 1393 3229 l

211 3265 333 3326 pericula
358 3282 463 3331 curor,
492 3266 639 3332 Tamquam
657 3281 717 3316 eum
741 3269 836 3332 patria
859 3281 910 3331 pax
936 3268 973 3314 sit
998 3264 1098 3314 ademta
1114 3264 1206 3313 mitri.“
1228 3265 1333 3316 ‘Verum

211 3329 276 3379 illud
301 3332 388 3395 officit,
413 3334 480 3398 quod
508 3338 624 3384 emanere
648 3334 678 3384 da
702 3350 729 3383 re
753 3333 858 3384 molesta
883 3333 1032 3399 plerumque
1051 3332 1152 3393 dicitur,
1171 3336 1200 3381 ut
1219 3336 1332 3384 cnr'mera

213 3412 314 3462 curam,
339 3407 444 3462 metum,
469 3401 575 3466 famem
599 3405 699 3468 apinae,
726 3402 835 3464 fartum,
862 3407 937 3467 atque
956 3400 1007 3450 alia
1033 3399 1160 3450 eiusmodi
1178 3416 1242 3464 quae
1261 3405 1332 3451 iutra

211 3479 304 3528 corpus
327 3470 372 3515 aut
395 3469 508 3518 animum
524 3474 672 3530 mercantum
705 3473 730 3519 et
754 3471 862 3535 proinde
886 3486 916 3520 ex
940 3485 969 3519 eo
995 3468 1085 3532 eximi,
1110 3467 1203 3529 educi,
1227 3467 1331 3527 extrahi,

211 3532 286 3582 evelli
302 3539 416 3597 possunt.
447 3537 535 3588 Otium
552 3555 610 3588 vero
628 3543 654 3588 et
669 3553 764 3603 pacem
782 3542 915 3589 etcaetara
932 3536 1006 3598 laeta,
1025 3537 1064 3585 rel
1082 3551 1146 3600 quae
1164 3540 1235 3585 extra
1253 3536 1331 3588 bomi-

211 3618 269 3651 nem
287 3603 441 3667 consistunt,
459 3622 510 3654 non
529 3610 580 3656 tam
603 3609 686 3656 aaimi
704 3621 779 3670 quam
797 3605 882 3657 adimi
899 3605 1013 3655 dixerim.
1039 3604 1144 3653 Rectius
1168 3603 1250 3668 igitur
1266 3605 1331 3670 lege·
1392 3598 1393 3649 l

211 3686 274 3735 mus,
294 3669 404 3735 „Cicilia
421 3679 470 3723 acii
486 3676 527 3723 via
544 3675 629 3740 exiget
647 3676 757 3736 otium,“
782 3674 809 3724 id
829 3679 874 3736 est,
894 3672 1017 3735 excludet,
1042 3672 1157 3736 expellet,
1176 3672 1331 3731 exturbabit;

210 3742 240 3787 ut
263 3738 355 3795 Noster
373 3739 451 3803 alibi,
477 3741 595 3792 ducator
620 3748 758 3809 tyrannos.
800 3742 880 3792 Tacit.
905 3741 997 3791 Annal.
1015 3740 1059 3801 VI,
1078 3742 1103 3793 3.
1127 3739 1181 3802 [VI,
1200 3742 1225 3802 9]
1261 3740 1332 3805 „Hoc

207 3811 326 3872 pretium
353 3807 440 3869 Gallio
464 3810 609 3861 meditatus
632 3810 797 3860 adulationis
821 3810 890 3872 ttulit,
915 3811 1005 3859 rtatim
1024 3811 1111 3872 curia,
1136 3807 1231 3857 deinde
1254 3808 1330 3859 ltalia

210 3880 340 3925 exactus.“
375 3879 410 3927 Et
428 3877 497 3942 XIV,
516 3880 556 3930 28.
591 3877 706 3942 „Vibius
724 3877 863 3928 Secundus
886 3895 917 3927 re
936 3876 1097 3927 etundauum
1115 3875 1269 3938 damnatur,
1295 3880 1330 3926 at-

209 3959 261 4007 quc
273 3944 354 3995 ltalia
363 3946 501 4011 exigitur.“
529 3948 636 3997 Plautus
645 3947 718 4012 (lapt.
728 3945 759 4010 V,
769 3948 792 3997 4.
805 3948 837 4010 [r.
849 3949 876 4009 4]
896 3893 965 4008 „boi
983 3945 1073 3995 latore
1092 3943 1221 3993 lassitudo
1232 3949 1272 3994 ast
1281 3943 1330 3994 exi·

209 4013 297 4151 funda
324 4029 362 4131 effi
382 4016 520 4080 corporc.“
570 4016 635 4071 Vide
661 4015 736 4080 plura
759 4014 827 4079 apud
850 4013 963 4064 Nonium
988 4012 1136 4063 Marcellum
1164 4028 1184 4060 r.
1212 4011 1329 4078 aaron
1392 4030 1393 4035 ¹

223 4096 249 4144 ρ.
268 4083 317 4133 290
363 4084 433 4144 erc.].
