2840 4752
190 227 254 290 tte
573 238 604 299 q.
627 236 768 288 nonam
788 239 912 288 mucor

209 388 242 440 35
254 376 296 441 Et
317 374 434 441 calices
477 374 558 439 osolt
578 372 724 438 maiores.
768 378 891 439 vertere
911 372 1015 458 pallor

253 463 336 526 Turn
357 396 489 547 parochi
510 458 634 537 faciem,
656 459 700 522 nil
721 456 769 523 sie
789 458 959 524 metuentis
982 466 1017 524 ut
1037 459 1120 524 acris

252 547 401 612 Potores:
423 544 475 611 vel
496 542 582 626 qnod
604 541 796 608 maledicunt
817 543 963 621 liberius;
986 546 1037 609 vel

253 630 392 697 Fervida
412 629 498 713 quod
520 628 637 695 subtile
659 629 834 694 exsurdant
853 628 928 693 rina
949 631 1102 715 palatum.

252 715 418 781 Invertunt
437 713 587 781 Allifanis
608 712 731 778 vinaria
753 720 821 778 tota
908 780 911 786 ,

209 814 241 864 ro
255 800 401 868 Vibidius
422 799 625 881 Balatroque,
648 798 765 864 secutis
787 796 952 865 omnibns:
973 796 1029 863 imi

254 884 414 952 Convivae
435 882 509 950 lecti
529 882 663 948 nihilum
685 903 823 949 nocuere
843 883 977 966 lagenis.

253 970 407 1037 Adfertur
429 969 564 1052 squillas
586 969 669 1033 inter
691 988 843 1035 muraena
864 968 1005 1033 natantis

254 1056 292 1122 In
314 1057 425 1141 patina
446 1061 600 1139 porrecta.
629 1053 689 1120 sub
711 1054 772 1118 hoe
792 1054 898 1130 herus,
920 1055 1010 1119 Haec
1030 1056 1172 1134 gravida,
1195 1057 1321 1142 inquit,

256 1139 360 1225 Capta
382 1147 451 1217 est;
474 1139 611 1204 deterior
631 1144 705 1223 post
725 1145 851 1224 partum
873 1159 968 1204 carne
989 1139 1106 1206 futura.

210 1238 241 1287 45
255 1225 315 1290 His
336 1224 469 1290 mixtum
492 1224 543 1288 ius
566 1229 631 1302 est;
652 1222 732 1301 oleo,
755 1222 841 1305 quod
862 1223 966 1309 prima
987 1224 1115 1290 Venaf'

253 1310 374 1377 Pressit
397 1310 494 1386 cella;
516 1328 596 1389 garo
617 1307 659 1373 de
680 1307 783 1373 succis
804 1308 902 1394 piscis
924 1307 1050 1388 Hiberi;

253 1394 335 1461 Vino
357 1394 563 1478 quinquenni,
585 1413 696 1459 verum
717 1394 797 1458 citra
817 1413 904 1459 mare
924 1400 1028 1471 nato,

254 1481 339 1546 Dum
361 1481 521 1562 coquitur;
545 1485 633 1544 coeto
655 1477 770 1543 Chium
792 1479 839 1545 sie
860 1479 1015 1553 convenit,
1039 1485 1157 1546 utnon

254 1563 322 1628 Hoc
343 1565 448 1646 magis
471 1563 571 1629 ullum
593 1562 698 1642 aliud;
720 1563 831 1648 pipere
852 1564 936 1643 albo,
957 1584 1020 1628 non
1043 1565 1112 1632 sine
1132 1573 1235 1645 aceto,

216 1663 247 1710 eu
261 1648 355 1727 Quod
376 1648 632 1734 Methymnaeam
653 1647 731 1714 vitio
751 1650 921 1714 mutaverit
943 1670 1054 1718 uvam:

255 1735 379 1799 Erueas
400 1734 521 1811 viridis,
543 1733 649 1799 inulas
671 1752 732 1814 ego
754 1735 876 1818 primus
898 1755 1025 1800 amaras

255 1819 429 1884 Monstravi
451 1820 619 1901 incoquere
626 1839 635 1896 ;
658 1819 774 1884 inlotos
796 1818 950 1885 Curtillus
971 1819 1110 1898 echinos,

255 1904 299 1972 Ut
321 1905 434 1971 melius
456 1905 568 1981 muria,
594 1924 692 1986 quarn
714 1910 797 1969 testa
817 1903 941 1969 marina
962 1904 1102 1970 remittit.

255 1990 382 2056 Interea
403 2008 562 2074 suspensa
582 1986 691 2069 gravis
712 1989 827 2054 aulaea
847 1989 957 2055 ruinas

212 2086 244 2137 15
257 2077 294 2140 In
316 2074 458 2160 patinam
481 2074 594 2151 lecere,
617 2073 775 2139 trahentia
800 2075 941 2159 pulveris
963 2072 1024 2138 atri

256 2160 418 2238 Quantum
440 2179 503 2223 non
524 2158 641 2241 Aquilo
664 2158 836 2245 Campanis
859 2159 976 2224 excitat
997 2157 1095 2240 agris.

254 2247 322 2311 Nos
345 2245 571 2320 maluerant,
595 2251 765 2329 postquam
787 2244 865 2309 nihil
889 2266 962 2311 esse
983 2243 1093 2328 pericli

256 2331 431 2406 Sensimus,
455 2328 615 2410 erigimur.
659 2330 762 2395 Rufus
783 2330 887 2414 posito
910 2329 1024 2415 capite,
1047 2335 1082 2395 nt
1104 2327 1132 2395 si

255 2415 358 2480 Filius
379 2416 557 2479 inmaturus
579 2413 709 2489 obisset,
732 2413 816 2481 flere.
861 2413 933 2497 quis
956 2420 1042 2479 esset

213 2511 244 2562 60
258 2500 358 2575 Finis,
381 2499 413 2564 ni
436 2501 565 2584 sapiens
587 2498 632 2562 sio
652 2500 874 2566 Nomentanus
895 2500 1032 2565 amioum

255 2585 417 2650 Tolleretl
437 2586 520 2664 Heu,
540 2586 693 2662 Fortuna,
715 2583 788 2667 quis
810 2590 859 2651 est
880 2583 1038 2651 crudelior
1057 2582 1092 2650 in
1112 2602 1171 2649 nos

256 2671 303 2735 Te
324 2669 435 2735 Deus?
456 2675 491 2734 ut
512 2689 638 2755 semper
659 2669 783 2750 gaudes
804 2669 949 2737 inludere
969 2671 1067 2737 rebus

255 2754 429 2821 Humanisl
451 2755 568 2821 Varius
589 2774 708 2840 mappa
730 2775 919 2840 conpescere
939 2754 1039 2821 risum

255 2840 319 2905 Vix
340 2846 474 2925 poterat.
518 2839 646 2905 Balatro
669 2839 870 2925 suspendens
892 2840 997 2904 omnia
1018 2856 1109 2919 nasu,

213 2936 243 2989 os
257 2926 354 2991 Hanc
376 2932 428 2991 est
442 2925 579 2990 conditio
601 2925 739 3001 vivendi,
760 2924 883 2994 aiebat:
906 2944 1009 3008 eoque

258 3011 464 3095 Responsura
486 3018 539 3075 tuo
561 3030 735 3093 numquam
758 3016 808 3076 est
828 3031 888 3096 par
908 3012 994 3076 fama
1013 3006 1126 3074 labori.

193 3243 269 3280 manu
288 3229 335 3281 sit:
359 3229 428 3280 unde
445 3229 514 3279 onim
530 3228 641 3280 indoctis
658 3230 784 3280 Librariis
802 3233 853 3280 tam
871 3229 1011 3295 elegantem
1027 3227 1180 3279 lectionem?
1207 3224 1311 3278 utillud

194 3302 274 3363 utque
297 3297 372 3349 facile
396 3297 516 3363 obrepere
545 3298 632 3363 potuit
653 3297 858 3350 dormitantibus.
899 3299 997 3364 Nempe
1019 3311 1145 3360 passerem
1168 3295 1264 3361 piscem
1288 3298 1313 3345 et
1397 3334 1398 3343 ,

193 3364 334 3426 rhombum,
352 3380 404 3415 non
422 3365 512 3426 elixos,
529 3366 573 3416 sed
591 3381 663 3415 assos
681 3365 797 3417 exhibuit
814 3366 983 3416 Nasidienus:
1006 3364 1083 3428 idque
1098 3379 1146 3430 pro
1162 3363 1241 3414 huius
1258 3364 1311 3414 Ser·

194 3432 277 3484 monis
294 3431 379 3481 indole
397 3433 501 3483 minime
518 3433 561 3483 hic
579 3432 711 3484 tacendum
731 3439 794 3485 erat.
829 3433 931 3501 Quippe
955 3448 985 3484 ex
1002 3435 1138 3499 praecepto
1156 3430 1239 3497 Catii,
1262 3431 1311 3481 Nu·

194 3500 287 3552 sidieni
305 3500 380 3551 eredo
397 3501 473 3551 huius
491 3501 609 3564 asseclae,
627 3502 704 3552 Serm.
715 3502 750 3563 ΙΙ,
768 3505 792 3554 4.
811 3519 835 3557 v.
845 3505 885 3554 38.
912 3501 991 3566 „Non
1008 3503 1074 3550 eatis
1094 3506 1133 3550 ert
1148 3515 1215 3550 cara
1234 3500 1311 3565 pisces

195 3585 318 3621 averrere
334 3585 433 3632 mensa,
451 3569 581 3633 Ignarum
599 3573 693 3635 quitus
711 3576 750 3619 est
766 3573 809 3621 ius
826 3573 924 3634 aptius,
942 3572 1070 3635 etquidem
1083 3566 1311 3632 assistangainu
1397 3618 1398 3625 ,

194 3639 223 3688 ire
242 3638 358 3688 cubitum
376 3639 431 3688 iam
448 3654 475 3687 se
499 3642 609 3689 conviva
632 3641 767 3703 reponat.“
801 3638 925 3703 Apuleius
942 3639 969 3687 in
986 3636 1113 3701 Apologia
1137 3639 1172 3702 [p.
1191 3637 1242 3688 299
1249 3673 1256 3700 ,
1280 3635 1311 3687 23

193 3705 488 3770 nlm.=p.4910ud.].
506 3706 599 3770 „Alios
608 3709 688 3756 etiam
704 3706 788 3771 pisces
799 3706 890 3756 mraltis
909 3708 1027 3756 versibus
1044 3705 1181 3755 decorauit
1193 3703 1311 3764 unnim,-

194 3778 233 3836 et,
257 3773 304 3823 udi
318 3777 439 3838 gentium
457 3777 567 3841 quisque
584 3789 675 3824 eorum
693 3777 860 3835 inueniatur,
884 3774 1013 3836 ostendit‚·
1039 3772 1156 3838 qualiter
1179 3788 1251 3822 assus
1268 3773 1313 3823 aut

193 3842 345 3892 iurulentus
364 3845 462 3907 optime
484 3844 599 3907 sapiat.“
632 3842 739 3893 Plautus
755 3842 875 3893 Asinaria
891 3843 919 3902 1,
943 3844 967 3895 3.
991 3857 1016 3894 v.
1034 3843 1074 3893 28.
1109 3838 1212 3905 „Qum
1227 3839 1310 3905 piscis,

194 3908 286 3960 itidem
305 3915 467 3961 autumatur·
485 3910 573 3974 lenae,
597 3926 711 3975 nequam
735 3916 773 3960 est
794 3913 849 3960 nisi
871 3926 978 3973 racans5
1004 3910 1031 3961 lr
1054 3910 1132 3959 lentot
1148 3923 1269 3972 succum,
1291 3908 1312 3957 ir
1397 3904 1398 3915 ¹

194 3979 369 4039 suauitatem
387 3993 446 4028 eum
463 3981 555 4044 quovis
572 3984 651 4042 pacto
670 3978 794 4039 cundiam
813 3978 863 4029 Vel
870 3982 1046 4043 patinarium,
1064 3978 1106 4027 vel
1122 3991 1206 4027 assum
1220 3989 1311 4038 versa,

196 4060 247 4108 quo
265 4051 343 4110 paeto
363 4046 459 4095 lubet.“
493 4046 555 4097 Inde
573 4046 849 4111 Pseudapioiusdere
867 4045 1082 4099 colinariam.
1101 4049 1132 4109 [u.
1150 4045 1176 4107 d]
1206 4043 1271 4108 „Ius
1286 4045 1312 4094 ia

197 4110 294 4162 Mallos
312 4114 402 4163 assos“
418 4140 452 4151 ·-
476 4117 507 4178 [e.
526 4116 552 4176 5]
577 4114 923 4175 ‚,io1’clumidamassum“
942 4142 973 4153 -
993 4115 1025 4179 [c.
1044 4115 1070 4177 8]
1094 4117 1140 4178 „in
1158 4112 1313 4163 Murranum

197 4183 302 4228 aasum“
325 4206 358 4215 -
381 4182 411 4241 [e.
433 4183 473 4241 11]
498 4197 564 4246 „pro
581 4182 692 4231 Bautica
710 4183 787 4232 asso“
811 4210 843 4221 -
866 4184 898 4244 [o.
918 4184 960 4245 12}
983 4183 1031 4247 „in
1048 4181 1182 4234 Auroram
1198 4179 1312 4232 mmm-‘³
