<?xml version="1.0" encoding="UTF-8"?>
<!DOCTYPE html PUBLIC "-//W3C//DTD XHTML 1.0 Transitional//EN"
    "http://www.w3.org/TR/xhtml1/DTD/xhtml1-transitional.dtd">
<html xmlns="http://www.w3.org/1999/xhtml" xml:lang="en" lang="en">
 <head>
  <title>
</title>
<meta http-equiv="Content-Type" content="text/html;charset=utf-8" />
  <meta name='ocr-system' content='tesseract 3.04.00' />
  <meta name='ocr-capabilities' content='ocr_page ocr_carea ocr_par ocr_line ocrx_word'/>
</head>
<body>
  <div class='ocr_page' id='page_1' title='image "./qhoratiusflaccu02bentgoog_0234.png"; bbox 0 0 2834 4758; ppageno 0'>
   <div class='ocr_carea' id='block_1_1' title="bbox 205 279 938 356">
    <p class='ocr_par' dir='ltr' id='par_1_1' title="bbox 205 279 938 356">
     <span class='ocr_line' id='line_1_1' title="bbox 205 279 938 356; baseline 0.005 -13"><span class='ocrx_word' id='word_1_1' title='bbox 205 279 265 343; x_wconf 81' lang='lat'>258</span> <span class='ocrx_word' id='word_1_2' title='bbox 597 296 628 356; x_wconf 78' lang='lat' dir='ltr'>o.</span> <span class='ocrx_word' id='word_1_3' title='bbox 651 295 793 345; x_wconf 74' lang='lat' dir='ltr'>nonern</span> <span class='ocrx_word' id='word_1_4' title='bbox 814 298 938 347; x_wconf 76' lang='lat' dir='ltr'>rnsccl</span> 
     </span>
    </p>
   </div>
   <div class='ocr_carea' id='block_1_2' title="bbox 246 429 1009 1447">
    <p class='ocr_par' dir='ltr' id='par_1_2' title="bbox 246 429 957 939">
     <span class='ocr_line' id='line_1_2' title="bbox 289 429 829 515; baseline 0.006 -21"><span class='ocrx_word' id='word_1_5' title='bbox 289 430 423 514; x_wconf 87' lang='lat' dir='ltr'>Inpune,</span> <span class='ocrx_word' id='word_1_6' title='bbox 445 429 538 507; x_wconf 93' lang='lat' dir='ltr'>Lolli,</span> <span class='ocrx_word' id='word_1_7' title='bbox 560 449 691 515; x_wconf 85' lang='lat' dir='ltr'>carpere</span> <span class='ocrx_word' id='word_1_8' title='bbox 713 429 829 497; x_wconf 84' lang='lat' dir='ltr'>lividas</span> 
     </span>
     <span class='ocr_line' id='line_1_3' title="bbox 289 513 803 581; baseline -0.002 -1"><span class='ocrx_word' id='word_1_9' title='bbox 289 513 483 580; x_wconf 84' lang='lat' dir='ltr'>Obliviones.</span> <span class='ocrx_word' id='word_1_10' title='bbox 528 520 578 581; x_wconf 92' lang='lat' dir='ltr'>est</span> <span class='ocrx_word' id='word_1_11' title='bbox 598 515 724 580; x_wconf 86' lang='lat' dir='ltr'>animus</span> <span class='ocrx_word' id='word_1_12' title='bbox 746 516 803 581; x_wconf 93' lang='lat' dir='ltr'>tibi</span> 
     </span>
     <span class='ocr_line' id='line_1_4' title="bbox 246 599 915 684; baseline 0.009 -22"><span class='ocrx_word' id='word_1_13' title='bbox 246 610 277 662; x_wconf 79' lang='lat' dir='ltr'>es</span> <span class='ocrx_word' id='word_1_14' title='bbox 333 600 515 681; x_wconf 84' lang='lat' dir='ltr'>Rerumque</span> <span class='ocrx_word' id='word_1_15' title='bbox 537 599 689 684; x_wconf 88' lang='lat' dir='ltr'>prudens,</span> <span class='ocrx_word' id='word_1_16' title='bbox 712 607 744 666; x_wconf 91' lang='lat' dir='ltr'>et</span> <span class='ocrx_word' id='word_1_17' title='bbox 765 601 915 668; x_wconf 90' lang='lat' dir='ltr'>secundis</span> 
     </span>
     <span class='ocr_line' id='line_1_5' title="bbox 410 684 957 768; baseline 0.007 -20"><span class='ocrx_word' id='word_1_18' title='bbox 410 684 622 768; x_wconf 82' lang='lat' dir='ltr'>Temporibus</span> <span class='ocrx_word' id='word_1_19' title='bbox 645 684 815 768; x_wconf 80' lang='lat' dir='ltr'>dubiisque</span> <span class='ocrx_word' id='word_1_20' title='bbox 835 691 957 767; x_wconf 92' lang='lat' dir='ltr'>rectus;</span> 
     </span>
     <span class='ocr_line' id='line_1_6' title="bbox 289 768 950 846; baseline 0.006 -11"><span class='ocrx_word' id='word_1_21' title='bbox 289 768 416 835; x_wconf 82' lang='lat' dir='ltr'>Vindex</span> <span class='ocrx_word' id='word_1_22' title='bbox 436 787 554 835; x_wconf 78' lang='lat' dir='ltr'>averno</span> <span class='ocrx_word' id='word_1_23' title='bbox 576 769 710 846; x_wconf 86' lang='lat' dir='ltr'>fraudis,</span> <span class='ocrx_word' id='word_1_24' title='bbox 733 777 765 836; x_wconf 90' lang='lat' dir='ltr'>et</span> <span class='ocrx_word' id='word_1_25' title='bbox 786 771 950 839; x_wconf 79' lang='lat' dir='ltr'>abstinens</span> 
     </span>
     <span class='ocr_line' id='line_1_7' title="bbox 290 852 895 939; baseline 0.003 -21"><span class='ocrx_word' id='word_1_26' title='bbox 290 852 445 919; x_wconf 90' lang='lat' dir='ltr'>Ducentis</span> <span class='ocrx_word' id='word_1_27' title='bbox 466 854 509 919; x_wconf 86' lang='lat' dir='ltr'>ad</span> <span class='ocrx_word' id='word_1_28' title='bbox 532 875 567 920; x_wconf 91' lang='lat' dir='ltr'>se</span> <span class='ocrx_word' id='word_1_29' title='bbox 589 861 704 919; x_wconf 87' lang='lat' dir='ltr'>cuncta</span> <span class='ocrx_word' id='word_1_30' title='bbox 725 855 895 939; x_wconf 84' lang='lat' dir='ltr'>pecuniae:</span> 
     </span>
    </p>

    <p class='ocr_par' dir='ltr' id='par_1_3' title="bbox 333 937 835 1020">
     <span class='ocr_line' id='line_1_8' title="bbox 333 937 835 1020; baseline -0.002 -16"><span class='ocrx_word' id='word_1_31' title='bbox 333 937 454 1004; x_wconf 81' lang='lat' dir='ltr'>Consul</span> <span class='ocrx_word' id='word_1_32' title='bbox 478 958 518 1005; x_wconf 84' lang='lat' dir='ltr'>ue</span> <span class='ocrx_word' id='word_1_33' title='bbox 540 959 602 1002; x_wconf 90' lang='lat' dir='ltr'>non</span> <span class='ocrx_word' id='word_1_34' title='bbox 627 939 722 1004; x_wconf 92' lang='lat' dir='ltr'>unius</span> <span class='ocrx_word' id='word_1_35' title='bbox 745 941 835 1020; x_wconf 83' lang='lat' dir='ltr'>anni;</span> 
     </span>
    </p>

    <p class='ocr_par' dir='ltr' id='par_1_4' title="bbox 246 957 1009 1260">
     <span class='ocr_line' id='line_1_9' title="bbox 246 957 1009 1107; baseline 0.005 -20"><span class='ocrx_word' id='word_1_36' title='bbox 246 1035 277 1087; x_wconf 82' lang='lat'>40</span> <span class='ocrx_word' id='word_1_37' title='bbox 410 957 485 1103; x_wconf 68' lang='lat' dir='ltr'>sei,</span> <span class='ocrx_word' id='word_1_38' title='bbox 509 1023 656 1106; x_wconf 87' lang='lat' dir='ltr'>quotiens</span> <span class='ocrx_word' id='word_1_39' title='bbox 679 1025 783 1091; x_wconf 91' lang='lat' dir='ltr'>bonus</span> <span class='ocrx_word' id='word_1_40' title='bbox 806 1031 903 1107; x_wconf 83' lang='lat' dir='ltr'>atque</span> <span class='ocrx_word' id='word_1_41' title='bbox 925 1026 1009 1091; x_wconf 86' lang='lat' dir='ltr'>lidus</span> 
     </span>
     <span class='ocr_line' id='line_1_10' title="bbox 289 1107 904 1195; baseline 0.002 -22"><span class='ocrx_word' id='word_1_42' title='bbox 289 1109 392 1174; x_wconf 83' lang='lat' dir='ltr'>Iudex</span> <span class='ocrx_word' id='word_1_43' title='bbox 412 1107 583 1174; x_wconf 87' lang='lat' dir='ltr'>honestum</span> <span class='ocrx_word' id='word_1_44' title='bbox 604 1110 757 1195; x_wconf 86' lang='lat' dir='ltr'>praetulit</span> <span class='ocrx_word' id='word_1_45' title='bbox 779 1109 849 1175; x_wconf 90' lang='lat' dir='ltr'>utili</span> <span class='ocrx_word' id='word_1_46' title='bbox 872 1116 904 1176; x_wconf 91' lang='lat' dir='ltr'>et</span> 
     </span>
     <span class='ocr_line' id='line_1_11' title="bbox 289 1193 806 1260; baseline -0.002 -1"><span class='ocrx_word' id='word_1_47' title='bbox 289 1193 411 1259; x_wconf 85' lang='lat' dir='ltr'>Reiecit</span> <span class='ocrx_word' id='word_1_48' title='bbox 431 1194 497 1258; x_wconf 81' lang='lat' dir='ltr'>alto</span> <span class='ocrx_word' id='word_1_49' title='bbox 520 1193 604 1258; x_wconf 84' lang='lat' dir='ltr'>dona</span> <span class='ocrx_word' id='word_1_50' title='bbox 626 1194 806 1260; x_wconf 87' lang='lat' dir='ltr'>nocentium</span> 
     </span>
    </p>

    <p class='ocr_par' dir='ltr' id='par_1_5' title="bbox 330 1278 956 1447">
     <span class='ocr_line' id='line_1_12' title="bbox 330 1278 956 1363; baseline 0.002 -21"><span class='ocrx_word' id='word_1_51' title='bbox 330 1278 436 1355; x_wconf 89' lang='lat' dir='ltr'>Voltu‚</span> <span class='ocrx_word' id='word_1_52' title='bbox 460 1284 492 1343; x_wconf 94' lang='lat' dir='ltr'>et</span> <span class='ocrx_word' id='word_1_53' title='bbox 501 1284 530 1355; x_wconf 64' lang='lat' dir='ltr'>*r</span> <span class='ocrx_word' id='word_1_54' title='bbox 552 1298 610 1363; x_wconf 88' lang='lat' dir='ltr'>per</span> <span class='ocrx_word' id='word_1_55' title='bbox 632 1279 789 1345; x_wconf 84' lang='lat' dir='ltr'>obstantis</span> <span class='ocrx_word' id='word_1_56' title='bbox 810 1285 956 1344; x_wconf 72' lang='lat' dir='ltr'>cateruas</span> 
     </span>
     <span class='ocr_line' id='line_1_13' title="bbox 407 1362 893 1447; baseline 0.004 -20"><span class='ocrx_word' id='word_1_57' title='bbox 407 1362 570 1447; x_wconf 82' lang='lat' dir='ltr'>Explicuit</span> <span class='ocrx_word' id='word_1_58' title='bbox 592 1384 651 1430; x_wconf 87' lang='lat' dir='ltr'>sua</span> <span class='ocrx_word' id='word_1_59' title='bbox 673 1364 773 1431; x_wconf 86' lang='lat' dir='ltr'>victor</span> <span class='ocrx_word' id='word_1_60' title='bbox 793 1385 893 1437; x_wconf 84' lang='lat' dir='ltr'>arma.</span> 
     </span>
    </p>
   </div>
   <div class='ocr_carea' id='block_1_3' title="bbox 197 1497 1409 4216">
    <p class='ocr_par' dir='ltr' id='par_1_6' title="bbox 201 1488 1408 2309">
     <span class='ocr_line' id='line_1_14' title="bbox 201 1497 1408 1583; baseline 0.002 -38"><span class='ocrx_word' id='word_1_61' title='bbox 201 1499 297 1562; x_wconf 81' lang='lat' dir='ltr'>patior</span> <span class='ocrx_word' id='word_1_62' title='bbox 315 1501 340 1546; x_wconf 91' lang='lat' dir='ltr'>te</span> <span class='ocrx_word' id='word_1_63' title='bbox 356 1497 433 1546; x_wconf 78' lang='lat' dir='ltr'>sileri</span> <span class='ocrx_word' id='word_1_64' title='bbox 449 1499 605 1548; x_wconf 79' lang='lat' dir='ltr'>inornatum</span> <span class='ocrx_word' id='word_1_65' title='bbox 622 1501 688 1548; x_wconf 83' lang='lat' dir='ltr'>meir</span> <span class='ocrx_word' id='word_1_66' title='bbox 705 1500 820 1560; x_wconf 79' lang='lat' dir='ltr'>ebertir3</span> <span class='ocrx_word' id='word_1_67' title='bbox 839 1500 895 1549; x_wconf 86' lang='lat' dir='ltr'>vide</span> <span class='ocrx_word' id='word_1_68' title='bbox 914 1498 996 1561; x_wconf 89' lang='lat' dir='ltr'>modo,</span> <span class='ocrx_word' id='word_1_69' title='bbox 1015 1513 1090 1562; x_wconf 83' lang='lat' dir='ltr'>quum</span> <span class='ocrx_word' id='word_1_70' title='bbox 1107 1497 1226 1548; x_wconf 81' lang='lat' dir='ltr'>indoctus</span> <span class='ocrx_word' id='word_1_71' title='bbox 1246 1503 1273 1548; x_wconf 89' lang='lat' dir='ltr'>et</span> <span class='ocrx_word' id='word_1_72' title='bbox 1292 1499 1337 1548; x_wconf 86' lang='lat' dir='ltr'>in·</span> <span class='ocrx_word' id='word_1_73' title='bbox 1407 1524 1408 1583; x_wconf 54' lang='lat' dir='ltr'>p</span> 
     </span>
     <span class='ocr_line' id='line_1_15' title="bbox 204 1565 1338 1632; baseline 0.002 -18"><span class='ocrx_word' id='word_1_74' title='bbox 204 1569 279 1630; x_wconf 87' lang='lat' dir='ltr'>eptus</span> <span class='ocrx_word' id='word_1_75' title='bbox 289 1579 377 1614; x_wconf 86' lang='lat' dir='ltr'>sensus</span> <span class='ocrx_word' id='word_1_76' title='bbox 387 1565 522 1615; x_wconf 75' lang='lat' dir='ltr'>enascitur.</span> <span class='ocrx_word' id='word_1_77' title='bbox 546 1565 609 1616; x_wconf 83' lang='lat' dir='ltr'>Non</span> <span class='ocrx_word' id='word_1_78' title='bbox 624 1568 762 1631; x_wconf 83' lang='lat' dir='ltr'>patior,</span> <span class='ocrx_word' id='word_1_79' title='bbox 780 1568 875 1632; x_wconf 87' lang='lat' dir='ltr'>inquit,</span> <span class='ocrx_word' id='word_1_80' title='bbox 894 1572 919 1617; x_wconf 86' lang='lat' dir='ltr'>te</span> <span class='ocrx_word' id='word_1_81' title='bbox 927 1567 1004 1617; x_wconf 78' lang='lat' dir='ltr'>sileri</span> <span class='ocrx_word' id='word_1_82' title='bbox 1020 1568 1101 1616; x_wconf 79' lang='lat' dir='ltr'>meis</span> <span class='ocrx_word' id='word_1_83' title='bbox 1112 1568 1221 1616; x_wconf 76' lang='lat' dir='ltr'>ubertis.</span> <span class='ocrx_word' id='word_1_84' title='bbox 1249 1565 1338 1622; x_wconf 85' lang='lat' dir='ltr'>Quor-</span> 
     </span>
     <span class='ocr_line' id='line_1_16' title="bbox 205 1632 1336 1700; baseline 0.003 -19"><span class='ocrx_word' id='word_1_85' title='bbox 205 1648 270 1693; x_wconf 87' lang='lat' dir='ltr'>sum,</span> <span class='ocrx_word' id='word_1_86' title='bbox 290 1632 388 1693; x_wconf 82' lang='lat' dir='ltr'>emebo,</span> <span class='ocrx_word' id='word_1_87' title='bbox 405 1632 471 1683; x_wconf 89' lang='lat' dir='ltr'>illud</span> <span class='ocrx_word' id='word_1_88' title='bbox 479 1634 591 1697; x_wconf 71' lang='lat' dir='ltr'>patrer?</span> <span class='ocrx_word' id='word_1_89' title='bbox 610 1634 672 1697; x_wconf 90' lang='lat' dir='ltr'>quid</span> <span class='ocrx_word' id='word_1_90' title='bbox 686 1641 818 1700; x_wconf 80' lang='lat' dir='ltr'>tantopere</span> <span class='ocrx_word' id='word_1_91' title='bbox 836 1635 1002 1685; x_wconf 75' lang='lat' dir='ltr'>laborandum</span> <span class='ocrx_word' id='word_1_92' title='bbox 1020 1634 1092 1684; x_wconf 80' lang='lat' dir='ltr'>eret?</span> <span class='ocrx_word' id='word_1_93' title='bbox 1110 1634 1188 1690; x_wconf 81' lang='lat' dir='ltr'>Quasi</span> <span class='ocrx_word' id='word_1_94' title='bbox 1199 1633 1336 1684; x_wconf 82' lang='lat' dir='ltr'>veroLol-</span> 
     </span>
     <span class='ocr_line' id='line_1_17' title="bbox 205 1700 1337 1766; baseline 0.002 -16"><span class='ocrx_word' id='word_1_95' title='bbox 205 1702 257 1750; x_wconf 72' lang='lat' dir='ltr'>ltus</span> <span class='ocrx_word' id='word_1_96' title='bbox 283 1700 445 1750; x_wconf 82' lang='lat' dir='ltr'>interdixerit</span> <span class='ocrx_word' id='word_1_97' title='bbox 461 1700 554 1751; x_wconf 82' lang='lat' dir='ltr'>Flacco</span> <span class='ocrx_word' id='word_1_98' title='bbox 560 1740 568 1765; x_wconf 91' lang='lat'>,</span> <span class='ocrx_word' id='word_1_99' title='bbox 596 1719 628 1751; x_wconf 89' lang='lat' dir='ltr'>ne</span> <span class='ocrx_word' id='word_1_100' title='bbox 646 1703 757 1766; x_wconf 89' lang='lat' dir='ltr'>quidde</span> <span class='ocrx_word' id='word_1_101' title='bbox 776 1719 801 1752; x_wconf 89' lang='lat' dir='ltr'>se</span> <span class='ocrx_word' id='word_1_102' title='bbox 819 1703 954 1753; x_wconf 83' lang='lat' dir='ltr'>scriberet:</span> <span class='ocrx_word' id='word_1_103' title='bbox 979 1706 1023 1754; x_wconf 81' lang='lat' dir='ltr'>aut</span> <span class='ocrx_word' id='word_1_104' title='bbox 1046 1702 1119 1766; x_wconf 86' lang='lat' dir='ltr'>qussi</span> <span class='ocrx_word' id='word_1_105' title='bbox 1139 1700 1256 1752; x_wconf 84' lang='lat' dir='ltr'>Cbertae</span> <span class='ocrx_word' id='word_1_106' title='bbox 1273 1704 1337 1752; x_wconf 78' lang='lat' dir='ltr'>eine</span> 
     </span>
     <span class='ocr_line' id='line_1_18' title="bbox 203 1768 1408 1834; baseline 0.004 -16"><span class='ocrx_word' id='word_1_107' title='bbox 203 1768 300 1818; x_wconf 81' lang='lat' dir='ltr'>invitae</span> <span class='ocrx_word' id='word_1_108' title='bbox 318 1772 344 1817; x_wconf 88' lang='lat' dir='ltr'>et</span> <span class='ocrx_word' id='word_1_109' title='bbox 361 1768 515 1818; x_wconf 83' lang='lat' dir='ltr'>reluctantes</span> <span class='ocrx_word' id='word_1_110' title='bbox 532 1774 604 1834; x_wconf 81' lang='lat' dir='ltr'>geste</span> <span class='ocrx_word' id='word_1_111' title='bbox 621 1770 703 1820; x_wconf 90' lang='lat' dir='ltr'>Lollii</span> <span class='ocrx_word' id='word_1_112' title='bbox 720 1770 849 1820; x_wconf 80' lang='lat' dir='ltr'>referrent.</span> <span class='ocrx_word' id='word_1_113' title='bbox 886 1771 915 1821; x_wconf 86' lang='lat' dir='ltr'>Si</span> <span class='ocrx_word' id='word_1_114' title='bbox 932 1770 997 1820; x_wconf 90' lang='lat' dir='ltr'>illud</span> <span class='ocrx_word' id='word_1_115' title='bbox 1015 1770 1089 1820; x_wconf 90' lang='lat' dir='ltr'>modo</span> <span class='ocrx_word' id='word_1_116' title='bbox 1109 1769 1228 1830; x_wconf 86' lang='lat' dir='ltr'>dixisset,</span> <span class='ocrx_word' id='word_1_117' title='bbox 1248 1768 1334 1833; x_wconf 82' lang='lat' dir='ltr'>„Non</span> <span class='ocrx_word' id='word_1_118' title='bbox 1407 1806 1408 1823; x_wconf 51' lang='lat' dir='ltr'>r</span> 
     </span>
     <span class='ocr_line' id='line_1_19' title="bbox 201 1837 1408 1903; baseline 0.002 -17"><span class='ocrx_word' id='word_1_119' title='bbox 201 1838 297 1902; x_wconf 82' lang='lat' dir='ltr'>potiar</span> <span class='ocrx_word' id='word_1_120' title='bbox 315 1840 339 1885; x_wconf 90' lang='lat' dir='ltr'>te</span> <span class='ocrx_word' id='word_1_121' title='bbox 357 1837 460 1887; x_wconf 82' lang='lat' dir='ltr'>ebertir</span> <span class='ocrx_word' id='word_1_122' title='bbox 477 1837 568 1897; x_wconf 80' lang='lat' dir='ltr'>etlert3</span> <span class='ocrx_word' id='word_1_123' title='bbox 585 1842 615 1887; x_wconf 87' lang='lat' dir='ltr'>ut</span> <span class='ocrx_word' id='word_1_124' title='bbox 633 1854 690 1887; x_wconf 89' lang='lat' dir='ltr'>mox</span> <span class='ocrx_word' id='word_1_125' title='bbox 708 1837 780 1899; x_wconf 86' lang='lat' dir='ltr'>dicit,</span> <span class='ocrx_word' id='word_1_126' title='bbox 807 1837 869 1889; x_wconf 86' lang='lat' dir='ltr'>Non</span> <span class='ocrx_word' id='word_1_127' title='bbox 886 1842 979 1903; x_wconf 82' lang='lat' dir='ltr'>patiar</span> <span class='ocrx_word' id='word_1_128' title='bbox 997 1843 1055 1888; x_wconf 83' lang='lat' dir='ltr'>tuor</span> <span class='ocrx_word' id='word_1_129' title='bbox 1074 1838 1177 1887; x_wconf 77' lang='lat' dir='ltr'>laborer</span> <span class='ocrx_word' id='word_1_130' title='bbox 1195 1838 1336 1888; x_wconf 84' lang='lat' dir='ltr'>obliuione</span> <span class='ocrx_word' id='word_1_131' title='bbox 1407 1838 1408 1889; x_wconf 71' lang='grc' dir='ltr'>ἶ</span> 
     </span>
     <span class='ocr_line' id='line_1_20' title="bbox 204 1894 1408 1972; baseline 0 -17"><span class='ocrx_word' id='word_1_132' title='bbox 204 1905 283 1969; x_wconf 80' lang='lat' dir='ltr'>carpi</span> <span class='ocrx_word' id='word_1_133' title='bbox 290 1920 297 1965; x_wconf 81' lang='lat'><em>3</em></span> <span class='ocrx_word' id='word_1_134' title='bbox 323 1909 390 1953; x_wconf 85' lang='lat' dir='ltr'>recte</span> <span class='ocrx_word' id='word_1_135' title='bbox 408 1904 567 1969; x_wconf 88' lang='lat' dir='ltr'>promisisset</span> <span class='ocrx_word' id='word_1_136' title='bbox 584 1922 610 1954; x_wconf 89' lang='lat' dir='ltr'>se</span> <span class='ocrx_word' id='word_1_137' title='bbox 628 1905 709 1955; x_wconf 87' lang='lat' dir='ltr'>Lollii</span> <span class='ocrx_word' id='word_1_138' title='bbox 726 1906 813 1956; x_wconf 81' lang='lat' dir='ltr'>laudes</span> <span class='ocrx_word' id='word_1_139' title='bbox 831 1906 984 1972; x_wconf 86' lang='lat' dir='ltr'>scripturum</span> <span class='ocrx_word' id='word_1_140' title='bbox 1008 1906 1117 1956; x_wconf 87' lang='lat' dir='ltr'>aliorum</span> <span class='ocrx_word' id='word_1_141' title='bbox 1134 1909 1269 1971; x_wconf 85' lang='lat' dir='ltr'>posterum</span> <span class='ocrx_word' id='word_1_142' title='bbox 1288 1922 1335 1955; x_wconf 87' lang='lat' dir='ltr'>ne·</span> <span class='ocrx_word' id='word_1_143' title='bbox 1407 1894 1408 1949; x_wconf 77' lang='lat' dir='ltr'>l</span> 
     </span>
     <span class='ocr_line' id='line_1_21' title="bbox 203 1972 1335 2037; baseline 0.001 -16"><span class='ocrx_word' id='word_1_144' title='bbox 203 1972 333 2037; x_wconf 81' lang='lat' dir='ltr'>glegentis</span> <span class='ocrx_word' id='word_1_145' title='bbox 343 1972 503 2037; x_wconf 80' lang='lat' dir='ltr'>prseteritos.</span> <span class='ocrx_word' id='word_1_146' title='bbox 527 1973 602 2022; x_wconf 88' lang='lat' dir='ltr'>Nunc</span> <span class='ocrx_word' id='word_1_147' title='bbox 612 1989 669 2023; x_wconf 92' lang='lat' dir='ltr'>cum</span> <span class='ocrx_word' id='word_1_148' title='bbox 681 1973 796 2023; x_wconf 78' lang='lat' dir='ltr'>additum</span> <span class='ocrx_word' id='word_1_149' title='bbox 812 1975 853 2036; x_wconf 89' lang='lat' dir='ltr'>sit,</span> <span class='ocrx_word' id='word_1_150' title='bbox 871 1975 1077 2034; x_wconf 82' lang='lat' dir='ltr'>metrebartis;</span> <span class='ocrx_word' id='word_1_151' title='bbox 1095 1973 1160 2022; x_wconf 90' lang='lat' dir='ltr'>illud</span> <span class='ocrx_word' id='word_1_152' title='bbox 1177 1990 1236 2022; x_wconf 82' lang='lat' dir='ltr'>rere</span> <span class='ocrx_word' id='word_1_153' title='bbox 1249 1973 1335 2037; x_wconf 78' lang='lat' dir='ltr'>signi-</span> 
     </span>
     <span class='ocr_line' id='line_1_22' title="bbox 203 2041 1334 2108; baseline 0 -18"><span class='ocrx_word' id='word_1_154' title='bbox 203 2041 304 2105; x_wconf 77' lang='lat' dir='ltr'>ficaret,</span> <span class='ocrx_word' id='word_1_155' title='bbox 323 2056 365 2102; x_wconf 88' lang='lat' dir='ltr'>se,</span> <span class='ocrx_word' id='word_1_156' title='bbox 383 2046 542 2104; x_wconf 81' lang='lat' dir='ltr'>repugnante</span> <span class='ocrx_word' id='word_1_157' title='bbox 561 2048 586 2089; x_wconf 89' lang='lat' dir='ltr'>et</span> <span class='ocrx_word' id='word_1_158' title='bbox 604 2046 704 2091; x_wconf 80' lang='lat' dir='ltr'>retente</span> <span class='ocrx_word' id='word_1_159' title='bbox 722 2041 762 2091; x_wconf 84' lang='lat' dir='ltr'>rel</span> <span class='ocrx_word' id='word_1_160' title='bbox 780 2041 878 2106; x_wconf 91' lang='lat' dir='ltr'>Lollio,</span> <span class='ocrx_word' id='word_1_161' title='bbox 903 2041 942 2092; x_wconf 83' lang='lat' dir='ltr'>vel</span> <span class='ocrx_word' id='word_1_162' title='bbox 962 2042 1011 2092; x_wconf 78' lang='lat' dir='ltr'>elio</span> <span class='ocrx_word' id='word_1_163' title='bbox 1030 2041 1158 2108; x_wconf 84' lang='lat' dir='ltr'>quopiam,</span> <span class='ocrx_word' id='word_1_164' title='bbox 1179 2041 1208 2091; x_wconf 91' lang='lat' dir='ltr'>id</span> <span class='ocrx_word' id='word_1_165' title='bbox 1225 2057 1334 2106; x_wconf 83' lang='lat' dir='ltr'>eggres-</span> 
     </span>
     <span class='ocr_line' id='line_1_23' title="bbox 204 2107 1337 2175; baseline 0.001 -17"><span class='ocrx_word' id='word_1_166' title='bbox 204 2124 291 2158; x_wconf 85' lang='lat' dir='ltr'>surum</span> <span class='ocrx_word' id='word_1_167' title='bbox 309 2123 370 2158; x_wconf 87' lang='lat' dir='ltr'>esse.</span> <span class='ocrx_word' id='word_1_168' title='bbox 398 2107 472 2164; x_wconf 84' lang='lat' dir='ltr'>Quod</span> <span class='ocrx_word' id='word_1_169' title='bbox 490 2123 546 2158; x_wconf 88' lang='lat' dir='ltr'>curn</span> <span class='ocrx_word' id='word_1_170' title='bbox 565 2108 700 2159; x_wconf 84' lang='lat' dir='ltr'>absurdum</span> <span class='ocrx_word' id='word_1_171' title='bbox 719 2110 753 2158; x_wconf 87' lang='lat' dir='ltr'>sit</span> <span class='ocrx_word' id='word_1_172' title='bbox 772 2115 798 2158; x_wconf 90' lang='lat' dir='ltr'>et</span> <span class='ocrx_word' id='word_1_173' title='bbox 815 2110 1049 2172; x_wconf 80' lang='lat' dir='ltr'>ererosbhorrest,</span> <span class='ocrx_word' id='word_1_174' title='bbox 1068 2109 1337 2175; x_wconf 78' lang='lat' dir='ltr'>apparetillspatiar·</span> 
     </span>
     <span class='ocr_line' id='line_1_24' title="bbox 204 2176 1334 2242; baseline 0.002 -16"><span class='ocrx_word' id='word_1_175' title='bbox 204 2182 230 2226; x_wconf 87' lang='lat' dir='ltr'>et</span> <span class='ocrx_word' id='word_1_176' title='bbox 246 2178 312 2225; x_wconf 79' lang='lat' dir='ltr'>eneis</span> <span class='ocrx_word' id='word_1_177' title='bbox 329 2191 382 2225; x_wconf 86' lang='lat' dir='ltr'>une</span> <span class='ocrx_word' id='word_1_178' title='bbox 398 2177 536 2226; x_wconf 88' lang='lat' dir='ltr'>consistere</span> <span class='ocrx_word' id='word_1_179' title='bbox 554 2193 605 2226; x_wconf 92' lang='lat' dir='ltr'>nou</span> <span class='ocrx_word' id='word_1_180' title='bbox 623 2192 705 2241; x_wconf 87' lang='lat' dir='ltr'>posse.</span> <span class='ocrx_word' id='word_1_181' title='bbox 723 2178 875 2228; x_wconf 79' lang='lat' dir='ltr'>Reverendo</span> <span class='ocrx_word' id='word_1_182' title='bbox 892 2178 974 2242; x_wconf 87' lang='lat' dir='ltr'>igitur</span> <span class='ocrx_word' id='word_1_183' title='bbox 991 2182 1029 2228; x_wconf 88' lang='lat' dir='ltr'>est</span> <span class='ocrx_word' id='word_1_184' title='bbox 1046 2177 1126 2227; x_wconf 77' lang='lat' dir='ltr'>alters</span> <span class='ocrx_word' id='word_1_185' title='bbox 1143 2176 1221 2227; x_wconf 88' lang='lat' dir='ltr'>lectio</span> <span class='ocrx_word' id='word_1_186' title='bbox 1231 2177 1334 2237; x_wconf 75' lang='lat' dir='ltr'>sileb03</span> 
     </span>
     <span class='ocr_line' id='line_1_25' title="bbox 204 2243 1332 2309; baseline 0.001 -16"><span class='ocrx_word' id='word_1_187' title='bbox 204 2249 234 2293; x_wconf 89' lang='lat' dir='ltr'>nt</span> <span class='ocrx_word' id='word_1_188' title='bbox 252 2259 326 2307; x_wconf 89' lang='lat' dir='ltr'>quem</span> <span class='ocrx_word' id='word_1_189' title='bbox 343 2244 371 2293; x_wconf 89' lang='lat' dir='ltr'>in</span> <span class='ocrx_word' id='word_1_190' title='bbox 385 2245 475 2308; x_wconf 89' lang='lat' dir='ltr'>primis</span> <span class='ocrx_word' id='word_1_191' title='bbox 493 2243 650 2294; x_wconf 88' lang='lat' dir='ltr'>editionibus</span> <span class='ocrx_word' id='word_1_192' title='bbox 659 2244 743 2294; x_wconf 88' lang='lat' dir='ltr'>locum</span> <span class='ocrx_word' id='word_1_193' title='bbox 753 2243 851 2308; x_wconf 83' lang='lat' dir='ltr'>hebuit,</span> <span class='ocrx_word' id='word_1_194' title='bbox 871 2245 946 2295; x_wconf 86' lang='lat' dir='ltr'>etiem</span> <span class='ocrx_word' id='word_1_195' title='bbox 957 2246 984 2296; x_wconf 88' lang='lat' dir='ltr'>in</span> <span class='ocrx_word' id='word_1_196' title='bbox 994 2245 1139 2296; x_wconf 85' lang='lat' dir='ltr'>novissimis</span> <span class='ocrx_word' id='word_1_197' title='bbox 1148 2252 1332 2309; x_wconf 85' lang='lat' dir='ltr'>consequatur.</span> 
     </span>
    </p>

    <p class='ocr_par' dir='ltr' id='par_1_7' title="bbox 201 2309 1409 3125">
     <span class='ocr_line' id='line_1_26' title="bbox 272 2309 1332 2379; baseline -0.002 -15"><span class='ocrx_word' id='word_1_198' title='bbox 272 2312 311 2364; x_wconf 83' lang='lat'>39.</span> <span class='ocrx_word' id='word_1_199' title='bbox 333 2309 482 2377; x_wconf 82' lang='lat' dir='ltr'>Consulque</span> <span class='ocrx_word' id='word_1_200' title='bbox 506 2328 560 2363; x_wconf 89' lang='lat' dir='ltr'>non</span> <span class='ocrx_word' id='word_1_201' title='bbox 578 2315 659 2362; x_wconf 80' lang='lat' dir='ltr'>rentur</span> <span class='ocrx_word' id='word_1_202' title='bbox 677 2315 753 2375; x_wconf 76' lang='lat' dir='ltr'>enno]</span> <span class='ocrx_word' id='word_1_203' title='bbox 788 2314 873 2363; x_wconf 90' lang='lat' dir='ltr'>Locus</span> <span class='ocrx_word' id='word_1_204' title='bbox 890 2314 932 2363; x_wconf 90' lang='lat' dir='ltr'>hio</span> <span class='ocrx_word' id='word_1_205' title='bbox 950 2313 1110 2379; x_wconf 85' lang='lat' dir='ltr'>perdifficilis</span> <span class='ocrx_word' id='word_1_206' title='bbox 1129 2317 1181 2373; x_wconf 90' lang='lat' dir='ltr'>est,</span> <span class='ocrx_word' id='word_1_207' title='bbox 1206 2318 1232 2362; x_wconf 89' lang='lat' dir='ltr'>et</span> <span class='ocrx_word' id='word_1_208' title='bbox 1257 2314 1332 2362; x_wconf 81' lang='lat' dir='ltr'>veria</span> 
     </span>
     <span class='ocr_line' id='line_1_27' title="bbox 202 2379 1331 2446; baseline 0.001 -17"><span class='ocrx_word' id='word_1_209' title='bbox 202 2379 335 2430; x_wconf 90' lang='lat' dir='ltr'>hominum</span> <span class='ocrx_word' id='word_1_210' title='bbox 352 2379 449 2430; x_wconf 81' lang='lat' dir='ltr'>indicio</span> <span class='ocrx_word' id='word_1_211' title='bbox 467 2385 592 2445; x_wconf 90' lang='lat' dir='ltr'>expertus.</span> <span class='ocrx_word' id='word_1_212' title='bbox 629 2380 696 2445; x_wconf 83' lang='lat' dir='ltr'>„Est</span> <span class='ocrx_word' id='word_1_213' title='bbox 714 2382 769 2443; x_wconf 82' lang='lat' dir='ltr'>tibi,</span> <span class='ocrx_word' id='word_1_214' title='bbox 788 2381 881 2446; x_wconf 87' lang='lat' dir='ltr'>inquit,</span> <span class='ocrx_word' id='word_1_215' title='bbox 900 2382 1010 2446; x_wconf 84' lang='lat' dir='ltr'>enimus,</span> <span class='ocrx_word' id='word_1_216' title='bbox 1028 2397 1127 2432; x_wconf 83' lang='lat' dir='ltr'>avarae</span> <span class='ocrx_word' id='word_1_217' title='bbox 1143 2380 1253 2441; x_wconf 80' lang='lat' dir='ltr'>fraudis</span> <span class='ocrx_word' id='word_1_218' title='bbox 1273 2382 1331 2430; x_wconf 88' lang='lat' dir='ltr'>vin-</span> 
     </span>
     <span class='ocr_line' id='line_1_28' title="bbox 203 2447 1331 2515; baseline 0 -17"><span class='ocrx_word' id='word_1_219' title='bbox 203 2447 260 2510; x_wconf 86' lang='lat' dir='ltr'>dex,</span> <span class='ocrx_word' id='word_1_220' title='bbox 277 2463 332 2497; x_wconf 87' lang='lat' dir='ltr'>non</span> <span class='ocrx_word' id='word_1_221' title='bbox 349 2451 431 2497; x_wconf 80' lang='lat' dir='ltr'>unius</span> <span class='ocrx_word' id='word_1_222' title='bbox 448 2451 515 2498; x_wconf 84' lang='lat' dir='ltr'>enni</span> <span class='ocrx_word' id='word_1_223' title='bbox 525 2447 621 2510; x_wconf 90' lang='lat' dir='ltr'>consul,</span> <span class='ocrx_word' id='word_1_224' title='bbox 640 2449 723 2498; x_wconf 72' lang='lat' dir='ltr'>bonius</span> <span class='ocrx_word' id='word_1_225' title='bbox 741 2449 899 2513; x_wconf 79' lang='lat' dir='ltr'>etqeefidur</span> <span class='ocrx_word' id='word_1_226' title='bbox 909 2450 992 2512; x_wconf 88' lang='lat' dir='ltr'>iudex,</span> <span class='ocrx_word' id='word_1_227' title='bbox 1012 2452 1060 2515; x_wconf 83' lang='lat' dir='ltr'>qni</span> <span class='ocrx_word' id='word_1_228' title='bbox 1071 2451 1161 2499; x_wconf 78' lang='lat' dir='ltr'>reiicit</span> <span class='ocrx_word' id='word_1_229' title='bbox 1173 2452 1331 2500; x_wconf 82' lang='lat' dir='ltr'>nocentium</span> 
     </span>
     <span class='ocr_line' id='line_1_29' title="bbox 203 2514 1332 2581; baseline 0 -15"><span class='ocrx_word' id='word_1_230' title='bbox 203 2515 275 2566; x_wconf 85' lang='lat' dir='ltr'>done</span> <span class='ocrx_word' id='word_1_231' title='bbox 293 2514 345 2564; x_wconf 82' lang='lat' dir='ltr'>alto</span> <span class='ocrx_word' id='word_1_232' title='bbox 363 2515 444 2577; x_wconf 86' lang='lat' dir='ltr'>vultu,</span> <span class='ocrx_word' id='word_1_233' title='bbox 463 2522 489 2566; x_wconf 88' lang='lat' dir='ltr'>et</span> <span class='ocrx_word' id='word_1_234' title='bbox 506 2532 554 2580; x_wconf 84' lang='lat' dir='ltr'>per·</span> <span class='ocrx_word' id='word_1_235' title='bbox 572 2518 704 2568; x_wconf 78' lang='lat' dir='ltr'>obstantes</span> <span class='ocrx_word' id='word_1_236' title='bbox 722 2523 844 2567; x_wconf 80' lang='lat' dir='ltr'>cateruae</span> <span class='ocrx_word' id='word_1_237' title='bbox 862 2518 969 2571; x_wconf 84' lang='lat' dir='ltr'>victor-“.</span> <span class='ocrx_word' id='word_1_238' title='bbox 994 2517 1065 2568; x_wconf 83' lang='lat' dir='ltr'>Haec</span> <span class='ocrx_word' id='word_1_239' title='bbox 1084 2518 1169 2567; x_wconf 85' lang='lat' dir='ltr'>omnis</span> <span class='ocrx_word' id='word_1_240' title='bbox 1186 2518 1214 2567; x_wconf 91' lang='lat' dir='ltr'>in</span> <span class='ocrx_word' id='word_1_241' title='bbox 1226 2517 1332 2581; x_wconf 83' lang='lat' dir='ltr'>periodi</span> 
     </span>
     <span class='ocr_line' id='line_1_30' title="bbox 203 2583 1330 2651; baseline 0.001 -19"><span class='ocrx_word' id='word_1_242' title='bbox 203 2584 280 2633; x_wconf 91' lang='lat' dir='ltr'>huius</span> <span class='ocrx_word' id='word_1_243' title='bbox 298 2598 374 2632; x_wconf 91' lang='lat' dir='ltr'>cursu</span> <span class='ocrx_word' id='word_1_244' title='bbox 392 2583 423 2633; x_wconf 92' lang='lat' dir='ltr'>de</span> <span class='ocrx_word' id='word_1_245' title='bbox 441 2583 521 2633; x_wconf 90' lang='lat' dir='ltr'>Lollii</span> <span class='ocrx_word' id='word_1_246' title='bbox 539 2587 628 2634; x_wconf 82' lang='lat' dir='ltr'>animo</span> <span class='ocrx_word' id='word_1_247' title='bbox 647 2584 842 2648; x_wconf 82' lang='lat' dir='ltr'>praedicantur:</span> <span class='ocrx_word' id='word_1_248' title='bbox 861 2601 967 2648; x_wconf 89' lang='lat' dir='ltr'>quorum</span> <span class='ocrx_word' id='word_1_249' title='bbox 986 2586 1133 2651; x_wconf 81' lang='lat' dir='ltr'>praesertim</span> <span class='ocrx_word' id='word_1_250' title='bbox 1157 2586 1217 2646; x_wconf 84' lang='lat' dir='ltr'>ille,</span> <span class='ocrx_word' id='word_1_251' title='bbox 1242 2585 1330 2649; x_wconf 83' lang='lat' dir='ltr'>„Ani-</span> 
     </span>
     <span class='ocr_line' id='line_1_31' title="bbox 202 2648 1332 2715; baseline 0.003 -16"><span class='ocrx_word' id='word_1_252' title='bbox 202 2666 261 2700; x_wconf 76' lang='lat' dir='ltr'>mus</span> <span class='ocrx_word' id='word_1_253' title='bbox 280 2648 393 2710; x_wconf 84' lang='lat' dir='ltr'>Consul,</span> <span class='ocrx_word' id='word_1_254' title='bbox 419 2666 479 2700; x_wconf 86' lang='lat' dir='ltr'>curn</span> <span class='ocrx_word' id='word_1_255' title='bbox 503 2651 558 2701; x_wconf 86' lang='lat' dir='ltr'>olto</span> <span class='ocrx_word' id='word_1_256' title='bbox 576 2652 684 2715; x_wconf 82' lang='lat' dir='ltr'>vultu“,</span> <span class='ocrx_word' id='word_1_257' title='bbox 711 2652 880 2702; x_wconf 87' lang='lat' dir='ltr'>celeberrimis</span> <span class='ocrx_word' id='word_1_258' title='bbox 898 2653 960 2703; x_wconf 86' lang='lat' dir='ltr'>viris</span> <span class='ocrx_word' id='word_1_259' title='bbox 977 2655 1061 2703; x_wconf 87' lang='lat' dir='ltr'>Febro</span> <span class='ocrx_word' id='word_1_260' title='bbox 1079 2660 1104 2702; x_wconf 86' lang='lat' dir='ltr'>et</span> <span class='ocrx_word' id='word_1_261' title='bbox 1122 2653 1230 2703; x_wconf 83' lang='lat' dir='ltr'>Decerio</span> <span class='ocrx_word' id='word_1_262' title='bbox 1247 2649 1332 2702; x_wconf 83' lang='grc' dir='ltr'><strong><em>κακό-</em></strong></span> 
     </span>
     <span class='ocr_line' id='line_1_32' title="bbox 204 2716 1409 2783; baseline 0.002 -16"><span class='ocrx_word' id='word_1_263' title='bbox 204 2716 268 2779; x_wconf 63' lang='lat' dir='ltr'>§qia</span> <span class='ocrx_word' id='word_1_264' title='bbox 286 2717 394 2766; x_wconf 83' lang='lat' dir='ltr'>stmulo</span> <span class='ocrx_word' id='word_1_265' title='bbox 411 2718 529 2768; x_wconf 78' lang='lat' dir='ltr'>affectate</span> <span class='ocrx_word' id='word_1_266' title='bbox 546 2717 679 2779; x_wconf 83' lang='lat' dir='ltr'>videntur,</span> <span class='ocrx_word' id='word_1_267' title='bbox 705 2735 786 2783; x_wconf 86' lang='lat' dir='ltr'>neque</span> <span class='ocrx_word' id='word_1_268' title='bbox 810 2720 887 2769; x_wconf 86' lang='lat' dir='ltr'>uilem</span> <span class='ocrx_word' id='word_1_269' title='bbox 912 2722 1004 2771; x_wconf 82' lang='lat' dir='ltr'>instem</span> <span class='ocrx_word' id='word_1_270' title='bbox 1022 2723 1210 2771; x_wconf 81' lang='lat' dir='ltr'>excusationem</span> <span class='ocrx_word' id='word_1_271' title='bbox 1234 2720 1330 2770; x_wconf 79' lang='lat' dir='ltr'>hebere</span> <span class='ocrx_word' id='word_1_272' title='bbox 1408 2726 1409 2781; x_wconf 79' lang='lat' dir='ltr'>l</span> 
     </span>
     <span class='ocr_line' id='line_1_33' title="bbox 202 2782 1329 2855; baseline 0.004 -22"><span class='ocrx_word' id='word_1_273' title='bbox 202 2800 283 2848; x_wconf 90' lang='lat' dir='ltr'>posse.</span> <span class='ocrx_word' id='word_1_274' title='bbox 319 2782 457 2834; x_wconf 78' lang='lat' dir='ltr'>Videamus</span> <span class='ocrx_word' id='word_1_275' title='bbox 474 2790 567 2847; x_wconf 85' lang='lat' dir='ltr'>tumen,</span> <span class='ocrx_word' id='word_1_276' title='bbox 584 2802 641 2836; x_wconf 87' lang='lat' dir='ltr'>omn</span> <span class='ocrx_word' id='word_1_277' title='bbox 659 2787 726 2836; x_wconf 81' lang='lat' dir='ltr'>bons</span> <span class='ocrx_word' id='word_1_278' title='bbox 743 2804 830 2837; x_wconf 87' lang='lat' dir='ltr'>eorum</span> <span class='ocrx_word' id='word_1_279' title='bbox 847 2789 929 2851; x_wconf 86' lang='lat' dir='ltr'>venie,</span> <span class='ocrx_word' id='word_1_280' title='bbox 948 2789 1033 2855; x_wconf 88' lang='lat' dir='ltr'>siquid</span> <span class='ocrx_word' id='word_1_281' title='bbox 1050 2796 1140 2839; x_wconf 80' lang='lat' dir='ltr'>contra</span> <span class='ocrx_word' id='word_1_282' title='bbox 1158 2805 1203 2854; x_wconf 87' lang='lat' dir='ltr'>pro</span> <span class='ocrx_word' id='word_1_283' title='bbox 1215 2788 1329 2838; x_wconf 84' lang='lat' dir='ltr'>Horatio</span> 
     </span>
     <span class='ocr_line' id='line_1_34' title="bbox 202 2851 1330 2922; baseline 0.004 -21"><span class='ocrx_word' id='word_1_284' title='bbox 202 2852 255 2901; x_wconf 88' lang='lat' dir='ltr'>dici</span> <span class='ocrx_word' id='word_1_285' title='bbox 273 2851 360 2915; x_wconf 87' lang='lat' dir='ltr'>possit.</span> <span class='ocrx_word' id='word_1_286' title='bbox 389 2852 424 2901; x_wconf 87' lang='lat' dir='ltr'>Et</span> <span class='ocrx_word' id='word_1_287' title='bbox 441 2853 567 2917; x_wconf 88' lang='lat' dir='ltr'>imprimis</span> <span class='ocrx_word' id='word_1_288' title='bbox 585 2852 777 2916; x_wconf 84' lang='lat' dir='ltr'>observandum,</span> <span class='ocrx_word' id='word_1_289' title='bbox 796 2857 907 2920; x_wconf 87' lang='lat' dir='ltr'>optimos</span> <span class='ocrx_word' id='word_1_290' title='bbox 917 2873 1029 2922; x_wconf 91' lang='lat' dir='ltr'>quosque</span> <span class='ocrx_word' id='word_1_291' title='bbox 1039 2858 1176 2921; x_wconf 90' lang='lat' dir='ltr'>scriptores</span> <span class='ocrx_word' id='word_1_292' title='bbox 1185 2873 1237 2906; x_wconf 92' lang='lat' dir='ltr'>non</span> <span class='ocrx_word' id='word_1_293' title='bbox 1250 2857 1330 2906; x_wconf 86' lang='lat' dir='ltr'>eliter</span> 
     </span>
     <span class='ocr_line' id='line_1_35' title="bbox 201 2918 1331 2990; baseline 0.004 -22"><span class='ocrx_word' id='word_1_294' title='bbox 201 2918 329 2969; x_wconf 86' lang='lat' dir='ltr'>interdum</span> <span class='ocrx_word' id='word_1_295' title='bbox 347 2918 377 2968; x_wconf 88' lang='lat' dir='ltr'>de</span> <span class='ocrx_word' id='word_1_296' title='bbox 395 2919 489 2984; x_wconf 83' lang='lat' dir='ltr'>animo,</span> <span class='ocrx_word' id='word_1_297' title='bbox 508 2937 582 2985; x_wconf 84' lang='lat' dir='ltr'>quarn</span> <span class='ocrx_word' id='word_1_298' title='bbox 601 2922 631 2972; x_wconf 91' lang='lat' dir='ltr'>de</span> <span class='ocrx_word' id='word_1_299' title='bbox 649 2938 757 2986; x_wconf 81' lang='lat' dir='ltr'>perseus</span> <span class='ocrx_word' id='word_1_300' title='bbox 775 2925 894 2988; x_wconf 77' lang='lat' dir='ltr'>quapiam</span> <span class='ocrx_word' id='word_1_301' title='bbox 911 2925 997 2989; x_wconf 87' lang='lat' dir='ltr'>loqui:</span> <span class='ocrx_word' id='word_1_302' title='bbox 1016 2926 1103 2990; x_wconf 81' lang='lat' dir='ltr'>qualia</span> <span class='ocrx_word' id='word_1_303' title='bbox 1114 2925 1160 2975; x_wconf 85' lang='lat' dir='ltr'>ills</span> <span class='ocrx_word' id='word_1_304' title='bbox 1174 2931 1243 2987; x_wconf 88' lang='lat' dir='ltr'>sunt,</span> <span class='ocrx_word' id='word_1_305' title='bbox 1261 2926 1331 2973; x_wconf 80' lang='lat' dir='ltr'>Ani·</span> 
     </span>
     <span class='ocr_line' id='line_1_36' title="bbox 201 2989 1327 3059; baseline 0.004 -22"><span class='ocrx_word' id='word_1_306' title='bbox 201 3003 259 3037; x_wconf 80' lang='lat' dir='ltr'>mus</span> <span class='ocrx_word' id='word_1_307' title='bbox 278 2992 492 3039; x_wconf 85' lang='lat' dir='ltr'>contemtor:</span> <span class='ocrx_word' id='word_1_308' title='bbox 510 2993 540 3039; x_wconf 88' lang='lat' dir='ltr'>ut</span> <span class='ocrx_word' id='word_1_309' title='bbox 557 2991 625 3055; x_wconf 82' lang='lat' dir='ltr'>apud</span> <span class='ocrx_word' id='word_1_310' title='bbox 636 2989 774 3040; x_wconf 82' lang='lat' dir='ltr'>Salustium</span> <span class='ocrx_word' id='word_1_311' title='bbox 784 2992 812 3039; x_wconf 89' lang='lat' dir='ltr'>in</span> <span class='ocrx_word' id='word_1_312' title='bbox 821 2992 892 3041; x_wconf 89' lang='lat' dir='ltr'>Bello</span> <span class='ocrx_word' id='word_1_313' title='bbox 910 2994 1026 3057; x_wconf 82' lang='lat' dir='ltr'>Iugurth.</span> <span class='ocrx_word' id='word_1_314' title='bbox 1037 3010 1058 3043; x_wconf 89' lang='lat' dir='ltr'>c.</span> <span class='ocrx_word' id='word_1_315' title='bbox 1070 2997 1109 3046; x_wconf 85' lang='grc'>64.</span> <span class='ocrx_word' id='word_1_316' title='bbox 1124 2994 1186 3059; x_wconf 79' lang='lat'>[§1]</span> <span class='ocrx_word' id='word_1_317' title='bbox 1204 2990 1327 3056; x_wconf 82' lang='lat' dir='ltr'>„Temen</span> 
     </span>
     <span class='ocr_line' id='line_1_37' title="bbox 201 3058 1327 3125; baseline 0.006 -21"><span class='ocrx_word' id='word_1_318' title='bbox 201 3058 292 3105; x_wconf 75' lang='lat' dir='ltr'>tereret</span> <span class='ocrx_word' id='word_1_319' title='bbox 302 3060 443 3106; x_wconf 89' lang='lat' dir='ltr'>contemtor</span> <span class='ocrx_word' id='word_1_320' title='bbox 452 3058 560 3119; x_wconf 80' lang='lat' dir='ltr'>enimus,</span> <span class='ocrx_word' id='word_1_321' title='bbox 579 3064 605 3108; x_wconf 85' lang='lat' dir='ltr'>et</span> <span class='ocrx_word' id='word_1_322' title='bbox 621 3060 754 3123; x_wconf 79' lang='lat' dir='ltr'>snperbia,</span> <span class='ocrx_word' id='word_1_323' title='bbox 775 3074 912 3110; x_wconf 84' lang='lat' dir='ltr'>commune</span> <span class='ocrx_word' id='word_1_324' title='bbox 922 3062 1071 3112; x_wconf 79' lang='lat' dir='ltr'>nobilitatis</span> <span class='ocrx_word' id='word_1_325' title='bbox 1080 3062 1207 3112; x_wconf 76' lang='lat' dir='ltr'>melum.“</span> <span class='ocrx_word' id='word_1_326' title='bbox 1230 3060 1327 3125; x_wconf 74' lang='lat' dir='ltr'>Virgil.</span> 
     </span>
    </p>

    <p class='ocr_par' dir='ltr' id='par_1_8' title="bbox 197 3123 1329 4216">
     <span class='ocr_line' id='line_1_38' title="bbox 201 3123 1326 3192; baseline 0.003 -18"><span class='ocrx_word' id='word_1_327' title='bbox 201 3124 263 3174; x_wconf 83' lang='lat' dir='ltr'>Aen.</span> <span class='ocrx_word' id='word_1_328' title='bbox 281 3123 328 3185; x_wconf 85' lang='lat' dir='ltr'>IX,</span> <span class='ocrx_word' id='word_1_329' title='bbox 342 3126 399 3176; x_wconf 76' lang='lat'><strong>205.</strong></span> <span class='ocrx_word' id='word_1_330' title='bbox 435 3125 504 3188; x_wconf 76' lang='lat' dir='ltr'>„nst</span> <span class='ocrx_word' id='word_1_331' title='bbox 521 3128 580 3190; x_wconf 81' lang='lat' dir='ltr'>bic,</span> <span class='ocrx_word' id='word_1_332' title='bbox 599 3133 638 3176; x_wconf 85' lang='lat' dir='ltr'>ert</span> <span class='ocrx_word' id='word_1_333' title='bbox 655 3127 755 3175; x_wconf 87' lang='lat' dir='ltr'>animus</span> <span class='ocrx_word' id='word_1_334' title='bbox 774 3127 841 3177; x_wconf 78' lang='lat' dir='ltr'>lueis</span> <span class='ocrx_word' id='word_1_335' title='bbox 858 3133 1015 3192; x_wconf 88' lang='lat' dir='ltr'>contemtor,</span> <span class='ocrx_word' id='word_1_336' title='bbox 1040 3135 1066 3179; x_wconf 86' lang='lat' dir='ltr'>et</span> <span class='ocrx_word' id='word_1_337' title='bbox 1091 3133 1170 3179; x_wconf 81' lang='lat' dir='ltr'>istum</span> <span class='ocrx_word' id='word_1_338' title='bbox 1197 3127 1252 3191; x_wconf 73' lang='lat' dir='ltr'>Qui</span> <span class='ocrx_word' id='word_1_339' title='bbox 1269 3130 1326 3178; x_wconf 81' lang='lat' dir='ltr'>vite</span> 
     </span>
     <span class='ocr_line' id='line_1_39' title="bbox 201 3192 1329 3262; baseline 0.007 -22"><span class='ocrx_word' id='word_1_340' title='bbox 201 3193 265 3241; x_wconf 87' lang='lat' dir='ltr'>bene</span> <span class='ocrx_word' id='word_1_341' title='bbox 283 3192 376 3242; x_wconf 81' lang='lat' dir='ltr'>credat</span> <span class='ocrx_word' id='word_1_342' title='bbox 392 3196 452 3257; x_wconf 84' lang='lat' dir='ltr'>emi,</span> <span class='ocrx_word' id='word_1_343' title='bbox 471 3209 522 3259; x_wconf 87' lang='lat' dir='ltr'>qno</span> <span class='ocrx_word' id='word_1_344' title='bbox 542 3194 635 3258; x_wconf 80' lang='lat' dir='ltr'>tendis,</span> <span class='ocrx_word' id='word_1_345' title='bbox 654 3195 806 3244; x_wconf 85' lang='lat' dir='ltr'>bonorem.“</span> <span class='ocrx_word' id='word_1_346' title='bbox 842 3201 867 3244; x_wconf 85' lang='lat' dir='ltr'>et</span> <span class='ocrx_word' id='word_1_347' title='bbox 893 3197 1012 3247; x_wconf 79' lang='lat' dir='ltr'>Senecam</span> <span class='ocrx_word' id='word_1_348' title='bbox 1031 3198 1117 3262; x_wconf 86' lang='lat' dir='ltr'>Epist.</span> <span class='ocrx_word' id='word_1_349' title='bbox 1137 3196 1232 3248; x_wconf 81' lang='lat' dir='ltr'>XXIV.</span> <span class='ocrx_word' id='word_1_350' title='bbox 1253 3198 1280 3261; x_wconf 63' lang='grc' dir='ltr'>[ξ</span> <span class='ocrx_word' id='word_1_351' title='bbox 1300 3198 1329 3258; x_wconf 84' lang='grc'>8]</span> 
     </span>
     <span class='ocr_line' id='line_1_40' title="bbox 200 3258 1326 3329; baseline 0.003 -19"><span class='ocrx_word' id='word_1_352' title='bbox 200 3258 283 3323; x_wconf 87' lang='lat' dir='ltr'>„Cato</span> <span class='ocrx_word' id='word_1_353' title='bbox 306 3275 466 3324; x_wconf 79' lang='lat' dir='ltr'>generorum</span> <span class='ocrx_word' id='word_1_354' title='bbox 492 3262 569 3311; x_wconf 81' lang='lat' dir='ltr'>illum</span> <span class='ocrx_word' id='word_1_355' title='bbox 594 3267 823 3327; x_wconf 89' lang='lat' dir='ltr'>contemtoremque</span> <span class='ocrx_word' id='word_1_356' title='bbox 852 3268 938 3314; x_wconf 80' lang='lat' dir='ltr'>omnir</span> <span class='ocrx_word' id='word_1_357' title='bbox 961 3269 1097 3329; x_wconf 83' lang='lat' dir='ltr'>potentiae</span> <span class='ocrx_word' id='word_1_358' title='bbox 1123 3264 1244 3329; x_wconf 89' lang='lat' dir='ltr'>spiritum</span> <span class='ocrx_word' id='word_1_359' title='bbox 1270 3279 1326 3314; x_wconf 85' lang='lat' dir='ltr'>nen</span> 
     </span>
     <span class='ocr_line' id='line_1_41' title="bbox 201 3328 1328 3398; baseline 0.006 -23"><span class='ocrx_word' id='word_1_360' title='bbox 201 3329 295 3389; x_wconf 67' lang='lat' dir='ltr'>omini,</span> <span class='ocrx_word' id='word_1_361' title='bbox 313 3328 361 3377; x_wconf 82' lang='lat' dir='ltr'>sed</span> <span class='ocrx_word' id='word_1_362' title='bbox 378 3330 480 3378; x_wconf 82' lang='lat' dir='ltr'>eiecit.“</span> <span class='ocrx_word' id='word_1_363' title='bbox 503 3330 617 3379; x_wconf 83' lang='lat' dir='ltr'>Animus</span> <span class='ocrx_word' id='word_1_364' title='bbox 635 3333 766 3381; x_wconf 84' lang='lat' dir='ltr'>vietor:</span> <span class='ocrx_word' id='word_1_365' title='bbox 784 3330 861 3395; x_wconf 85' lang='lat' dir='ltr'>plane</span> <span class='ocrx_word' id='word_1_366' title='bbox 878 3337 907 3381; x_wconf 92' lang='lat' dir='ltr'>ut</span> <span class='ocrx_word' id='word_1_367' title='bbox 924 3333 966 3383; x_wconf 91' lang='lat' dir='ltr'>hic</span> <span class='ocrx_word' id='word_1_368' title='bbox 984 3333 1052 3398; x_wconf 81' lang='lat' dir='ltr'>opud</span> <span class='ocrx_word' id='word_1_369' title='bbox 1070 3333 1199 3383; x_wconf 83' lang='lat' dir='ltr'>Nostrum.</span> <span class='ocrx_word' id='word_1_370' title='bbox 1230 3332 1328 3382; x_wconf 83' lang='lat' dir='ltr'>Senece</span> 
     </span>
     <span class='ocr_line' id='line_1_42' title="bbox 201 3392 1327 3463; baseline 0.007 -22"><span class='ocrx_word' id='word_1_371' title='bbox 201 3392 301 3443; x_wconf 85' lang='lat' dir='ltr'>Consol.</span> <span class='ocrx_word' id='word_1_372' title='bbox 320 3395 351 3444; x_wconf 82' lang='lat' dir='ltr'>od</span> <span class='ocrx_word' id='word_1_373' title='bbox 362 3395 482 3445; x_wconf 74' lang='lat' dir='ltr'>Helvium</span> <span class='ocrx_word' id='word_1_374' title='bbox 492 3412 514 3448; x_wconf 90' lang='lat' dir='ltr'>c.</span> <span class='ocrx_word' id='word_1_375' title='bbox 525 3398 558 3446; x_wconf 93' lang='grc' dir='ltr'>ΙΙ.</span> <span class='ocrx_word' id='word_1_376' title='bbox 572 3399 597 3463; x_wconf 67' lang='grc' dir='ltr'>[ξ</span> <span class='ocrx_word' id='word_1_377' title='bbox 608 3400 634 3461; x_wconf 76' lang='lat'>2]</span> <span class='ocrx_word' id='word_1_378' title='bbox 651 3396 705 3462; x_wconf 79' lang='lat' dir='ltr'>„lb</span> <span class='ocrx_word' id='word_1_379' title='bbox 718 3398 822 3462; x_wconf 81' lang='lat' dir='ltr'>pudeat</span> <span class='ocrx_word' id='word_1_380' title='bbox 830 3400 950 3463; x_wconf 79' lang='lat' dir='ltr'>animum,</span> <span class='ocrx_word' id='word_1_381' title='bbox 970 3406 1008 3451; x_wconf 88' lang='lat' dir='ltr'>tot</span> <span class='ocrx_word' id='word_1_382' title='bbox 1016 3404 1184 3451; x_wconf 80' lang='lat' dir='ltr'>miseriarum</span> <span class='ocrx_word' id='word_1_383' title='bbox 1194 3400 1327 3461; x_wconf 85' lang='lat' dir='ltr'>victorem,</span> 
     </span>
     <span class='ocr_line' id='line_1_43' title="bbox 200 3461 1326 3530; baseline 0.005 -19"><span class='ocrx_word' id='word_1_384' title='bbox 200 3476 282 3524; x_wconf 80' lang='lat' dir='ltr'>aegre</span> <span class='ocrx_word' id='word_1_385' title='bbox 299 3461 372 3521; x_wconf 75' lang='lat' dir='ltr'>(erre</span> <span class='ocrx_word' id='word_1_386' title='bbox 389 3479 472 3513; x_wconf 81' lang='lat' dir='ltr'>unum</span> <span class='ocrx_word' id='word_1_387' title='bbox 489 3465 586 3515; x_wconf 74' lang='lat' dir='ltr'>vulnus</span> <span class='ocrx_word' id='word_1_388' title='bbox 610 3469 639 3515; x_wconf 83' lang='lat' dir='ltr'>r‘n</span> <span class='ocrx_word' id='word_1_389' title='bbox 664 3480 777 3530; x_wconf 84' lang='lat' dir='ltr'>corpore</span> <span class='ocrx_word' id='word_1_390' title='bbox 800 3471 854 3516; x_wconf 84' lang='lat' dir='ltr'>tam</span> <span class='ocrx_word' id='word_1_391' title='bbox 879 3471 1062 3519; x_wconf 65' lang='lat' dir='ltr'>eicotrteorof·</span> <span class='ocrx_word' id='word_1_392' title='bbox 1097 3470 1133 3518; x_wconf 90' lang='lat' dir='ltr'>Et</span> <span class='ocrx_word' id='word_1_393' title='bbox 1150 3469 1181 3518; x_wconf 86' lang='lat' dir='ltr'>ed</span> <span class='ocrx_word' id='word_1_394' title='bbox 1200 3469 1326 3518; x_wconf 75' lang='lat' dir='ltr'>Murciam</span> 
     </span>
     <span class='ocr_line' id='line_1_44' title="bbox 200 3527 1327 3601; baseline 0.005 -22"><span class='ocrx_word' id='word_1_395' title='bbox 200 3545 221 3580; x_wconf 93' lang='lat' dir='ltr'>c.</span> <span class='ocrx_word' id='word_1_396' title='bbox 234 3527 333 3581; x_wconf 85' lang='lat' dir='ltr'>XXIII.</span> <span class='ocrx_word' id='word_1_397' title='bbox 344 3530 370 3595; x_wconf 61' lang='grc' dir='ltr'>[ᾖ</span> <span class='ocrx_word' id='word_1_398' title='bbox 381 3531 407 3591; x_wconf 87' lang='grc'>3]</span> <span class='ocrx_word' id='word_1_399' title='bbox 434 3530 518 3594; x_wconf 79' lang='lat' dir='ltr'>„Cum</span> <span class='ocrx_word' id='word_1_400' title='bbox 535 3533 638 3583; x_wconf 79' lang='lat' dir='ltr'>viderer</span> <span class='ocrx_word' id='word_1_401' title='bbox 656 3534 775 3582; x_wconf 87' lang='lat' dir='ltr'>victorem</span> <span class='ocrx_word' id='word_1_402' title='bbox 794 3538 912 3585; x_wconf 83' lang='lat' dir='ltr'>omnium</span> <span class='ocrx_word' id='word_1_403' title='bbox 922 3537 1089 3601; x_wconf 77' lang='lat' dir='ltr'>voluptatum</span> <span class='ocrx_word' id='word_1_404' title='bbox 1099 3530 1218 3597; x_wconf 81' lang='lat' dir='ltr'>oninium,</span> <span class='ocrx_word' id='word_1_405' title='bbox 1239 3551 1327 3585; x_wconf 86' lang='lat' dir='ltr'>emen-</span> 
     </span>
     <span class='ocr_line' id='line_1_45' title="bbox 200 3596 1327 3671; baseline 0.006 -26"><span class='ocrx_word' id='word_1_406' title='bbox 200 3596 301 3660; x_wconf 83' lang='lat' dir='ltr'>datum,</span> <span class='ocrx_word' id='word_1_407' title='bbox 311 3603 445 3647; x_wconf 76' lang='lat' dir='ltr'>carentem</span> <span class='ocrx_word' id='word_1_408' title='bbox 463 3601 555 3651; x_wconf 84' lang='lat' dir='ltr'>eitio.“</span> <span class='ocrx_word' id='word_1_409' title='bbox 584 3601 715 3666; x_wconf 86' lang='lat' dir='ltr'>Sulpicius</span> <span class='ocrx_word' id='word_1_410' title='bbox 725 3601 830 3651; x_wconf 87' lang='lat' dir='ltr'>Severus</span> <span class='ocrx_word' id='word_1_411' title='bbox 840 3603 924 3668; x_wconf 87' lang='lat' dir='ltr'>Epist.</span> <span class='ocrx_word' id='word_1_412' title='bbox 932 3605 980 3655; x_wconf 88' lang='lat' dir='ltr'>III.</span> <span class='ocrx_word' id='word_1_413' title='bbox 995 3606 1021 3670; x_wconf 63' lang='grc' dir='ltr'>[ξ</span> <span class='ocrx_word' id='word_1_414' title='bbox 1035 3607 1074 3666; x_wconf 84' lang='grc'>13,</span> <span class='ocrx_word' id='word_1_415' title='bbox 1083 3622 1109 3671; x_wconf 94' lang='lat' dir='ltr'>p.</span> <span class='ocrx_word' id='word_1_416' title='bbox 1121 3607 1177 3664; x_wconf 79' lang='lat'>148,</span> <span class='ocrx_word' id='word_1_417' title='bbox 1191 3603 1327 3667; x_wconf 80' lang='lat' dir='ltr'>26He1m1</span> 
     </span>
     <span class='ocr_line' id='line_1_46' title="bbox 199 3665 1324 3731; baseline 0.006 -16"><span class='ocrx_word' id='word_1_418' title='bbox 199 3665 258 3729; x_wconf 80' lang='lat' dir='ltr'>,Est</span> <span class='ocrx_word' id='word_1_419' title='bbox 276 3670 364 3715; x_wconf 87' lang='lat' dir='ltr'>temen</span> <span class='ocrx_word' id='word_1_420' title='bbox 383 3666 482 3716; x_wconf 85' lang='lat' dir='ltr'>suimus</span> <span class='ocrx_word' id='word_1_421' title='bbox 501 3667 583 3718; x_wconf 88' lang='lat' dir='ltr'>victor</span> <span class='ocrx_word' id='word_1_422' title='bbox 601 3685 744 3731; x_wconf 80' lang='lat' dir='ltr'>annornm,</span> <span class='ocrx_word' id='word_1_423' title='bbox 764 3675 789 3718; x_wconf 83' lang='lat' dir='ltr'>et</span> <span class='ocrx_word' id='word_1_424' title='bbox 806 3671 899 3720; x_wconf 86' lang='lat' dir='ltr'>cedere</span> <span class='ocrx_word' id='word_1_425' title='bbox 917 3675 1021 3722; x_wconf 79' lang='lat' dir='ltr'>nescirer</span> <span class='ocrx_word' id='word_1_426' title='bbox 1035 3675 1191 3724; x_wconf 80' lang='lat' dir='ltr'>senectuti.“</span> <span class='ocrx_word' id='word_1_427' title='bbox 1215 3671 1324 3722; x_wconf 71' lang='lat' dir='ltr'>Boetius</span> 
     </span>
     <span class='ocr_line' id='line_1_47' title="bbox 198 3733 1325 3805; baseline 0.004 -22"><span class='ocrx_word' id='word_1_428' title='bbox 198 3733 308 3783; x_wconf 83' lang='lat' dir='ltr'>Praefat.</span> <span class='ocrx_word' id='word_1_429' title='bbox 329 3733 356 3783; x_wconf 94' lang='lat' dir='ltr'>in</span> <span class='ocrx_word' id='word_1_430' title='bbox 374 3734 507 3785; x_wconf 81' lang='lat' dir='ltr'>Arithmet.</span> <span class='ocrx_word' id='word_1_431' title='bbox 534 3736 635 3800; x_wconf 86' lang='lat' dir='ltr'>[princ.,</span> <span class='ocrx_word' id='word_1_432' title='bbox 653 3754 679 3801; x_wconf 89' lang='lat' dir='ltr'>p.</span> <span class='ocrx_word' id='word_1_433' title='bbox 689 3740 738 3798; x_wconf 84' lang='lat'>3,7</span> <span class='ocrx_word' id='word_1_434' title='bbox 757 3737 896 3801; x_wconf 88' lang='lat' dir='ltr'>Friedlein]</span> <span class='ocrx_word' id='word_1_435' title='bbox 927 3740 1033 3804; x_wconf 69' lang='lat' dir='ltr'>,elom</span> <span class='ocrx_word' id='word_1_436' title='bbox 1049 3756 1103 3791; x_wconf 88' lang='lat' dir='ltr'>non</span> <span class='ocrx_word' id='word_1_437' title='bbox 1121 3744 1223 3804; x_wconf 74' lang='lat' dir='ltr'>igneus</span> <span class='ocrx_word' id='word_1_438' title='bbox 1242 3754 1325 3805; x_wconf 77' lang='lat' dir='ltr'>opum</span> 
     </span>
     <span class='ocr_line' id='line_1_48' title="bbox 197 3801 1324 3867; baseline 0.006 -18"><span class='ocrx_word' id='word_1_439' title='bbox 197 3801 327 3865; x_wconf 79' lang='lat' dir='ltr'>pondera,</span> <span class='ocrx_word' id='word_1_440' title='bbox 346 3804 442 3866; x_wconf 75' lang='lat' dir='ltr'>quibet</span> <span class='ocrx_word' id='word_1_441' title='bbox 460 3803 497 3853; x_wconf 87' lang='lat' dir='ltr'>ed</span> <span class='ocrx_word' id='word_1_442' title='bbox 513 3808 637 3855; x_wconf 77' lang='lat' dir='ltr'>meritum</span> <span class='ocrx_word' id='word_1_443' title='bbox 655 3805 726 3854; x_wconf 80' lang='lat' dir='ltr'>nibil</span> <span class='ocrx_word' id='word_1_444' title='bbox 741 3805 835 3867; x_wconf 79' lang='lat' dir='ltr'>vilius,</span> <span class='ocrx_word' id='word_1_445' title='bbox 861 3822 920 3856; x_wconf 86' lang='lat' dir='ltr'>cnm</span> <span class='ocrx_word' id='word_1_446' title='bbox 939 3824 969 3858; x_wconf 86' lang='lat' dir='ltr'>eu</span> <span class='ocrx_word' id='word_1_447' title='bbox 986 3810 1040 3858; x_wconf 79' lang='lat' dir='ltr'>rior·</span> <span class='ocrx_word' id='word_1_448' title='bbox 1057 3809 1137 3859; x_wconf 85' lang='lat' dir='ltr'>victor</span> <span class='ocrx_word' id='word_1_449' title='bbox 1150 3809 1250 3859; x_wconf 85' lang='lat' dir='ltr'>enimus</span> <span class='ocrx_word' id='word_1_450' title='bbox 1269 3807 1324 3857; x_wconf 86' lang='lat' dir='ltr'>eel-</span> 
     </span>
     <span class='ocr_line' id='line_1_49' title="bbox 199 3871 1325 3937; baseline 0.005 -19"><span class='ocrx_word' id='word_1_451' title='bbox 199 3875 258 3919; x_wconf 84' lang='lat' dir='ltr'>eute</span> <span class='ocrx_word' id='word_1_452' title='bbox 277 3872 415 3921; x_wconf 80' lang='lat' dir='ltr'>snbr&#39;ecr&#39;t.“</span> <span class='ocrx_word' id='word_1_453' title='bbox 443 3871 550 3922; x_wconf 74' lang='lat' dir='ltr'>Animus</span> <span class='ocrx_word' id='word_1_454' title='bbox 568 3878 671 3937; x_wconf 84' lang='lat' dir='ltr'>rector,</span> <span class='ocrx_word' id='word_1_455' title='bbox 696 3879 721 3921; x_wconf 87' lang='lat' dir='ltr'>et</span> <span class='ocrx_word' id='word_1_456' title='bbox 738 3889 801 3936; x_wconf 76' lang='lat' dir='ltr'>ren,</span> <span class='ocrx_word' id='word_1_457' title='bbox 820 3878 846 3923; x_wconf 88' lang='lat' dir='ltr'>et</span> <span class='ocrx_word' id='word_1_458' title='bbox 864 3875 994 3925; x_wconf 82' lang='lat' dir='ltr'>dorrrr&#39;nur.</span> <span class='ocrx_word' id='word_1_459' title='bbox 1025 3877 1121 3927; x_wconf 87' lang='lat' dir='ltr'>Seneos</span> <span class='ocrx_word' id='word_1_460' title='bbox 1139 3876 1169 3926; x_wconf 88' lang='lat' dir='ltr'>de</span> <span class='ocrx_word' id='word_1_461' title='bbox 1186 3874 1325 3925; x_wconf 82' lang='lat' dir='ltr'>Beneficiis</span> 
     </span>
     <span class='ocr_line' id='line_1_50' title="bbox 197 3937 1326 4010; baseline 0.006 -25"><span class='ocrx_word' id='word_1_462' title='bbox 197 3938 266 3998; x_wconf 67' lang='lat' dir='ltr'>ulo.</span> <span class='ocrx_word' id='word_1_463' title='bbox 287 3940 313 4000; x_wconf 85' lang='grc'>[6</span> <span class='ocrx_word' id='word_1_464' title='bbox 325 3937 375 4003; x_wconf 82' lang='lat'>§2]</span> <span class='ocrx_word' id='word_1_465' title='bbox 402 3937 519 4002; x_wconf 72' lang='lat' dir='ltr'>„Refert</span> <span class='ocrx_word' id='word_1_466' title='bbox 538 3956 590 4005; x_wconf 81' lang='lat' dir='ltr'>quo</span> <span class='ocrx_word' id='word_1_467' title='bbox 610 3941 655 3990; x_wconf 85' lang='lat' dir='ltr'>ille</span> <span class='ocrx_word' id='word_1_468' title='bbox 673 3946 755 3990; x_wconf 90' lang='lat' dir='ltr'>rector</span> <span class='ocrx_word' id='word_1_469' title='bbox 769 3941 887 4002; x_wconf 73' lang='lat' dir='ltr'>(animust</span> <span class='ocrx_word' id='word_1_470' title='bbox 898 3944 1026 4009; x_wconf 85' lang='lat' dir='ltr'>impellat,</span> <span class='ocrx_word' id='word_1_471' title='bbox 1045 3960 1123 4010; x_wconf 82' lang='lat' dir='ltr'>aquo</span> <span class='ocrx_word' id='word_1_472' title='bbox 1140 3943 1326 4005; x_wconf 72' lang='lat' dir='ltr'>for-medetur</span> 
     </span>
     <span class='ocr_line' id='line_1_51' title="bbox 198 4004 1325 4076; baseline 0.005 -23"><span class='ocrx_word' id='word_1_473' title='bbox 198 4005 303 4054; x_wconf 84' lang='lat' dir='ltr'>r·ebus.“</span> <span class='ocrx_word' id='word_1_474' title='bbox 338 4004 436 4055; x_wconf 84' lang='lat' dir='ltr'>Ibidem</span> <span class='ocrx_word' id='word_1_475' title='bbox 454 4006 485 4070; x_wconf 86' lang='lat' dir='ltr'>V,</span> <span class='ocrx_word' id='word_1_476' title='bbox 496 4009 535 4059; x_wconf 79' lang='lat'>25.</span> <span class='ocrx_word' id='word_1_477' title='bbox 547 4009 573 4074; x_wconf 63' lang='grc' dir='ltr'>[ξ</span> <span class='ocrx_word' id='word_1_478' title='bbox 584 4011 610 4071; x_wconf 85' lang='grc'>4]</span> <span class='ocrx_word' id='word_1_479' title='bbox 636 4009 752 4073; x_wconf 81' lang='lat' dir='ltr'>„Paucis</span> <span class='ocrx_word' id='word_1_480' title='bbox 769 4009 869 4059; x_wconf 86' lang='lat' dir='ltr'>enimus</span> <span class='ocrx_word' id='word_1_481' title='bbox 887 4013 931 4060; x_wconf 80' lang='lat' dir='ltr'>rei</span> <span class='ocrx_word' id='word_1_482' title='bbox 947 4017 1062 4063; x_wconf 89' lang='lat' dir='ltr'>rectore</span> <span class='ocrx_word' id='word_1_483' title='bbox 1084 4015 1177 4063; x_wconf 79' lang='lat' dir='ltr'>timus:</span> <span class='ocrx_word' id='word_1_484' title='bbox 1200 4013 1325 4076; x_wconf 76' lang='lat' dir='ltr'>prooeimr‘</span> 
     </span>
     <span class='ocr_line' id='line_1_52' title="bbox 198 4029 1323 4146; baseline 0.007 -27"><span class='ocrx_word' id='word_1_485' title='bbox 198 4077 268 4134; x_wconf 73' lang='lat' dir='ltr'>crant,</span> <span class='ocrx_word' id='word_1_486' title='bbox 287 4074 335 4136; x_wconf 83' lang='lat' dir='ltr'>qni</span> <span class='ocrx_word' id='word_1_487' title='bbox 353 4073 484 4124; x_wconf 81' lang='lat' dir='ltr'>adnronr’tr&#39;</span> <span class='ocrx_word' id='word_1_488' title='bbox 501 4078 529 4125; x_wconf 84' lang='lat' dir='ltr'>in</span> <span class='ocrx_word' id='word_1_489' title='bbox 549 4079 620 4125; x_wconf 80' lang='lat' dir='ltr'>viem</span> <span class='ocrx_word' id='word_1_490' title='bbox 638 4076 776 4126; x_wconf 83' lang='lat' dir='ltr'>redeunt.“</span> <span class='ocrx_word' id='word_1_491' title='bbox 811 4078 880 4128; x_wconf 88' lang='lat' dir='ltr'>Idem</span> <span class='ocrx_word' id='word_1_492' title='bbox 898 4079 983 4144; x_wconf 83' lang='lat' dir='ltr'>Epist.</span> <span class='ocrx_word' id='word_1_493' title='bbox 1003 4029 1092 4133; x_wconf 49' lang='lat' dir='ltr'>CXIZ&#39;.</span> <span class='ocrx_word' id='word_1_494' title='bbox 1116 4081 1142 4146; x_wconf 68' lang='grc' dir='ltr'>[ξ</span> <span class='ocrx_word' id='word_1_495' title='bbox 1159 4081 1202 4143; x_wconf 82' lang='grc'>23]</span> <span class='ocrx_word' id='word_1_496' title='bbox 1237 4079 1323 4143; x_wconf 84' lang='lat' dir='ltr'>„Rex</span> 
     </span>
     <span class='ocr_line' id='line_1_53' title="bbox 198 4141 1323 4216; baseline 0.008 -30"><span class='ocrx_word' id='word_1_497' title='bbox 198 4144 288 4188; x_wconf 82' lang='lat' dir='ltr'>nester</span> <span class='ocrx_word' id='word_1_498' title='bbox 306 4145 344 4188; x_wconf 86' lang='lat' dir='ltr'>ert</span> <span class='ocrx_word' id='word_1_499' title='bbox 362 4141 476 4205; x_wconf 84' lang='lat' dir='ltr'>animus,</span> <span class='ocrx_word' id='word_1_500' title='bbox 502 4143 552 4192; x_wconf 91' lang='lat' dir='ltr'>boe</span> <span class='ocrx_word' id='word_1_501' title='bbox 569 4144 711 4207; x_wconf 80' lang='lat' dir='ltr'>incolumi,</span> <span class='ocrx_word' id='word_1_502' title='bbox 737 4150 824 4194; x_wconf 86' lang='lat' dir='ltr'>cetera</span> <span class='ocrx_word' id='word_1_503' title='bbox 848 4152 957 4196; x_wconf 87' lang='lat' dir='ltr'>manent</span> <span class='ocrx_word' id='word_1_504' title='bbox 974 4151 1002 4197; x_wconf 89' lang='lat' dir='ltr'>r&#39;n</span> <span class='ocrx_word' id='word_1_505' title='bbox 1021 4147 1139 4216; x_wconf 66' lang='lat' dir='ltr'>officief‘</span> <span class='ocrx_word' id='word_1_506' title='bbox 1174 4148 1244 4198; x_wconf 87' lang='lat' dir='ltr'>Idem</span> <span class='ocrx_word' id='word_1_507' title='bbox 1262 4147 1323 4196; x_wconf 77' lang='lat' dir='ltr'>Not.</span> 
     </span>
    </p>
   </div>
   <div class='ocr_carea' id='block_1_4' title="bbox 264 4221 715 4285">
    <p class='ocr_par' dir='ltr' id='par_1_9' title="bbox 264 4221 715 4285">
     <span class='ocr_line' id='line_1_54' title="bbox 264 4221 715 4285; baseline 0.007 -13"><span class='ocrx_word' id='word_1_508' title='bbox 264 4221 289 4283; x_wconf 73' lang='lat' dir='ltr'>*l</span> <span class='ocrx_word' id='word_1_509' title='bbox 308 4225 345 4283; x_wconf 77' lang='lat' dir='ltr'>[et</span> <span class='ocrx_word' id='word_1_510' title='bbox 358 4234 432 4280; x_wconf 77' lang='lat' dir='ltr'>repone·</span> <span class='ocrx_word' id='word_1_511' title='bbox 445 4235 507 4274; x_wconf 75' lang='lat' dir='ltr'>tuerit</span> <span class='ocrx_word' id='word_1_512' title='bbox 518 4233 622 4274; x_wconf 80' lang='lat' dir='ltr'>Bentler&#39;ru</span> <span class='ocrx_word' id='word_1_513' title='bbox 633 4222 715 4285; x_wconf 56' lang='lat' dir='ltr'>praefi]</span> 
     </span>
    </p>
   </div>
   <div class='ocr_carea' id='block_1_5' title="bbox 0 0 1422 4758">
    <p class='ocr_par' dir='ltr' id='par_1_10' title="bbox 0 0 1422 4758">
     <span class='ocr_line' id='line_1_55' title="bbox 0 0 1422 4758; baseline 0 2"><span class='ocrx_word' id='word_1_514' title='bbox 0 0 1422 4758; x_wconf 95' lang='lat' dir='ltr'> </span> 
     </span>
    </p>
   </div>
  </div>
 </body>
</html>
