2818 4758
196 201 237 265 88
588 215 619 274 q.
641 214 782 262 nonsuu
802 215 925 262 suasor

279 347 387 413 Remis
408 346 582 428 adurgens,
606 346 769 432 (accipiter
790 348 878 411 velut

278 432 384 498 Mollis
406 433 580 518 columbas,
603 438 662 496 aut
683 434 825 516 leporem
846 431 928 496 citus

321 519 461 582 Venator
483 516 516 580 in
538 536 607 580 cam
631 517 661 580 is
683 515 798 581 nivalis

237 613 268 663 20
365 600 573 677 Haemoniae)
619 607 689 665 aret
711 606 747 664 ut
768 599 889 664 catenis

278 686 391 750 Fatale
411 691 603 751 monstrum:
627 704 710 768 quae
733 684 919 765 generosius

278 770 386 835 Perire
409 790 576 852 quaerens,
598 789 657 834 neo
678 769 874 834 muliebriter

320 856 368 919 Ex
392 855 458 920 avit
479 874 598 932 ensem,
619 873 678 918 neo
699 853 829 918 latentis

365 877 477 1005 Classe
499 938 561 1004 oita
583 937 744 1024 reparavit
766 957 849 1002 oras.

498 1073 520 1105 v.
540 1057 580 1107 24.
599 1057 684 1118 Forte,
702 1055 862 1104 Penelruvil.
943 1124 948 1131 δ

192 1241 245 1275 rem
261 1224 367 1288 gessisse
385 1224 540 1287 Interpretes
557 1238 621 1286 quos
637 1222 744 1272 viderim
762 1237 860 1281 omnes;
890 1221 949 1271 dum
966 1219 1145 1287 Lymphatcm
1162 1221 1318 1286 intelligunt

193 1293 295 1352 ebriam,
313 1291 437 1353 insanam,
456 1291 584 1340 furiatum.
619 1292 749 1351 Imorero,
768 1293 796 1339 tu
814 1304 883 1338 cauo
898 1304 1009 1354 pauore,
1026 1292 1081 1338 sive
1097 1294 1169 1339 metu
1177 1289 1315 1356 Lympha-

193 1363 254 1420 ttco‚
273 1362 394 1410 territam
412 1363 439 1407 ct
455 1363 652 1408 consternatam
671 1358 766 1422 accipe.
802 1356 876 1411 Quod
894 1372 925 1405 ex
936 1356 1053 1406 Historia
1071 1372 1156 1407 verum
1174 1372 1227 1406 esse
1245 1373 1313 1406 eom-

191 1428 281 1493 peries.
317 1425 419 1492 Quippe
436 1426 493 1491 ipso
511 1426 598 1475 statim
615 1425 715 1474 Actiaci
732 1424 824 1489 praelii
842 1424 927 1485 initio,
945 1424 1122 1489 quesiPenico
1139 1428 1234 1474 terrore
1252 1441 1315 1475 con-

192 1509 266 1545 cussa
283 1492 417 1558 Cleopatra
434 1494 520 1557 fugam
539 1493 699 1557 capessebat:
725 1508 799 1556 quem
823 1507 921 1541 cauum
945 1493 1061 1541 timorem
1083 1491 1115 1541 ab
1138 1494 1255 1557 Angusto
1279 1492 1312 1542 ad

191 1577 283 1612 comm
296 1577 357 1612 >esse
381 1561 510 1610 redactum
534 1561 572 1610 ait
594 1561 694 1622 Noster,
716 1576 778 1609 ¹cum
802 1559 848 1608 illa
872 1564 946 1623 parta
962 1559 1070 1609 victoria
1086 1575 1144 1609 mox
1161 1565 1216 1609 tota
1233 1561 1315 1609 classe

189 1630 328 1693 fugientem
346 1644 401 1678 eam
419 1632 572 1692 sequeretur.
608 1627 680 1678 Certe
698 1627 751 1677 nisi
762 1629 815 1676 ‘hoc
833 1643 909 1677 sensu
925 1627 1105 1692 tprnpuaram
1124 1628 1245 1691 explices,
1265 1627 1310 1677 fri·

190 1697 261 1761 gebit
283 1701 338 1745 tota
361 1697 496 1757 sententia,
520 1696 560 1745 rel
584 1697 672 1762 potius
696 1695 728 1744 ad
745 1695 856 1744 nihilum
880 1694 1031 1759 redigetur..
1058 1696 1154 1745 Seneca
1172 1695 1256 1760 Epist.
1273 1697 1313 1746 13.

193 1766 222 1829 [ξ
231 1766 265 1826 91.
283 1760 381 1826 „Nulli
390 1769 443 1814 tam
449 1766 602 1828 perniciosi,
617 1769 671 1814 tam
679 1762 873 1824 irrevocabiles,
884 1763 1107 1827 quuraLymphati
1118 1767 1222 1812 metus
1231 1769 1312 1812 suat:

191 1834 291 1883 caeleri
313 1834 383 1881 euim
405 1834 463 1880 siue
486 1833 599 1892 ratione,
629 1830 658 1880 lai
673 1833 731 1879 siue
748 1835 834 1879 moute
851 1833 938 1879 suut.“
972 1830 1043 1879 idem
1059 1830 1143 1894 Epist.
1164 1832 1205 1881 85.
1223 1830 1250 1896 [ξ
1269 1832 1314 1892 27]

189 1900 334 1964 „Demrile
352 1901 542 1963 captiuitatem,
561 1898 681 1960 uerbera,
699 1901 807 1947 catenas
824 1926 858 1933 —
876 1900 947 1948 iuter
963 1897 1145 1961 Lymphatioos
1163 1902 1244 1947 metus
1262 1913 1312 1946 nu-

189 1971 277 2028 merat
291 1968 424 2032 sapiens.“
458 1966 578 2016 Lucanus
595 1966 655 2029 VII,
675 1967 730 2017 186.
748 1963 840 2027 „Quid
855 1968 954 2015 mirum
970 1965 1090 2030 populos,
1115 1980 1181 2030 quos
1199 1966 1249 2014 lus
1267 1981 1312 2014 es-

191 2041 275 2085 trema
297 2036 430 2097 manerat,
456 2034 600 2100 Lymphato
624 2033 770 2098 trepidasse
800 2033 904 2082 metul“
938 2033 979 2081 Ita
1001 2033 1097 2096 passim
1120 2033 1173 2082 alii.
1209 2032 1314 2082 Urbane

190 2106 273 2152 autem
291 2106 316 2151 et
334 2117 417 2151 amare
434 2101 534 2165 Noster,
551 2104 681 2151 nonPane
699 2100 738 2149 vel
752 2100 872 2163 Apolline
890 2100 930 2149 rel
948 2100 1036 2163 quovis
1054 2100 1105 2149 elio
1121 2100 1312 2166 numineLym·

188 2171 293 2236 phetam
311 2168 460 2233 Cleopatrae
478 2174 594 2230 mentem,
614 2168 657 2218 sed
674 2169 734 2217 rino
751 2168 891 2217 Mareotico
916 2167 1003 2217 tradit.

257 2239 298 2289 24.
315 2235 372 2288 Nec
390 2237 500 2287 latentes
520 2236 607 2288 Classe
625 2240 678 2286 cita
696 2237 837 2299 reparavit
853 2237 923 2296 oras]
951 2234 1027 2295 Quid,
1046 2235 1157 2298 obsecro,
1176 2239 1216 2285 est
1232 2250 1314 2300 repa·

189 2320 252 2354 rare
269 2320 330 2354 oras
349 2305 452 2355 classe?
484 2304 610 2354 Nonnulli
627 2302 844 2368 perHypallegen
862 2304 1071 2367 interpretantur,
1091 2318 1152 2352 oras
1170 2302 1255 2352 classe
1263 2319 1314 2368 pro

190 2376 245 2421 oris
262 2372 369 2422 classem
376 2388 387 2433 ;
412 2376 442 2421 ut
459 2373 586 2422 sententia
610 2373 652 2434 sit,
676 2387 728 2420 non
746 2371 850 2434 collegit
867 2371 949 2420 denuo
973 2370 1119 2428 exereitum,
1143 2386 1195 2418 non
1214 2371 1311 2421 instau-

188 2440 255 2488 ravit
271 2439 365 2489 bellnm
382 2439 479 2489 navale.
515 2440 564 2489 Sed
581 2443 690 2489 vestram
707 2438 789 2500 fidem,
809 2439 982 2501 Grammatici,
1010 2439 1067 2501 quis
1093 2439 1242 2488 huiusmodi
1258 2440 1313 2503 Hy·

187 2506 301 2571 pallagas
324 2507 352 2555 in
376 2511 508 2570 poetarum
532 2508 636 2570 scriptis
654 2506 839 2569 deprehendit?
858 2511 902 2555 aut
919 2506 965 2555 ubi
983 2511 1058 2555 natae
1077 2508 1136 2554 sunt
1154 2506 1206 2555 nisi
1225 2507 1253 2554 in
1272 2522 1313 2555 ce·

186 2574 289 2623 rebellis
307 2574 501 2637 Magistrornm:
528 2574 581 2637 qui,
607 2574 629 2622 si
653 2574 823 2639 Hypallagen,
841 2573 1016 2639 Hyperbaton,
1035 2573 1177 2638 Synehysin
1193 2573 1312 2623 nomina·

187 2641 398 2704 verintegregie
414 2641 470 2689 loca
488 2655 601 2704 quaeque
619 2642 864 2691 contaminatissima
881 2657 907 2691 se
935 2645 1028 2703 putent
1051 2641 1186 2704 expedire?
1222 2642 1315 2705 Neque

186 2707 252 2757 illud
269 2708 368 2756 interea
385 2706 480 2767 vidant,
500 2724 525 2756 se
543 2709 602 2757 huic
620 2708 676 2758 loeo
690 2709 882 2773 vineptissimum
900 2725 1000 2758 sensum
1017 2707 1151 2771 affingere3
1169 2724 1227 2758 cum
1246 2709 1314 2758 illud

186 2790 315 2838 generose
333 2790 348 2823 a
365 2773 501 2839 Cleopatra
517 2776 612 2825 factum
636 2776 733 2837 volunt,
752 2776 820 2840 quod
838 2777 947 2826 classem
965 2791 1020 2825 nou
1038 2778 1197 2840 reparavit?
1231 2777 1314 2840 Atqui

187 2841 254 2891 illud
273 2841 356 2891 timidi
375 2856 479 2905 prorsus
497 2844 576 2893 animi
594 2844 691 2904 fuisset,
709 2860 761 2893 non
779 2859 920 2907 reparasse3
939 2843 1064 2907 siquidem
1083 2858 1199 2907 reparare
1211 2844 1311 2908 potuis·

189 2914 233 2957 set.
269 2908 322 2958 Alii
340 2913 431 2970 autem,
451 2911 544 2960 stolida
561 2911 607 2960 illa
623 2911 767 2976 Hypallage
791 2911 932 2975 repudiate,
957 2913 1097 2972 reparavit
1119 2926 1181 2960 oras
1204 2928 1253 2976 pro
1270 2928 1311 2961 re·

184 2978 271 3042 petiit,
295 2979 442 3041 requisivit,
467 2980 610 3043 accipiunt:
636 2995 718 3042 neque
743 2985 827 3028 tamen
846 2995 875 3028 es
901 2978 970 3027 omni
987 2978 1130 3027 Latinitate
1147 2979 1188 3028 uel
1205 2980 1311 3028 unicum

187 3045 241 3094 eius
257 3044 454 3109 significationis
472 3047 613 3111 exemplum
631 3047 742 3111 proferre
761 3051 875 3110 possunt.
908 3047 966 3109 Ego
977 3062 1043 3105 vero,
1062 3046 1101 3094 vel
1111 3046 1311 3095 reclamantibus

187 3117 312 3177 quotquot
333 3113 409 3163 hodie
434 3119 521 3164 extant
544 3113 682 3174 codicibus,
711 3115 748 3163 sic
771 3114 802 3162 ab
821 3114 929 3162 Horatio
953 3114 1077 3176 scriptum
1100 3128 1155 3162 esse
1173 3118 1312 3174 contendo,

187 3196 252 3243 „acc
270 3181 380 3231 latentes
399 3180 487 3231 Classe
505 3184 558 3232 cita
576 3181 719 3246 penetravit
737 3182 820 3230 oras.“
841 3182 888 3230 hoc
907 3185 952 3240 est,
971 3197 1023 3229 non
1041 3180 1142 3244 aufugit
1159 3182 1188 3230 in
1205 3181 1311 3246 longin-

187 3263 236 3311 qua
253 3253 377 3298 terrarum
394 3249 457 3312 loca,
478 3266 527 3313 quo
545 3250 675 3313 Augustus
693 3254 805 3298 autnon
825 3249 957 3313 potuisset,
976 3253 1021 3296 aut
1038 3248 1161 3297 noluisset
1178 3264 1234 3298 eam
1252 3265 1310 3312 per·

187 3315 266 3377 sequi.
300 3316 336 3364 Et
353 3318 480 3366 sententia
497 3318 558 3366 haec
576 3317 717 3366 clarissima
735 3322 779 3377 est,
798 3320 823 3366 et
840 3315 924 3365 facilis
941 3314 1104 3364 librariorum
1119 3315 1216 3380 lapsus.
1251 3317 1310 3366 Vir-

185 3381 266 3445 gilius
284 3384 345 3431 Aen.
364 3384 384 3431 I.
404 3387 437 3445 [v.
457 3386 516 3445 243]
542 3384 681 3446 „Aulercos
704 3386 794 3449 petreii
816 3384 910 3433 mediis
935 3383 1039 3448 elapsus
1057 3383 1165 3432 Achivis
1184 3384 1310 3449 illyricos

186 3451 318 3512 penetrare
336 3452 417 3512 sinus,
436 3455 515 3514 atque
532 3451 624 3501 intima
642 3457 714 3500 tutus
732 3450 824 3515 Regno
841 3451 1048 3500 Liburnorum.“
1083 3450 1134 3499 Ubi
1145 3452 1231 3500 omnia
1244 3451 1311 3501 belle

186 3515 246 3565 hnic
263 3515 320 3564 loco
337 3517 504 3580 respondent:
524 3518 615 3568 similis
633 3520 753 3582 utrinque
771 3519 802 3567 ab
821 3519 936 3568 hostibus
954 3517 1029 3582 fuga3
1047 3518 1090 3566 hio
1108 3520 1311 3581 intimaremus,

185 3583 231 3632 illa
249 3598 312 3632 oras
330 3583 440 3633 latentes
455 3591 597 3649 penetrare
615 3586 707 3650 potuit.
743 3586 813 3635 Idem
831 3589 893 3635 Aen.
904 3584 948 3634 IX.
969 3588 1001 3647 [r.
1015 3586 1055 3646 to]
1073 3584 1148 3651 „Nec
1165 3589 1247 3635 satis.-
1265 3602 1307 3635 ex·

186 3656 278 3700 tremas
298 3649 410 3716 Corythi
426 3654 569 3715 penetrarit
587 3654 624 3703 ad
640 3656 743 3703 urbesf‘
779 3654 857 3703 Silius
867 3653 981 3714 Italicus,
990 3653 1039 3701 III.
1051 3656 1082 3713 [v.
1093 3655 1152 3714 651]
1172 3653 1310 3715 „Massiuae

185 3717 285 3779 Belide,
303 3717 419 3784 Libycus
436 3721 622 3783 penetravimus
640 3725 722 3769 oras.“
740 3722 875 3770 etiterum
893 3720 936 3768 IV.
957 3723 989 3781 [v.
1008 3722 1066 3780 365]
1093 3720 1163 3782 „Sed
1180 3720 1307 3785 Spartam

185 3792 316 3851 penetrare
336 3786 399 3835 deus
418 3786 568 3852 fratresque
585 3790 746 3852 aegalautf‘
780 3789 901 3838 Lucanus
909 3788 983 3848 vill,
1001 3804 1022 3836 v.
1034 3789 1091 3838 mo.
1110 3794 1244 3849 „remotas
1255 3789 1306 3837 Me·

186 3854 281 3903 dorum
299 3858 428 3917 penetrare
447 3854 545 3917 domos,
563 3854 754 3922 Scythicosque
771 3858 913 3905 recessus.“
949 3855 1085 3904 Suetonius
1103 3855 1130 3902 in
1149 3855 1218 3904 Iulio
1234 3857 1305 3907 abl.

184 3920 239 3984 „El
256 3921 346 3971 eadem
364 3937 427 3971 nave
445 3922 595 3987 thalartrcgo
613 3939 698 3988 posue
715 3924 857 3988 Aethiopia
876 3929 951 3972 lenus
967 3923 1119 3987 Aegyptum
1137 3923 1308 3986 penetrarit.“

185 3990 332 4038 Ammianus
341 3990 381 4049 29,
392 3991 415 4039 5.
436 3988 642 4054 „Caprarienses
652 3998 754 4041 montes
772 3991 852 4055 louge
863 3995 971 4039 remotos
984 3989 1134 4054 penetravit,
1153 3995 1179 4039 et
1189 3991 1306 4055 usurpas

186 4059 297 4120 crepitus
316 4059 490 4108 inaccessos.“
