2842 4758
225 240 287 300 410
608 245 639 307 a.
662 245 946 295 montanensem

287 384 399 459 lulius,
423 388 455 449 ct
475 380 599 464 fragilis
621 379 775 454 Pediatia,
798 379 913 463 furque
934 381 1089 451 Voranus.

212 518 213 521 ,
245 483 276 532 lo
290 469 425 550 Singula
446 466 524 550 qnid
544 468 736 530 memorem?
757 484 821 547 quo
842 471 935 549 pacto
957 467 1081 535 alterna
1102 469 1278 552 loquentes

287 555 426 621 Umbrae
448 573 519 617 cum
541 552 672 632 Sagana
693 550 871 615 resonarint
892 551 982 616 triste
1003 559 1036 617 et
1056 558 1210 620 acutum?

286 638 392 722 thue
413 636 481 722 lupi
503 636 634 701 barbam
655 634 763 701 variae
785 654 856 699 cum
879 634 973 701 dente
995 639 1145 705 colubrae

285 722 474 789 Abdiderint
490 720 604 805 ,furtim
626 720 728 796 terris,
751 725 783 784 et
804 719 942 801 imagine
964 741 1057 788 cerea

287 808 421 890 Largior
442 805 562 872 arserit¹
577 805 684 886 ignis?
712 809 745 870 et
765 811 801 869 ut
822 824 885 869 non
907 807 998 873 testis
1020 808 1140 874 inultus

245 909 275 959 45
289 893 472 959 Horruerim
494 909 589 955 voces
611 890 779 954 Furiarum
801 895 833 954 et
854 888 939 955 lacta
960 892 1118 959 duarum?

286 981 380 1055 Nam,
402 977 546 1061 displosa
567 980 659 1041 sonat
680 979 834 1057 quantum
856 975 972 1053 vesica,
994 978 1111 1063 pepedi

286 1062 419 1129 Diffissa
440 1067 514 1126 nate
535 1059 623 1125 ficus.
668 1067 702 1124 at
722 1059 797 1125 illae
818 1080 944 1125 currere
964 1061 999 1126 iu
1020 1064 1155 1130 Urbem:

288 1147 441 1212 Canidiae
463 1147 584 1223 dentes,
607 1145 707 1209 altum
730 1145 877 1226 Saganae
900 1146 1095 1213 caliendrum

287 1232 450 1308 Excidere,
473 1238 570 1313 atque
592 1229 718 1307 herbas,
740 1235 837 1312 atque
858 1229 1020 1299 incantata
1042 1231 1169 1298 lacertis

247 1332 277 1381 ao
292 1318 434 1394 Vincula,
457 1336 528 1382 cum
550 1334 667 1397 magno
688 1314 819 1397 neuque
840 1314 972 1398 iocoque
995 1317 1130 1384 rideres.

611 1480 853 1550 ECLOGA
887 1485 944 1549 lx.

288 1605 377 1670 Ibam
401 1608 436 1668 ut
457 1602 538 1666 forte
558 1601 611 1667 via
633 1601 740 1679 Sacra,
768 1601 849 1669 sicut
869 1623 961 1668 meus
982 1608 1032 1669 est
1053 1624 1132 1683 mos,

284 1688 400 1754 Nescio
423 1687 499 1771 quid
521 1686 679 1751 meditans
700 1706 868 1768 nugarum,
891 1693 977 1753 totus
998 1688 1131 1756 inillis:

285 1773 434 1839 Adcurrit
455 1770 585 1855 quidam
607 1776 702 1836 notus
723 1771 801 1836 mihi
821 1772 947 1837 nomine
968 1779 1108 1850 tautum3

285 1861 484 1943 Arreptaqne
505 1875 612 1931 manu,
635 1855 719 1935 auia
742 1857 823 1938 agis,
846 1858 1029 1923 dulcissime
1051 1862 1178 1924 rerum?

398 1950 405 1963 ⁴
474 1975 496 2007 v.
516 1960 556 2009 41.
574 1957 649 2022 Vulg.
667 1955 839 2011 desecarent.
875 1962 896 2010 1.
915 1959 988 2010 Itum
1006 1960 1083 2021 forte.

222 2083 321 2145 practer
338 2094 381 2128 sex
397 2077 609 2137 Pulmannianos,
626 2077 708 2126 nostri
725 2076 801 2127 etiam
819 2076 930 2139 codices,
949 2078 1089 2140 Leidensis,
1108 2078 1262 2143 Regiuensis
1279 2094 1345 2129 enm

223 2147 281 2197 aliis
304 2151 430 2211 quattuor.
467 2143 592 2210 cruquiue
615 2144 812 2209 Torrentiusque
835 2148 926 2197 tacent.
960 2146 1053 2196 Videat
1075 2147 1162 2211 itaque
1186 2146 1343 2208 Lambinus,

222 2215 267 2279 qui
284 2218 393 2264 veniant
407 2214 450 2263 hic
467 2212 589 2278 reposuit,
606 2213 683 2277 idque
700 2212 737 2261 ait
753 2211 845 2263 habere
863 2229 949 2263 omnes
958 2214 1009 2264 fere
1018 2214 1097 2264 libros
1107 2219 1211 2264 veteres.
1230 2214 1344 2265 Utinam

222 2283 325 2334 meliore
342 2282 391 2332 fide
409 2283 436 2331 in
454 2282 494 2331 his
513 2281 587 2330 rebus
605 2283 734 2345 ageretur:
762 2281 812 2330 iam
835 2297 887 2330 non
910 2282 953 2331 hic
971 2286 1065 2332 eeteros
1084 2287 1143 2347 post
1161 2298 1186 2333 se
1204 2298 1291 2333 omncs
1310 2285 1344 2333 in

223 2367 330 2401 errorem
347 2350 498 2399 induxisset.
532 2348 679 2398 Priscianus
697 2348 799 2412 quidem
814 2364 873 2413 pag.
891 2350 950 2410 em,
974 2347 1018 2400 ubi
1035 2349 1118 2399 locum
1136 2351 1204 2400 hunc
1223 2351 1342 2412 adducit,

145 2462 148 2471 .
222 2422 331 2469 varient
347 2418 423 2468 habet
440 2417 528 2467 hodie:
547 2422 574 2465 at
591 2421 759 2467 correctorum
776 2416 804 2466 id
820 2416 919 2467 facinus
937 2421 987 2479 est,
1007 2418 1051 2482 qni
1067 2417 1124 2468 loca
1141 2434 1172 2467 ex
1189 2418 1344 2469 auctoribus

222 2487 277 2536 illic
301 2487 380 2536 citata
403 2485 434 2534 ad
458 2485 573 2549 vulgatas
597 2500 681 2533 eorum
706 2482 830 2534 editiones
853 2485 988 2549 reflngnnt.
1028 2485 1088 2535 Tria
1114 2486 1179 2535 enim
1208 2486 1344 2537 Prisciani

196 2604 199 2611 ,
222 2555 318 2619 scripta
335 2553 389 2604 vidi
407 2552 571 2618 exemplaria;
589 2567 695 2615 quorum
713 2552 762 2601 duo
780 2555 868 2601 veniat
885 2550 923 2602 ibi
940 2553 1100 2618 praeferunt,
1118 2555 1222 2603 tertium
1241 2559 1342 2606 cereiet.
1372 2558 1379 2577 ¹

221 2623 361 2672 Revocetur
378 2622 465 2685 itaque
482 2625 553 2670 vetus
576 2621 652 2670 lectio
669 2635 773 2669 numero
791 2619 934 2684 Singulari3
963 2625 988 2672 et
1011 2621 1068 2671 ride
1092 2637 1138 2671 nos
1163 2621 1195 2671 ad
1214 2619 1299 2674 Germ.
1317 2624 1342 2688 Ι,

222 2691 262 2751 24,
284 2691 307 2741 8.
327 2693 352 2738 et
369 2688 439 2737 alibi.

290 2759 331 2807 41,
366 2755 529 2806 desecarent
547 2757 621 2804 triete
639 2760 664 2804 et
681 2757 796 2818 aenium]
831 2754 966 2806 Videamus
985 2761 1066 2806 tutum
1083 2756 1181 2806 locum:
1200 2757 1341 2823 „Singula

223 2823 288 2889 qaid
304 2826 461 2873 memorem?
488 2837 539 2887 pne
555 2827 635 2887 pacta
653 2823 758 2872 alterna
777 2823 911 2887 loquentes
930 2822 1041 2876 Umbrae
1059 2839 1118 2875 cum
1136 2824 1248 2890 Sagana
1267 2843 1340 2877 reso·

222 2896 313 2942 nerent
332 2894 406 2940 triste
424 2896 449 2939 et
466 2896 592 2942 aeratam?
621 2887 704 2955 thue
727 2891 786 2955 lupi
802 2892 910 2942 barbam
928 2895 1019 2942 cariae
1037 2907 1097 2942 eam
1115 2891 1192 2942 dente
1209 2894 1341 2944 colubrae

222 2959 374 3010 Abdidcrint
390 2958 486 3020 fartim
505 2959 597 3021 terris,
622 2963 648 3007 et
670 2961 787 3021 imagine
805 2974 882 3009 cerea
900 2958 1019 3025 Largior
1036 2960 1127 3009 arserit
1145 2962 1236 3025 ignis?
1262 2966 1291 3010 et
1308 2967 1342 3012 ret
1409 2970 1410 3007 l

221 3044 276 3078 non
303 3029 374 3078 testie
399 3027 500 3076 inultas
517 3026 666 3075 Horruerim
692 3040 766 3076 noces
791 3027 927 3086 sardarum
952 3032 978 3077 et
997 3028 1074 3089 ¹sacta
1092 3028 1246 3078 arrarumr‘
1271 3028 1340 3085 Quis

221 3098 273 3146 iam
290 3095 355 3146 illud
371 3111 422 3144 non
440 3094 532 3155 rideat,
550 3093 746 3143 reclamantibus
765 3095 926 3158 quantumvis
949 3095 1094 3157 codicibus,
1121 3099 1276 3146 resonarint
1294 3097 1339 3147 hic

222 3163 392 3228 reponendum
411 3177 478 3222 esse;
496 3165 525 3211 nt
542 3177 599 3211 cnm
617 3161 780 3225 sequentibus
799 3169 929 3227 congruat,
948 3163 1116 3227 Acciderat,
1134 3164 1248 3226 Arserit,
1266 3165 1339 3215 Har·
1409 3180 1410 3219 3

222 3232 341 3280 emeram?
369 3231 426 3280 Hoc
450 3230 481 3279 ab
499 3229 607 3279 Horatio
630 3229 708 3278 fuisse
731 3245 787 3279 mea
809 3229 857 3280 fide
882 3237 907 3280 et
929 3231 1042 3295 periculo
1066 3232 1146 3281 ausim
1169 3231 1336 3290 contendere;
1409 3244 1410 3273 1

222 3298 286 3347 illud
309 3312 325 3346 a
348 3295 546 3358 correctoribus,
574 3297 618 3360 qui
642 3312 671 3346 ex
695 3298 812 3361 analogia
835 3298 934 3363 opinati
952 3304 1012 3348 sunt
1028 3315 1080 3348 non
1099 3303 1263 3362 resonarint,
1292 3300 1339 3350 sed
1409 3316 1410 3381 p

223 3368 392 3416 resonaertnt
414 3364 467 3415 dici
493 3368 616 3429 oportere.
657 3365 735 3429 Atqui
760 3372 785 3414 et
807 3364 870 3415 alibi
893 3367 986 3417 Noster
1008 3382 1073 3416 sono
1097 3370 1192 3417 sonaci
1217 3369 1337 3432 protulit,

222 3432 300 3483 Serm.
319 3433 339 3494 I,
358 3435 383 3483 4.
400 3449 423 3482 r.
442 3434 482 3484 44.
517 3431 636 3495 „Magna
654 3438 817 3484 sanaturum:
836 3434 881 3483 der
897 3437 1012 3485 nominis
1030 3437 1109 3484 baias
1127 3435 1284 3485 barearem“:
1312 3441 1339 3486 et
1409 3446 1410 3497 ζ

221 3501 340 3551 similiter
358 3505 419 3550 tono
439 3503 542 3551 tenaci:
568 3499 651 3563 Epod.
672 3501 711 3561 II,
737 3502 777 3552 51.
811 3502 861 3565 „Si
884 3518 949 3567 quos
965 3501 1032 3552 Eois
1049 3502 1166 3552 intonata
1182 3504 1339 3564 [lactibus.“
1409 3512 1410 3547 ἓ

221 3567 344 3619 Manilius
361 3568 406 3618 lib.
424 3567 453 3618 V.
479 3571 510 3631 [v.
530 3569 589 3630 565]
624 3568 720 3630 „Aura
743 3584 792 3634 per
815 3575 947 3619 emaemas
970 3572 1097 3620 resonarit
1119 3571 1206 3632 (labile
1228 3574 1337 3636 rupes.“
1409 3554 1410 3627 ]

221 3637 375 3687 Prudentius
393 3636 420 3685 in
437 3636 487 3685 tine
505 3633 699 3686 Cathemerinon
724 3636 792 3699 [Peri
810 3638 931 3702 stephan.
949 3638 1027 3702 praet.
1046 3655 1068 3687 v.
1087 3639 1135 3701 34,
1159 3638 1211 3688 sire
1228 3638 1336 3704 Epilog.
1409 3632 1410 3697 l

221 3723 243 3755 r.
263 3708 317 3767 illl:
350 3704 474 3768 „Iuvabit
499 3719 545 3754 ore
569 3719 716 3770 personasse
741 3702 898 3767 Caratamf‘
940 3706 1005 3756 Saue
1030 3705 1094 3755 illud
1120 3712 1278 3756 resonarent
1302 3723 1337 3758 ne
1409 3716 1410 3757 l

221 3774 343 3824 Latinum
361 3772 463 3837 quidem
484 3772 526 3822 hic
545 3778 595 3822 est:
623 3771 717 3837 quippe
741 3776 839 3837 ternpus
863 3772 1001 3838 perlectum
1024 3773 1164 3824 necessario
1186 3775 1335 3838 requiritur,
1409 3770 1410 3827 i

222 3841 294 3904 aare
309 3856 457 3904 memorem,
475 3845 506 3889 at
523 3840 683 3903 abdiderant,
702 3845 733 3890 at
750 3844 853 3901 arserit,
872 3847 904 3890 nt
920 3842 1079 3905 horruerim,
1097 3857 1149 3906 quc
1163 3849 1245 3907 pacto
1263 3858 1337 3894 resa·
1409 3842 1410 3883 l

221 3912 322 3959 narint.
356 3908 447 3971 virgil.
466 3907 554 3972 Eelog.
573 3909 616 3959 VI.
641 3911 674 3971 [a.
694 3909 736 3971 65]
771 3906 858 3973 „Tam
884 3911 970 3970 canit,
996 3914 1129 3959 errantem
1146 3908 1276 3959 Permessi
1298 3910 1338 3961 ad

221 3979 333 4038 stamina
353 3975 458 4026 Gallam
475 3976 566 4025 Aonas
591 3979 620 4026 in
643 3981 744 4025 marites
766 3980 794 4025 ut
818 3977 918 4026 duxerit
934 3992 990 4027 una
1007 3991 1145 4039 sarornm;
1172 3977 1256 4041 thue
1275 3980 1335 4029 viro
1409 4024 1410 4027 ,

220 4045 317 4093 Phoebi
334 4044 430 4093 eborae
447 4043 615 4094 adsurrexerit
633 4045 745 4093 omnis.“
779 4044 820 4092 Ita
837 4044 883 4093 alii
900 4060 997 4113 semper
1013 4044 1042 4093 in
1059 4044 1122 4094 locis
1140 4043 1276 4096 similibus.

291 4114 312 4162 1.
347 4110 421 4160 Ibam
445 4110 515 4172 forte
539 4115 582 4161 cia
604 4114 693 4173 sacra]
728 4111 814 4160 Etiam
838 4112 880 4161 hic
903 4113 977 4162 venia
999 4113 1063 4161 mihi
1086 4111 1246 4177 impetranda
1263 4118 1335 4165 esta

222 4176 315 4227 lectore
333 4178 409 4227 nimis
427 4177 562 4241 religios03
593 4178 659 4242 quod
684 4178 737 4228 nine
756 4178 832 4228 ullius
851 4179 947 4230 codicis
965 4180 1116 4230 auctoritate
1134 4181 1286 4245 perticulam
1304 4188 1335 4233 at
1409 4198 1410 4203 ¹
