2834 4758
214 226 278 288 318
603 239 634 298 o.
657 238 797 286 aenean
819 238 943 285 resecr

299 373 467 448 RelabsuS,
489 379 587 456 atque
608 378 705 438 notus
725 373 758 435 in
780 372 886 437 voltus
907 371 1017 436 bonor.

268 472 271 477 ·
298 458 382 523 Dedi
405 458 485 525 satis
508 479 667 543 superque
689 477 865 542 poenarum
888 456 955 533 tibi,

256 557 286 606 20
300 546 417 608 Amata
437 544 545 607 nautis
567 544 702 608 multum
725 549 758 608 et
778 541 987 607 institoribus.

298 628 397 709 Fugit
416 629 579 705 iuventas3
603 634 635 693 et
656 628 856 693 verecundus
879 626 964 691 color

298 713 439 796 Reliquit
460 733 526 792 ora,
549 713 634 798 pelle
655 714 771 778 amicta
792 711 908 777 lurida.

533 832 556 864 r.
578 817 618 866 18.
636 815 712 879 Vulg.
729 813 845 866 Relatnr.
881 816 921 866 22.
943 813 1013 863 Orsa.

212 924 351 980 conspectu
369 921 482 981 apparet.
519 916 586 965 Olim
604 923 687 965 antem
715 920 785 966 circe
810 916 902 975 fuisse,
929 920 960 963 ut
982 915 1009 964 in
1033 914 1092 963 aliis
1115 915 1256 978 omnibus,
1288 927 1360 976 quas

211 984 319 1034 viderim
336 984 480 1045 codicibus,
499 1001 529 1034 ex
546 986 624 1049 spatii
642 986 762 1048 angustia
779 984 854 1034 facile
872 998 1016 1047 cognoscas.
1048 984 1086 1032 Et
1102 998 1189 1032 vereor
1206 980 1357 1038 mehercle,

211 1068 277 1102 nea
301 1053 394 1103 stolido
418 1053 526 1117 quadarn
549 1053 731 1118 interpolatum
750 1053 797 1112 ait,
827 1052 872 1116 qui
896 1054 970 1100 circa
993 1051 1109 1100 munira
1133 1051 1171 1100 sic
1195 1047 1357 1113 acceperit3

212 1121 284 1184 quasi
310 1121 332 1170 si
357 1123 430 1170 eirca
455 1121 611 1184 praepositio
635 1126 707 1171 esset.
749 1122 798 1170 Sed
821 1125 959 1183 utcumque
983 1118 1104 1168 ceciderit
1119 1119 1182 1167 haec
1207 1115 1356 1180 suspicio,

212 1189 289 1239 etiarn
308 1204 397 1239 caecus
415 1205 519 1253 scopum
536 1188 651 1240 feriebat.
681 1189 783 1253 Quippe
800 1188 851 1237 iam
869 1188 930 1236 olim
948 1187 1043 1236 Latina
1061 1187 1205 1246 inflexione,
1223 1184 1257 1234 V
1255 1184 1358 1234 aiente

213 1255 300 1318 Circa,
318 1257 443 1322 scriptum
460 1257 501 1306 hic
520 1256 605 1318 fuisse,
624 1258 697 1307 testis
715 1262 753 1306 est
769 1256 884 1322 locuples
900 1255 1018 1305 Valerius
1035 1254 1132 1304 Probus
1150 1270 1175 1319 p.
1195 1254 1278 1304 1446.
1307 1249 1358 1315 „E

211 1327 322 1376 nomina
341 1327 484 1374 terminale
505 1322 609 1374 Graeca
626 1330 702 1387 aunt,
718 1330 750 1373 nt
765 1324 874 1387 Dareae',
893 1323 1023 1388 Euterpe,
1044 1321 1131 1385 Circe,
1165 1323 1275 1385 Agaue.
1318 1318 1354 1368 In

210 1395 330 1456 genitivo
349 1408 375 1441 es
393 1397 419 1440 et
436 1394 465 1441 in
484 1396 635 1442 accusativa
654 1408 693 1454 en,
713 1393 792 1442 buius
809 1393 928 1452 Danubi,
948 1392 1017 1440 bunc
1029 1391 1154 1442 Danai'n.
1180 1388 1354 1440 Asiaticum

212 1462 296 1521 urim,
315 1463 379 1524 quia
399 1457 528 1509 Graecum
547 1465 600 1522 est,
618 1477 672 1510 non
691 1461 803 1520 tabent,
827 1466 853 1509 et
871 1465 1070 1510 concutientur.
1108 1458 1153 1509 Sic
1170 1472 1235 1507 eece
1258 1456 1352 1505 litera

211 1527 321 1589 afacit,
341 1532 367 1576 et
385 1527 485 1576 dicitur·
504 1526 600 1590 Circa,-
623 1529 695 1579 unde
713 1534 751 1577 eet
767 1528 838 1578 illud
854 1528 975 1587 Horatii,
995 1526 1106 1576 Valente
1125 1525 1228 1576 Circa.“
1268 1524 1354 1587 Ergo

210 1594 309 1644 Valerii
327 1595 487 1657 auctoritate,
506 1596 550 1659 qui
568 1602 640 1646 tanto
658 1597 789 1661 antiquior
807 1606 843 1646 cst
860 1596 978 1644 omnibus
996 1595 1040 1659 qui
1057 1610 1126 1644 nunc
1145 1596 1231 1644 extant
1247 1591 1351 1641 Flacci

211 1661 357 1726 codicibus,
375 1663 513 1728 recipimus
534 1662 618 1716 Circa.
653 1665 690 1713 Et
707 1681 767 1714 sane
785 1662 917 1713 observavi
933 1664 961 1712 iu
980 1661 1088 1723 lambis,
1107 1659 1292 1720 sermonibus,
1321 1663 1351 1707 et

210 1730 338 1797 Epistolia
355 1731 463 1781 Latinas
482 1731 666 1782 declinationes
683 1731 807 1781 libentius
832 1730 951 1781 adhihere
968 1731 1099 1790 Nostrum3
1126 1731 1154 1779 in
1172 1728 1349 1778 Carminibus

211 1800 328 1850 Graecas.
363 1800 395 1848 In
412 1799 466 1848 illis
487 1796 600 1863 Cretam,
619 1800 747 1861 Helenae,
766 1800 924 1864 Penelopam
941 1797 1027 1862 habes,
1045 1799 1074 1847 in
1092 1798 1132 1846 hie
1152 1796 1262 1860 Creten,
1292 1796 1348 1845 He·

212 1868 277 1929 lene,
295 1868 448 1933 Penelopen.
477 1867 578 1933 Quippe
596 1870 624 1918 in
642 1869 696 1918 illis
713 1884 802 1933 puram
821 1873 847 1917 et
864 1867 975 1917 nativam
994 1868 1136 1916 arationem
1154 1869 1266 1915 secutus
1288 1869 1347 1922 eat3

211 1937 239 1986 in
256 1937 297 1986 his
315 1935 373 1999 plus
391 1935 486 1985 exotici
503 1937 595 1986 nitoris
614 1943 639 1986 et
656 1937 840 1986 transmarinae
858 1935 999 1999 elegantiae
1017 1934 1152 1984 affectavit.
1188 1931 1272 1983 Circa
1290 1932 1347 1981 ita·

212 2020 260 2068 que
267 2004 361 2053 Latine
370 2020 438 2052 nunc
448 2004 555 2065 extulit3
566 2009 595 2053 ut
603 2005 710 2054 Plautus
719 2004 747 2054 in
757 2004 868 2068 Epidico
879 2003 932 2065 [lV,
942 2004 1025 2065 2341,
1040 2001 1154 2062 Circam,
1164 1999 1345 2061 Scintillam.

211 2073 254 2122 Sic
273 2077 299 2121 et
316 2071 385 2135 apud
402 2071 539 2135 Virgilium
550 2075 611 2122 Aen.
632 2073 676 2133 Ill,
689 2074 746 2124 386.
782 2072 955 2135 „infernique
973 2071 1054 2131 tacere,
1074 2071 1228 2133 Aeaeaeque
1244 2068 1347 2118 incula
1415 2067 1416 2076 ¹

210 2140 322 2199 Circes,“
340 2155 426 2188 omnes
444 2139 524 2189 Pierii
543 2141 644 2190 codices
663 2146 708 2190 aut
727 2139 802 2190 Circe
820 2140 858 2190 ibi
876 2138 1012 2200 habebant,
1030 2143 1075 2187 aut
1093 2137 1193 2188 Circae.
1221 2135 1297 2190 Quin
1318 2141 1349 2185 et

209 2224 317 2272 magnus
336 2207 456 2257 Cuiacius
475 2206 604 2258 Observat.
623 2208 683 2269 XII,
704 2210 743 2260 18.
762 2224 788 2258 ae
806 2209 834 2257 in
853 2208 979 2257 veteribus
991 2205 1097 2256 Horatii
1115 2204 1245 2255 codicibus
1254 2202 1345 2254 Circa

210 2276 338 2326 invenisse
356 2279 471 2326 testatur.

280 2346 319 2396 la.
348 2341 422 2393 Tunc
444 2359 517 2393 mens
541 2348 567 2393 et
588 2358 670 2393 sonus
690 2342 810 2405 llelctua]
845 2342 935 2392 Editio
952 2341 1050 2391 Veneta
1072 2342 1193 2407 princeps
1216 2339 1345 2400 niutan

210 2418 237 2462 at
261 2413 341 2462 altera
366 2427 423 2461 cum
440 2412 613 2461 Loscheriana
630 2410 767 2476 relapsus,
793 2411 860 2475 quod
878 2415 1021 2474 agnoscunt
1038 2411 1137 2459 codices
1155 2409 1236 2457 nostri
1253 2407 1345 2458 Grae'·

209 2481 307 2542 vianae,
326 2485 352 2529 et
365 2480 532 2544 Baginensis,
551 2495 608 2529 cum
626 2480 739 2543 quinque
756 2479 830 2528 aliis:
850 2484 875 2528 et
893 2479 991 2527 Plotius
1012 2477 1197 2527 Grammaticus
1213 2492 1240 2541 p.
1257 2477 1347 2528 2643.

210 2549 315 2613 Semper
332 2548 383 2596 fere
400 2549 428 2596 in
446 2548 493 2596 hac
511 2563 571 2597 voce
589 2546 722 2597 variabant
732 2545 862 2606 Librarii3
880 2552 909 2595 ut
919 2545 999 2595 Germ.
1011 2546 1054 2607 IV,
1066 2548 1106 2606 13,
1116 2547 1157 2596 28.
1176 2544 1345 2609 „Dilapsam

209 2620 237 2666 in
257 2621 358 2666 cineres
375 2615 479 2675 sucem“
492 2633 499 2663 ι
525 2615 659 2665 Leideueis
677 2617 755 2665 codex
772 2614 904 2666 Dalatarn.
929 2621 955 2663 et
973 2614 1050 2663 Serm.
1069 2614 1091 2672 1,
1111 2615 1148 2665 10.
1167 2630 1190 2663 v.
1209 2613 1250 2664 68.
1289 2613 1347 2675 „Si

209 2683 282 2743 soret
304 2683 353 2732 bac
371 2687 491 2731 nestrum
509 2682 569 2741 fata
588 2682 683 2733 dilatus
701 2687 730 2733 in
748 2686 872 2748 aeanm“;
899 2683 980 2731 maior
997 2697 1056 2746 pers
1074 2682 1277 2730 membranarum
1298 2680 1342 2730 di-

210 2751 307 2815 laprus.
343 2751 373 2797 In
398 2749 454 2799 loco
479 2758 576 2810 eutem,
602 2767 674 2815 quem
699 2767 767 2802 nunc
792 2755 943 2811 tractamus,
969 2767 1020 2799 non
1044 2749 1197 2814 permultum
1219 2748 1343 2809 interest,

210 2819 313 2867 relatus
330 2817 407 2881 legas,
426 2831 459 2865 an
477 2818 606 2882 relapsus.
641 2819 672 2867 In
691 2835 720 2870 eo
738 2819 869 2868 dumtaxat
882 2818 1011 2880 differunt,
1030 2818 1098 2882 quod
1116 2817 1217 2866 relatus
1230 2820 1342 2867 externa

209 2888 235 2935 vi
259 2885 390 2934 reductum
408 2885 549 2948 significet,
575 2886 696 2952 relapsus
713 2888 781 2937 ultro
809 2891 835 2935 et
852 2892 942 2951 sponte
960 2901 1006 2936 sua
1022 2902 1155 2935 reversum.
1190 2888 1274 2948 Atque
1293 2885 1342 2934 hic

208 2954 301 3019 opinor
319 2968 406 3003 sensus
425 2953 578 3003 commodior
596 2959 641 3016 est,
660 2960 685 3004 ct
702 2956 740 3005 rei
757 2955 956 3004 convenientior.
988 2953 1184 3003 Simnlenimac
1196 2950 1269 3001 Circe
1282 2968 1340 3002 ma·

208 3025 323 3088 gicernm
341 3022 488 3071 cantionum
508 3023 557 3071 vim
574 3021 731 3083 aboleverat3
749 3022 875 3087 extemplo
892 3022 1001 3087 pristina
1019 3038 1089 3071 mens
1107 3029 1132 3071 et
1149 3037 1197 3070 vox
1213 3025 1240 3069 et
1253 3021 1340 3085 figura

208 3095 299 3157 sponte
316 3090 454 3140 redierunt.
1344 3096 1348 3103 ⁴

278 3161 317 3209 19.
337 3158 410 3208 Sutia
426 3173 558 3223 nuperque
574 3173 723 3222 paenarum
743 3161 800 3220 tibi]
834 3159 917 3223 Lego:
937 3157 1023 3221 „Dedi
1039 3160 1105 3207 eatis
1121 3172 1255 3221 areperque
1270 3173 1337 3223 poe-

207 3242 306 3276 narum
325 3228 387 3289 tibi,
412 3226 549 3276 Orlmata
568 3228 659 3275 naulis
677 3226 789 3276 multum
807 3231 833 3277 et
850 3227 1046 3276 institorlbna.“
1081 3226 1123 3274 Sic
1141 3225 1242 3289 aretio,
1268 3241 1335 3290 quae

208 3296 280 3359 prius
303 3293 427 3357 languida
450 3297 476 3342 et
499 3293 586 3342 hiulca
608 3297 677 3357 erat,
701 3310 779 3344 naras
802 3295 868 3344 vires
893 3309 1032 3358 novamque
1050 3295 1194 3342 iuncturam
1213 3295 1335 3357 acquirit.

207 3363 248 3410 Ita
266 3376 339 3411 versu
357 3364 405 3421 46,
429 3360 466 3410 Et
484 3366 523 3423 tu,
540 3366 615 3425 polea
632 3377 703 3422 nam,
721 3363 793 3412 salae
810 3376 851 3412 me
869 3363 1018 3421 clementiu,·
1044 3360 1130 3410 Once
1145 3365 1269 3426 paternis
1287 3365 1334 3412 ab·

206 3429 290 3478 soleta
314 3430 463 3478 sardibus.“
497 3428 558 3478 Ideo
581 3434 666 3478 autem
690 3432 728 3493 (ut
746 3430 840 3494 solent)
858 3431 997 3480 omiserunt
1014 3429 1041 3478 id
1058 3429 1179 3492 Librarii,
1198 3429 1260 3492 quia
1277 3430 1336 3480 sine

208 3512 237 3546 ec
256 3511 373 3546 mensura
391 3512 476 3545 versus
495 3497 573 3561 plena
590 3503 616 3546 et
634 3497 734 3562 integra
751 3504 796 3549 est.

276 3566 317 3615 22.
343 3562 459 3628 Reliquit
483 3567 552 3627 arra]
588 3565 652 3614 Vide
676 3566 750 3615 modo
774 3567 901 3630 integrum
926 3566 1023 3625 lccum;
1047 3570 1074 3614 et
1090 3562 1223 3613 miraberis
1241 3565 1336 3616 servile

207 3631 366 3698 quorundam
384 3632 524 3696 ingenium,
543 3632 588 3697 qui
606 3633 784 3699 meliuspeius,
802 3632 857 3683 iure
866 3634 971 3697 iniuria,
989 3632 1092 3697 quidvis
1100 3631 1246 3693 defendunt,
1266 3634 1333 3697 quod

206 3718 221 3752 a
239 3717 331 3766 magno
350 3705 453 3751 cuctme
470 3701 611 3765 proiectum
629 3702 748 3751 credunt:
767 3701 869 3765 „Fugit
886 3705 1015 3764 iuventas,
1033 3706 1059 3750 et
1076 3700 1240 3750 verecundus
1259 3702 1333 3751 calar

206 3769 324 3835 Reliquit
342 3784 401 3819 orca
416 3769 487 3835 pelle
505 3772 603 3819 amicta
622 3769 738 3820 laedar
774 3768 873 3825 Quibus
885 3768 969 3819 verbis
983 3769 1044 3818 olim
1055 3767 1333 3833 offensusvirmagnus

206 3838 288 3888 Iulius
307 3837 422 3902 Scaliger
440 3837 544 3900 [Poetic.
564 3853 588 3901 p.
606 3838 674 3900 8941,
693 3838 802 3901 ,,()ιιιέ“,
826 3837 925 3902 inquit,
953 3837 1045 3898 „dicat
1062 3837 1177 3886 calorem
1192 3836 1331 3900 reliquisse

206 3908 289 3956 aare?
312 3921 366 3955 nen
390 3907 477 3968 agitur
501 3905 591 3955 debuit
608 3905 696 3955 dicere
713 3921 772 3955 orsa
791 3908 889 3956 amicta
905 3905 987 3970 pelle,
1012 3904 1059 3953 red
1075 3903 1213 3969 reliquisse
1235 3904 1331 3970 pellem

207 3976 373 4024 amicientem
397 3974 482 4024 aasa.“
518 3973 592 4022 Nihil
615 3973 662 4022 hac
687 3989 793 4023 censura
817 3974 910 4023 iustius
935 3972 1059 4022 clariusve
1082 3971 1134 4021 dici
1151 3977 1243 4037 potest.
1281 3972 1329 4023 Sed

206 4041 268 4106 qnid
292 4041 334 4090 bic
359 4042 440 4090 nostri
465 4042 639 4105 Interpretce?
679 4046 739 4090 sunt
762 4042 807 4105 qui
830 4057 883 4090 rem
909 4041 1000 4091 callide
1018 4039 1192 4100 dissimulent,
1218 4046 1245 4090 et
1262 4042 1329 4091 sicco

207 4108 270 4173 pede
295 4108 423 4173 sapienter
441 4108 601 4168 transiliant;
626 4115 664 4158 est
682 4109 728 4172 qui
746 4109 903 4174 scaligerum
922 4109 1047 4159 cavillari
1063 4108 1105 4157 bic
1123 4107 1206 4168 dicat,
1231 4113 1257 4158 et
1274 4114 1329 4158 tan-

210 4176 265 4224 dem
284 4178 385 4226 exortus
403 4179 449 4237 aab
468 4176 512 4239 qui
530 4175 556 4224 id
574 4177 665 4240 ipsum,
684 4176 752 4239 quod
769 4177 813 4227 ille
830 4177 967 4241 vituperat,
984 4178 1011 4225 in
1030 4175 1235 4226 caelumferatet
1246 4176 1330 4226 adrui-
