2810 4764
604 234 635 296 q.
657 234 798 283 noanon
818 237 941 286 nuncet

741 420 812 484 XV.

592 537 663 602 ΑΙ)
697 536 952 608 CHLORIN.

303 651 390 719 Uxor
411 652 564 739 pauperis
586 655 683 740 Ibyci,

385 737 528 804 Tandem
550 740 710 823 nequitiae
731 742 795 826 fige
816 745 946 810 modum
968 749 1052 824 tuac,

301 820 512 906 Famosisque
533 824 714 892 laboribus:

383 907 508 973 Maturo
529 909 659 994 propior
679 910 790 978 desine
812 912 916 979 iuneri

272 990 388 1056 tlnter
410 991 521 1059 ludere
543 994 694 1076 virgines,

383 1077 426 1142 Et
447 1078 549 1144 stellis
569 1080 719 1145 nebulam
742 1101 894 1166 spargere
916 1080 1070 1146 candidis.

299 1159 381 1238 Nou,
404 1161 433 1229 si
454 1161 532 1245 quid
552 1164 694 1230 Pholoen
716 1165 805 1242 satis,

383 1247 425 1311 Et
447 1254 487 1327 te,
511 1247 629 1328 Chlori,
652 1250 759 1316 decet:
780 1250 847 1316 filia
865 1249 985 1317 rectius

298 1329 472 1416 Expugnat
493 1332 643 1399 iuvenum
665 1335 787 1414 domos,

260 1426 288 1478 lo
385 1417 483 1483 Pulso
505 1417 627 1503 Thyias
649 1419 696 1484 uti
719 1420 842 1486 concita
862 1424 1023 1505 tympano.

299 1497 393 1565 Illam
415 1500 501 1583 cogit
521 1523 610 1568 amor
630 1504 729 1569 Nothi

383 1587 537 1653 Lascivae
560 1587 695 1654 similem
717 1589 828 1654 ludere
850 1606 1000 1673 capreae:

622 1705 645 1740 v.
666 1692 703 1742 10.
722 1689 798 1755 Vulg.
821 1688 916 1756 quar.

215 1788 346 1836 oriumffl:
370 1792 400 1837 ut
417 1787 480 1838 alibi
498 1788 579 1840 Carm.
597 1791 632 1853 Il,
653 1793 693 1851 11,
711 1793 752 1843 22.
781 1789 907 1857 „Lydum
931 1792 1032 1840 eburna
1056 1790 1097 1840 dic
1123 1804 1174 1854 age
1191 1805 1251 1841 cum
1272 1792 1336 1858 lyra

213 1852 332 1916 Maturet,
350 1857 492 1907 incomtam
509 1856 648 1910 Lacaenae
665 1858 741 1909 More
758 1873 859 1910 comam
876 1856 994 1908 redimita
1011 1857 1108 1908 aodo.“
1145 1857 1240 1909 Sanaos
1255 1860 1335 1911 Hero.

214 1921 314 1973 Oetaeo.
334 1925 399 1976 1546
422 1924 476 1986 „lit
498 1941 581 1976 comas
606 1927 679 1978 nullo
704 1927 838 1977 cohibente
862 1925 942 1987 uodo,
976 1924 1087 1976 Femina
1119 1930 1224 1976 exertos
1247 1927 1338 1988 feriat

214 1989 354 2041 lacertoa.“
369 2012 373 2018 ·
389 1994 510 2056 Properat
532 1994 582 2043 huc
606 1996 718 2056 Neaera,
741 1993 808 2044 nodo
832 1994 956 2043 duntaxat
978 1994 1112 2043 cohibente
1136 1994 1246 2058 crinem,
1271 2011 1336 2061 prae

213 2056 298 2108 stndm
315 2058 460 2110 festinandi.
489 2059 637 2112 Certissima
653 2063 715 2113 haec
733 2061 874 2113 emendatio
892 2065 943 2113 eat:
961 2061 1044 2112 facilis
1061 2065 1145 2111 autem
1155 2062 1335 2113 Librariorum
1400 2080 1401 2103 ι

212 2124 299 2191 lapsus
317 2141 332 2175 a
351 2125 470 2180 Cohibete
487 2128 520 2178 ad
539 2128 672 2181 Cobibore.

280 2195 303 2246 3.
321 2193 495 2261 Famoeieque
513 2195 656 2261 laboribus]
691 2197 788 2262 Forte,
807 2195 958 2256 Calor-ibus,
981 2195 1067 2260 inquit
1083 2196 1174 2246 Daniel
1191 2196 1334 2249 Heinsius:

211 2261 294 2325 credo,
313 2263 373 2327 quia
390 2265 539 2314 meminerat
555 2265 619 2316 illud
631 2266 713 2317 Carm.
725 2264 770 2327 IV,
780 2266 804 2327 9,
816 2266 854 2316 11.
882 2262 994 2328 „Spirat
1010 2263 1099 2315 adbuc
1116 2279 1199 2328 amor,
1218 2262 1336 2316 Vivunt-

212 2344 263 2394 que
280 2333 413 2382 commissi
429 2332 524 2384 calores
533 2333 641 2385 Aeoliae
657 2333 755 2395 fidibus
769 2330 903 2397 puellae.“
939 2330 988 2381 Sed
1006 2330 1113 2382 trustra:
1131 2336 1160 2382 ut
1176 2330 1227 2382 iere
1246 2335 1335 2385 omnia

212 2397 322 2460 quaein
338 2399 447 2449 Horatio
465 2405 571 2451 conatus
589 2407 627 2452 eet
643 2402 683 2451 vir
700 2406 783 2452 cetero
801 2399 949 2464 ingeniosus
967 2402 992 2449 et
1010 2399 1108 2452 doctus.
1143 2398 1278 2464 Labores,
1305 2406 1335 2451 ιιι

211 2465 253 2515 hic
271 2481 357 2516 omues
374 2467 434 2518 libri
452 2470 607 2532 praeferunt,
626 2470 692 2521 idern
710 2468 777 2533 quod
796 2482 911 2527 amorem
929 2472 958 2516 ut
976 2465 1056 2517 Carm.
1067 2468 1089 2533 I,
1101 2469 1140 2529 l'l,
1162 2469 1199 2519 19.
1233 2469 1334 2532 „Dicae

211 2532 355 2584 laborantes
374 2538 402 2585 tn
419 2551 474 2586 uno
491 2537 639 2602 Penelopen
661 2540 825 2600 vitreamque
844 2534 962 2585 Circea.“
986 2539 1012 2585 et
1028 2536 1049 2599 I,
1068 2536 1109 2598 nt,
1129 2537 1167 2587 19.
1202 2534 1333 2599 „Quanta

210 2599 310 2650 laboras
327 2604 356 2651 ia
376 2601 518 2669 Charybdi,
535 2605 625 2670 Digne
638 2620 709 2670 puer
725 2604 835 2654 meliore
851 2604 987 2664 flammaf‘

279 2671 302 2720 9.
320 2668 471 2734 Eropuguat
488 2674 612 2722 iuuenum
631 2672 730 2733 domos]
748 2670 926 2735 vigorniensis
942 2676 1035 2731 noster,
1053 2675 1205 2735 expungat:
1224 2668 1331 2723 sedhic
1399 2654 1400 2703 Ῠ

211 2734 373 2786 dormitantis
393 2739 557 2803 exscriptoris
575 2743 613 2790 est
629 2740 723 2805 lapsus
760 2737 876 2788 Ceterum
893 2736 1041 2801 Lambinus,
1060 2737 1215 2799 Torrentius,
1232 2738 1332 2803 aliique
1399 2742 1400 2815 p

210 2803 317 2867 figurate
334 2804 396 2854 haec
414 2805 558 2870 accipiunt3
576 2823 627 2856 non
645 2806 719 2871 quasi
736 2820 822 2856 revera
840 2811 975 2871 ompuguet
992 2805 1082 2856 domos
1106 2810 1131 2856 et
1153 2806 1220 2856 tores
1242 2807 1331 2857 effrin-

210 2873 269 2935 get,
294 2875 323 2919 ut
340 2871 380 2922 vel
397 2872 491 2923 invitos
509 2875 612 2924 iuvenes
629 2873 750 2940 diripiat:
776 2873 819 2924 sed
837 2889 927 2924 amore
943 2877 987 2923 eui
1002 2875 1138 2925 subvertat
1155 2873 1253 2926 domoc.
1281 2874 1331 2925 Sed

210 2954 329 3002 quorsum
345 2939 418 3002 illud,
436 2941 503 3005 quod
521 2943 607 2992 statim
624 2942 756 3006 sequitur?
790 2940 957 3007 „depugnat
978 2944 1103 2992 iuuenum
1120 2941 1225 3005 domoc,
1248 2941 1330 2993 Palm

213 3004 313 3073 Tleyim
329 3010 372 3058 uti
387 3011 493 3059 coneda
511 3014 664 3075 lympano.“
683 3009 751 3066 Quid
763 3009 847 3060 enimi
865 3010 1021 3060 anBacchae
1039 3009 1121 3059 instar
1136 3008 1232 3060 furiosa
1249 3027 1329 3061 mere·

209 3074 261 3124 trix
277 3075 359 3141 magis
376 3075 498 3141 illaqueat
516 3076 703 3129 adolescentum
726 3077 839 3141 animos,
863 3092 937 3143 quam
955 3082 1055 3127 versuta
1078 3082 1104 3127 et
1128 3076 1221 3127 callida
1244 3079 1327 3129 etin·

128 3180 131 3185 ⁴
210 3142 310 3193 secandi
329 3145 438 3195 artilex?
473 3144 555 3200 Quare
573 3152 640 3197 recte
659 3146 805 3207 Dacierius,
823 3145 868 3210 qui
886 3146 988 3211 proprie
1005 3146 1066 3195 haec
1085 3145 1194 3209 accipit,
1218 3146 1282 3196 adeo
1300 3150 1329 3196 ιιι

208 3209 303 3260 Pholoe
326 3210 372 3261 illa
394 3210 509 3263 vectibus
533 3215 715 3280 expugnaverit
744 3213 817 3264 aedes
848 3218 994 3263 amatorum.
1036 3213 1085 3263 Sed
1108 3212 1207 3262 nullum
1229 3213 1327 3279 profert
1398 3238 1399 3279 l

209 3282 349 3340 auctorem,
376 3279 419 3342 qui
437 3281 468 3330 de
487 3281 587 3332 feminis
605 3282 655 3332 tale
673 3281 734 3347 quid
752 3284 851 3343 narret,
875 3281 943 3345 quod
965 3281 1052 3346 potins
1077 3280 1264 3331 adolescentum
1290 3284 1327 3332 est
1398 3290 1399 3321 t

208 3344 307 3396 facinus
331 3362 390 3412 erga
412 3348 505 3400 amicas
528 3365 594 3400 suas.
627 3350 686 3414 Ego
705 3366 764 3401 vero
782 3347 846 3399 dabo
869 3353 1008 3410 auctorem,
1034 3354 1059 3398 et
1082 3347 1182 3414 quidem
1205 3349 1327 3400 maiorem

208 3413 278 3463 omni
301 3417 464 3480 exceptione,
490 3417 610 3467 Senecam
632 3433 722 3483 nempe
745 3417 772 3467 in
796 3416 905 3467 Praefat.
929 3417 960 3467 ad
985 3415 1030 3468 IV.
1054 3417 1114 3467 Nat.
1132 3415 1235 3472 Quaest.
1254 3418 1281 3481 [ξ
1300 3419 1324 3479 6]

207 3479 336 3544 „Crispas
345 3483 484 3534 Passienus
494 3500 573 3550 saepo
591 3484 702 3548 dicebat,
719 3484 879 3535 Adulatioai
895 3500 944 3535 aaa
961 3500 1102 3550 opponere,
1119 3499 1174 3534 uon
1192 3484 1325 3548 claudere,

208 3547 319 3599 ostium:
343 3555 370 3600 et
385 3551 490 3615 quidem
507 3555 555 3614 ric,
573 3552 792 3618 quenadmodum
810 3556 910 3619 opponi
926 3553 1021 3603 amicae
1038 3552 1119 3602 colet.-
1144 3567 1220 3617 quae,
1236 3555 1262 3602 ai
1278 3555 1325 3602 im·

205 3615 286 3681 pulit,
303 3623 386 3681 grata
403 3623 456 3668 eat:
478 3623 594 3686 gratior,
611 3623 636 3670 ai
653 3620 818 3686 effregit.“
852 3619 901 3670 Cui
918 3620 981 3670 adde
998 3619 1116 3670 Plautum
1135 3620 1162 3669 in
1179 3619 1236 3671 Mil.
1255 3620 1322 3670 Glor.

208 3683 286 3745 1v‚o.
298 3687 381 3748 [abb]
399 3684 444 3735 ubi
461 3689 579 3738 meretrix
595 3688 723 3754 loquitur:
742 3688 842 3753 „Immo
860 3691 1040 3753 opperiamur,
1058 3687 1120 3738 dum
1131 3687 1321 3754 eaeataliquie.

207 3753 315 3803 Durare
332 3769 439 3818 nequeo,
476 3754 546 3817 Quia
564 3771 622 3806 eam
639 3759 719 3806 intro.
757 3756 882 3806 Occlusae
898 3761 963 3806 auat
978 3755 1058 3817 force.
1081 3755 1232 3820 Eiiriugam.
1250 3755 1322 3806 Sana
1397 3808 1398 3819 ,

206 3836 261 3871 nou
279 3837 313 3872 ee.
366 3821 397 3873 Si
413 3825 513 3872 amauit
536 3839 677 3888 umquam,
704 3829 753 3875 aut
775 3826 799 3873 ri
821 3839 913 3889 parem
938 3826 981 3874 bic
1006 3826 1165 3889 sapientiam
1189 3824 1269 3874 babet
1291 3838 1323 3874 aa

206 3888 337 3949 somnam:
389 3889 440 3940 Per
462 3907 570 3941 amorem
594 3894 619 3941 ei
642 3891 708 3956 quid
731 3891 835 3956 fecero,
862 3892 983 3942 clcrueuti
1005 3894 1044 3941 mi
1066 3893 1154 3941 auimo
1178 3892 1322 3957 ignoscet“
1397 3876 1398 3909 ³

206 3956 270 4007 lude
286 3957 386 4022 explica
403 3957 483 4008 Carm.
493 3959 542 4022 111,
552 3962 576 4021 9,
586 3961 624 4010 19.
660 3959 709 4021 „Si
725 3962 799 4022 llaoa
817 3960 944 4010 excutitur
963 3958 1048 4022 Chloe,
1066 3959 1233 4023 Reiectaeque
1249 3962 1324 4025 patet

206 4024 284 4075 ianua
300 4024 441 4092 Lydiae.“,
456 4027 503 4076 hoo
522 4031 568 4089 est,
586 4027 615 4076 Si
633 4026 710 4077 Chloe
729 4029 843 4089 ciicitur,
861 4033 890 4078 ut
907 4027 1133 4079 TerentEuuuch.
1144 4027 1213 4089 ΙΙ,3.
1235 4030 1267 4089 [ι.
1278 4028 1319 4088 67]

206 4093 307 4155 ‚,llomo
326 4094 455 4157 quatietur
472 4099 542 4144 certe
559 4110 618 4145 cum
637 4094 707 4145 dono
724 4095 831 4156 forae“;
855 4100 880 4146 et
897 4094 979 4161 Lydia
994 4096 1073 4161 ipriua
1091 4094 1192 4146 exclusa
1208 4094 1259 4146 iam
1276 4108 1320 4160 pa·

206 4163 276 4211 tante
292 4160 369 4211 ianua
386 4162 535 4212 admittitur.
570 4163 608 4213 De
629 4161 728 4230 Thyias
746 4162 862 4226 diximus,
880 4164 916 4223 II,
936 4165 974 4225 19,
992 4165 1016 4215 9.
