2810 4764
196 219 266 283 232·
585 234 619 294 o.
639 234 781 282 nonaum
801 234 925 283 mmccr

240 382 270 432 ιι
283 370 384 435 Morte
406 366 569 447 Centauri,
582 366 705 434 'cecidit
725 369 909 435 tremendae

399 452 546 518 Flamma
567 453 772 519 Chimaerae:

283 538 368 616 Sive,
390 557 472 621 quos
492 538 572 604 Elea
593 538 722 603 domum
743 538 867 604 reducit

279 623 394 690 Palma
414 622 572 699 caelestis,
594 623 778 709 pugilemve
798 642 957 706 equumve

280 707 376 787 Dicit,
398 713 431 774 et
451 714 577 774 centum
600 708 723 793 potiore
744 709 846 790 signis

239 803 272 856 no
403 794 534 859 Munere
555 794 669 858 donat:

279 877 396 944 Flebili
416 897 554 964 sponsae
574 877 761 946 iuvenemve
783 884 911 964 raptum

280 964 400 1039 Plorat,
423 969 455 1029 et
475 963 560 1031 vires
580 963 787 1047 animumque
807 982 977 1045 moresque

281 1050 407 1115 Aureus
429 1047 536 1114 educit
555 1048 589 1113 in
611 1054 708 1126 astra,
730 1049 886 1131 nigroque

398 1133 524 1199 Invidet
544 1134 637 1202 Orco.

237 1230 269 1282 ιι
282 1217 385 1283 Multa
404 1216 576 1284 Dircaeum
597 1218 683 1285 levat
704 1237 785 1283 aura
804 1236 949 1298 cycnum,

278 1302 406 1381 Tendit,
426 1303 554 1382 Antoni,
576 1304 723 1386 quotiens
744 1302 779 1367 in
799 1303 883 1367 altos
1121 1314 1129 1344 ¹

280 1387 422 1453 Nuhium
443 1394 579 1454 tractusr'
602 1408 673 1471 ego,
695 1387 767 1473 apis
788 1386 929 1452 Matium
1014 1391 1020 1403 ’

397 1474 485 1539 More
506 1473 665 1556 modoque

279 1556 381 1622 Grata
401 1559 561 1643 carpentis
582 1557 693 1643 thyma
714 1577 772 1643 per
792 1556 945 1634 laborem,

239 1642 459 1710 coPlurimum
481 1644 564 1708 circa
584 1663 698 1709 nemus
721 1642 872 1724 uvidique

196 1793 257 1860 lyra
274 1794 393 1844 uelacri
412 1794 488 1846 Titia
506 1800 588 1846 rumis
606 1795 753 1858 celebrare,
780 1793 851 1856 ctio,
871 1793 953 1855 Quem
970 1792 1056 1842 Deum
1063 1792 1093 1841 ι’(
1115 1792 1170 1858 ipsa
1188 1793 1319 1845 Pindarus

193 1860 292 1978 Qinp‘
305 1862 430 1979 113331]
462 1856 706 1935 Ἀναξιφόρμιγγες
722 1856 813 1932 ὕμνοι,
833 1859 901 1912 Τίνα
919 1856 994 1919 θεὸν,
1015 1855 1070 1909 τίν’
1090 1852 1175 1926 ἥρωα,
1197 1859 1266 1912 Tira
1284 1855 1315 1912 δ’

194 1946 229 1979 αν
265 1947 282 1979 u
299 1945 326 1981 κε
398 1947 430 1981 oo
453 1947 489 1982 ιν,

247 1946 303 2049 qil.
321 1949 465 2064 siveqqoiis
478 1999 556 2061 Illae]
573 1998 643 2048 Mala
660 1997 835 2063 interpunctio
851 1995 931 2046 libros
949 2012 1035 2046 omnes
1051 1996 1094 2046 hic
1112 1996 1316 2065 contaminavitl:

193 2069 223 2116 ιιι
240 2065 278 2116 ita
294 2065 438 2131 distingue:
456 2066 543 2130 „Siva
561 2082 627 2132 quos
644 2066 711 2117 Illac
729 2066 835 2116 domum
852 2064 958 2115 reducit
973 2064 1066 2114 Palma
1084 2065 1217 2128 coelestes,
1232 2070 1314 2131 pugi-

195 2134 276 2184 lemve
294 2149 420 2198 equumve
437 2136 537 2185 Diutr‘
554 2136 602 2184 hoc
620 2138 666 2195 est,
684 2138 740 2184 sice
757 2134 824 2184 dicit
839 2132 958 2197 pugilem
975 2137 1024 2182 ιιιιι
1041 2148 1144 2196 equum,
1162 2148 1228 2199 quos
1246 2134 1316 2185 Eleu

190 2202 284 2268 pulmo
301 2202 434 2253 nobilitat.
470 2203 545 2264 Cave,
562 2203 627 2252 illud
645 2218 710 2267 quor
728 2202 779 2251 alio
798 2201 898 2260 referas,
917 2205 946 2250 ut
963 2200 1038 2266 vulgo
1056 2201 1162 2251 iaciunt.
1191 2201 1313 2266 Pugilcm

194 2274 220 2320 et
242 2284 337 2335 equum
352 2271 430 2320 etiam
454 2272 517 2322 alibi
540 2271 690 2331 coniunxit3
714 2275 744 2319 ut
767 2271 794 2319 in
813 2272 873 2318 Arte
890 2269 995 2318 Poetica
1012 2284 1035 2317 v.
1054 2270 1094 2320 84.
1129 2268 1183 2332 „Et
1199 2270 1314 2333 pugilem

192 2340 327 2400 victorem,
337 2343 362 2387 et
371 2355 467 2403 equum
477 2342 621 2390 certamine
628 2340 777 2404 primunr&
796 2345 821 2386 et
833 2337 949 2386 Carmine
959 2337 1074 2400 sequenti
1083 2353 1105 2384 v.
1116 2339 1143 2401 4,
1151 2337 1250 2400 ,,ΙΙΙιιιιι
1259 2354 1314 2388 uon

193 2405 402 2456 luborlstltmr'us
413 2406 533 2459 Olor-obit
549 2407 671 2472 pugilem,
688 2422 742 2456 nou
759 2422 838 2470 equus
857 2408 971 2470 r'mpr'ger
981 2403 1069 2485 Cecrops
1084 2405 1314 2457 recomensisfl

192 2473 243 2525 Dio
261 2472 452 2539 chrysostomus
469 2477 506 2526 Do
516 2476 604 2540 Regno
621 2475 656 2524 II.
676 2477 709 2540 [p.
721 2474 863 2535 liReiske]
898 2469 937 2522 Τὰ
954 2468 1006 2539 μὲν
1023 2489 1072 2523 ουν
1088 2466 1155 2522 ἄλλα
1171 2469 1316 2541 ποιήματα

191 2537 278 2608 ἔγωγε
296 2536 424 2608 ἡγοῦμαι,
445 2539 548 2609 τὰμὲν
565 2541 718 2608 συμποτικὰ
737 2536 836 2599 αὐτῶν,
857 2536 890 2589 τὰ
909 2538 938 2591 di
955 2536 1080 2608 ἐρωτικὰ,
1102 2536 1135 2589 τὰ
1148 2537 1178 2591 di
1190 2536 1314 2610 ἐγκώμια

190 2609 369 2659 ΑΘΔΗΤΩΝ
386 2612 432 2659 ΤΕ
449 2614 514 2659 ΚΑΙ
530 2612 650 2659 ΙΠΠΩΝ
670 2607 818 2659 νικώντων,
852 2610 923 2673 Ergo
945 2609 987 2657 hic
1006 2613 1031 2657 et
1048 2608 1154 2672 Equum
1172 2609 1237 2659 dicit
1254 2626 1312 2661 cue-

192 2678 280 2727 lestem
298 2676 361 2738 lieri,
378 2676 463 2742 palma
480 2679 581 2741 adepta.
604 2678 693 2741 Equus
711 2678 779 2726 euim
795 2677 878 2727 victor
894 2682 920 2726 et
937 2678 1054 2726 encomio
1073 2679 1099 2726 ot
1114 2678 1217 2727 corona
1233 2678 1313 2730 hone·

191 2742 314 2795 utebatur.
349 2744 501 2795 Plutarchus
525 2746 707 2810 Symposiacon
729 2746 763 2806 II,
782 2748 806 2795 5.
826 2747 861 2809 [p.
880 2746 939 2807 639]
974 2742 1030 2793 Καὶ
1052 2744 1109 2793 τῶν
1133 2740 1211 2802 ζώων
1232 2742 1312 2814 μόνῳ

191 2812 231 2878 uqi
244 2811 336 2860 Illllil
348 2816 481 2877 μετουσία
492 2809 741 2862 ΣΤΕΦΑιιὈΥκαὶ
757 2806 864 2877 ἀγῶνός
881 2809 965 2869 ἔστιν,
986 2806 1029 2861 ὅτι
1044 2807 1129 2877 μόνος
1145 2811 1191 2862 καὶ
1207 2812 1312 2880 πέφυκε

190 2881 236 2930 καὶ
249 2861 363 2941 iamiar
371 2897 412 2945 μα
432 2898 446 2929 o
468 2879 539 2936 ένοις
547 2882 675 2949 παρεῖναι
685 2877 731 2930 καὶ
743 2878 934 2963 συμπολεμεῖν.
951 2880 1101 2930 Theocritus
1110 2880 1183 2946 ldyll.
1191 2880 1261 2943 xvi,
1268 2886 1310 2936 46.

191 2943 274 3016 τιμὰς
291 2944 322 3000 δὲ
338 2945 384 2997 καὶ
401 2965 422 2998 ω
452 2965 479 3004 ες
495 2944 607 3017 ἔλλαχον
623 2951 725 2998 ΙΠΠΟΙ
743 2950 777 2998 Oc
790 2963 889 3015 σφισιν
900 2944 929 3006 ἒξ
943 2943 1024 3019 ἱερῶν
1031 2950 1313 3002 ΣΤΕΦΑΝΗΦΟΡΟΙ

191 3004 279 3078 iunior
296 3007 421 3084 ἀγώνων.
457 3017 527 3073 Quae
545 3017 594 3068 duo
611 3017 667 3067 loca
690 3017 741 3066 iam
759 3022 883 3082 occupata
902 3016 973 3066 video
996 3017 1027 3066 ab
1045 3016 1222 3066 Illustrissimo
1237 3018 1308 3085 Viro,

193 3085 237 3134 cui
253 3090 342 3135 nostra
358 3089 428 3135 aetas
445 3101 491 3136 nec
510 3101 595 3152 parem
614 3100 764 3150 quemquam
781 3086 808 3135 in
826 3085 909 3134 literis
926 3100 972 3135 nec
990 3084 1126 3134 secundum
1144 3084 1228 3147 habet,
1245 3087 1309 3137 Eze-

190 3152 271 3203 chislo
289 3153 459 3219 spanhemi03
477 3154 697 3204 observationibus
714 3154 747 3204 ad
764 3152 948 3203 Callimachum
960 3169 984 3216 p.
997 3155 1045 3204 'ilii
1067 3152 1111 3217 [ad
1122 3152 1215 3219 Hymn.
1226 3153 1308 3208 Gerar.

189 3237 212 3272 v.
233 3223 300 3284 1101.
327 3220 443 3272 Ceterum
466 3223 643 3287 corrigendum
667 3226 729 3286 puto
746 3220 878 3283 Ovidium,
904 3221 931 3269 in
954 3219 1081 3270 Tristibus
1104 3220 1149 3283 IV,
1170 3224 1209 3273 10.
1227 3239 1249 3271 v.
1266 3225 1308 3276 95.

189 3288 320 3353 „Postque
336 3305 407 3340 meos
424 3295 500 3339 ortua
508 3291 601 3340 Pisaea
618 3291 720 3340 vinctus
737 3289 804 3338 oliva
813 3289 968 3339 Abstulerat
985 3288 1070 3337 decies
1086 3292 1209 3352 preconia
1225 3293 1306 3342 uictor

191 3358 294 3419 cqucr.“
329 3356 422 3407 Nullus
441 3356 538 3420 dubito,
557 3359 619 3423 quin
636 3358 705 3407 Naso
723 3358 760 3407 sic
778 3358 923 3422 scripserit,
941 3356 1113 3420 „Abstulerat
1129 3356 1215 3407 deciso
1228 3374 1307 3424 pros·

189 3424 244 3473 mic
262 3426 348 3474 victor·
364 3428 471 3488 equus.“

257 3491 298 3542 23.
316 3490 420 3542 Astreus
444 3492 531 3542 educit
553 3494 583 3541 iu
607 3491 692 3555 astra]
728 3490 842 3542 lleducc't
864 3491 903 3541 vel
931 3491 1055 3541 redducit
1077 3492 1192 3557 plerique
1214 3491 1306 3544 habent

189 3558 296 3621 codices,
315 3558 391 3609 etiam
409 3559 510 3622 vetusti,
528 3563 558 3608 ut
575 3575 606 3609 cx
622 3559 867 3621 nostrisLeidensis,
885 3566 910 3610 et
927 3575 942 3609 a
960 3560 1042 3625 prima
1059 3576 1135 3610 manu
1147 3560 1302 3624 Reginensis.

189 3627 239 3677 Sed
257 3626 319 3676 ferri
336 3626 407 3676 nullo
425 3627 499 3676 modo
515 3631 608 3692 potest·
624 3631 675 3677 tam
692 3627 795 3676 inficeti
812 3628 946 3693 repetitio:
970 3644 1027 3678 cum
1045 3628 1131 3694 paullo
1149 3633 1208 3678 ante
1225 3645 1247 3677 v.
1266 3633 1302 3681 ll.

187 3695 239 3746 iam
257 3693 333 3746 semel
350 3693 499 3755 habuimus,
522 3693 684 3759 „Sive'quoo
702 3694 768 3745 Eleu
787 3695 892 3745 deuncem
911 3694 1034 3748 reducit.“
1069 3696 1153 3753 Quare
1169 3712 1228 3746 oum
1243 3698 1302 3748 Edi·

187 3764 258 3814 tione
276 3763 358 3829 prima
375 3767 401 3813 et
419 3763 559 3812 Graeciano
577 3762 664 3813 codice
680 3763 859 3827 antiquissimo
876 3767 902 3813 et
925 3763 983 3814 aliis
1007 3764 1138 3814 nonnullis
1155 3765 1302 3817 retineamus

188 3832 312 3883 educit.
339 3830 439 3881 Educit
456 3834 485 3881 iu
504 3836 579 3881 ostra
597 3846 631 3880 cre
648 3846 729 3891 orco;
747 3836 776 3880 ιιι
793 3831 861 3881 inira
879 3831 958 3882 Oarm.
972 3831 1037 3882 VIII
1055 3849 1078 3884 v.
1090 3835 1131 3885 25.
1167 3832 1299 3897 „Ereptum

188 3898 292 3967 Stygiis
314 3900 439 3961 llrrctibua
457 3899 573 3949 Aeacum
593 3895 687 3950 Virtus
693 3935 701 3961 ,
727 3904 753 3948 et
775 3898 854 3959 favor
877 3906 903 3951 ct
925 3900 1019 3965 lingua
1038 3903 1190 3966 potentium
1208 3900 1300 3952 Votum

187 3966 313 4017 diuitibus
330 3970 461 4018 consecrat
479 3968 600 4020 iurulir.“
635 3966 729 4016 Seneca
746 3967 821 4018 Herc.
832 3968 891 4018 Fur.
902 3969 942 4020 95.
962 3967 1126 4032 „discordem
1135 3968 1220 4019 licum
1235 3969 1301 4021 Edu-

317 4037 323 4049 ·
414 4038 442 4050 ··
619 4054 623 4065 ,
754 4037 770 4063 ιι

188 4040 297 4154 canu&
311 4050 365 4152 apag
381 4035 754 4165 ἴιῖἐιιξιῗῧζζωθιῗιξιῖαέἕῗα
772 4102 873 4170 nemus]
893 4103 936 4153 Sic
954 4103 1016 4154 olim
1033 4108 1059 4154 et
1075 4103 1151 4153 hodie
1169 4104 1301 4170 distinguit

187 4169 310 4234 quicquid
327 4175 365 4220 est
382 4172 565 4238 interpretaur
590 4175 619 4221 ut
633 4171 781 4237 plurimum
799 4171 922 4222 referatur
939 4171 971 4222 ad
990 4173 1119 4234 laborem
1137 4173 1201 4223 mihi
1218 4176 1301 4224 conca
