2810 4764
420 304 598 352 cmmuuu
613 304 679 351 nm.
694 304 744 350 111.
760 297 799 349 ιι.
1108 292 1173 355 179

59 441 80 489 si
97 439 148 490 deri
164 443 257 504 posset,
275 438 345 489 linei
362 437 503 504 decapcdio
520 453 633 504 quaeque
651 437 791 487 scribatur:
810 450 867 486 cum
884 437 956 487 nulla
973 452 1055 502 pausa
1071 443 1116 488 aut
1132 440 1173 489 in·

58 508 120 557 cisio
136 506 169 557 sit
185 513 244 557 ante
261 506 385 557 decimum
400 505 498 573 pedem.
529 507 579 556 Sed
596 503 802 570 quandoquidem
818 505 920 556 chartac
938 505 1097 571 paginaeque
1115 522 1173 573 spa·

58 576 120 625 tium
137 583 186 624 tam
202 574 305 640 longam
322 575 416 625 lineam
433 574 569 625 admittere
585 579 611 624 et
628 574 759 623 continere
775 588 828 622 ncn
845 577 943 637 potest3
961 579 987 624 et
1003 572 1112 638 proinde
1129 591 1173 626 nc·

57 660 124 693 cesse
148 648 225 707 esset,
252 647 282 692 ut
304 641 488 708 decempedalis
511 657 598 693 versas
622 641 651 692 in
676 646 763 707 partos
786 638 954 691 divideretur:
981 640 1042 691 inde
1068 641 1174 693 dubium

57 717 137 760 crtum
162 715 213 775 est,
245 710 397 774 quibusnam
424 710 452 760 in
477 708 544 760 locis
569 708 769 760 commodissime
794 708 849 758 fieri
876 712 962 773 posset
986 708 1086 761 incisio.
1122 710 1175 760 Ubi
1250 715 1254 723 '

57 778 188 828 ridiculum
201 777 276 843 plane
293 784 319 828 et
335 777 461 829 insulsum
478 792 505 827 se
521 776 640 843 praebuit
657 777 773 841 Scriptor
791 775 964 840 Oruquianus3
983 776 1073 840 quiin
1090 777 1173 828 medio

56 847 118 912 pede
133 847 222 897 Ionica
239 861 367 897 caesuram
384 845 485 911 posuit,
503 849 675 909 et'praetcrea
692 844 772 895 series
790 844 818 895 in
836 849 888 894 tam
904 843 975 894 brevi
992 843 1102 895 carmine
1119 861 1174 896 ver·

56 932 111 965 sum
127 914 193 965 exire
210 914 272 965 fecit
296 914 325 965 in
342 912 505 965 dimidiatum
521 913 631 963 verbum
665 913 701 962 At
725 911 853 978 plerisque
879 912 992 978 placuit,
1019 917 1050 963 ιιι
1071 913 1099 962 in
1123 913 1176 964 tria

55 983 163 1034 membra
180 982 378 1047 discerperetur,
404 997 511 1046 quornm
534 980 584 1031 duo
608 981 694 1046 priora
711 981 826 1031 trimetro
842 982 930 1033 Ionica
949 984 1048 1044 essent,
1070 982 1174 1031 tertium

55 1054 237 1110 tetrametrum
255 1066 305 1114 quc
315 1051 389 1101 modo
406 1064 492 1100 omncs
509 1048 727 1099 hodiellditiones
745 1047 1026 1114 praeteriiruquianam
1043 1047 1176 1111 exhibent,

55 1118 229 1183 „litterarum
247 1123 285 1168 cst
301 1133 350 1169 nec
368 1119 456 1168 amori
472 1117 538 1168 darc
555 1116 656 1181 ludum,
671 1115 806 1182 —Ncqae
824 1116 898 1167 dulci
913 1116 986 1167 maia
1004 1119 1067 1166 cino
1085 1116 1173 1168 lacera

54 1192 105 1237 out
120 1203 153 1235 erc
169 1213 203 1223 -
219 1188 339 1237 animari
354 1189 498 1236 metuentes
513 1189 630 1250 patruae
646 1186 756 1235 cerbero
774 1184 910 1248 licgaac.“
932 1185 973 1235 Ita
990 1183 1173 1235 dividuntlda·

53 1255 108 1304 rius
124 1254 270 1305 Victorinus
286 1269 312 1319 p.
331 1255 406 1307 2618.
441 1252 574 1304 Diomedes
591 1268 616 1318 p.
635 1255 700 1314 510,
724 1257 750 1303 et
766 1253 830 1313 5243
856 1251 950 1304 aulius
973 1252 1175 1302 Fortunaticnus

53 1324 134 1382 27043
159 1322 257 1371 Plotius
275 1323 356 1382 266οι
382 1326 409 1372 et
434 1321 589 1372 Scholiastes
611 1323 703 1372 Aaron
737 1319 831 1370 Verum
852 1319 881 1370 in
905 1335 935 1371 ea
958 1318 1084 1370 divisione
1107 1320 1174 1371 illud

53 1390 206 1440 incommodi
223 1389 332 1451 accidit,
356 1389 424 1454 quod
441 1390 469 1439 in
487 1389 569 1440 medic
586 1388 663 1440 verbo
680 1393 719 1439 ter
735 1388 781 1438 fiat
797 1388 907 1451 incisio,
931 1387 1085 1439 inconcinne
1101 1403 1173 1454 pror·

53 1475 97 1508 sus
115 1463 141 1508 et
157 1457 257 1517 cdiosc;
275 1455 368 1522 Neque
385 1457 461 1508 duim
475 1457 548 1508 mulo
565 1459 627 1508 cino
646 1456 734 1507 lacero
751 1461 800 1507 cat
817 1472 851 1506 ccc
867 1485 903 1494 -
920 1454 1008 1507 Simul
1024 1460 1119 1507 unctos
1128 1454 1173 1506 m·-

52 1528 153 1576 bericic
170 1525 293 1576 humeros
311 1526 339 1575 tc
357 1553 392 1563 —
412 1528 452 1577 cit
467 1528 496 1576 in
513 1524 593 1575 andis
611 1539 690 1589 eques
706 1527 764 1589 ipso
781 1524 876 1575 metior
892 1523 943 1575 Bet
958 1550 992 1562 ·-
1010 1538 1075 1587 quae
1092 1523 1174 1573 defor-

50 1595 128 1644 mitas
145 1593 267 1644 nebuloni
283 1592 384 1644 cuidam
401 1608 489 1644 ansam
505 1586 632 1659 porrexit,
648 1598 678 1643 ut
693 1593 803 1642 immane
819 1591 919 1642 facinus
936 1591 1123 1656 aggrederetur,
1142 1591 1175 1643 de

51 1679 103 1727 quo
120 1677 177 1712 mor
193 1661 268 1726 plura
285 1660 404 1712 dicemus.
432 1661 486 1712 Nos
502 1661 589 1726 potius
605 1661 634 1711 in
651 1660 692 1710 his
710 1661 833 1711 Graecum
850 1659 1068 1727 Hephaestionem
1091 1660 1173 1710 secuti

50 1746 145 1791 sumus,
164 1730 217 1793 qui,
234 1735 264 1779 ut
281 1729 332 1779 iam
349 1729 467 1789 vidimus,
484 1729 593 1794 primam
610 1728 740 1779 indicaec
753 1743 882 1779 caesuram
899 1728 961 1778 iecit
978 1723 1171 1796 τετράμετρον,

48 1791 134 1865 ,,Ἐμὲ
151 1794 257 1855 cedes,
285 1793 331 1863 ἐμὲ
349 1798 442 1847 πασᾶν
466 1791 625 1847 sacrdos
650 1795 848 1864 mediyceccrf‘
884 1794 931 1847 cui
958 1794 1057 1846 accedit
1073 1795 1173 1858 Marias

49 1865 201 1917 Victorinus
218 1881 276 1930 pag.
295 1867 369 1926 atat,
388 1866 469 1926 2507,
493 1870 519 1915 et
536 1866 611 1925 2496,
637 1862 682 1914 ubi
700 1863 842 1929 exemplum
859 1864 943 1913 Ionioi
961 1856 1005 1913 ἀπ’
1025 1857 1175 1920 ἐλάσσονος

48 1933 192 1984 tetrametri
209 1933 341 1984 acatalecti
358 1934 405 1983 hoc
415 1931 530 1993 adducit3
548 1931 728 1996 „Miserarum
746 1937 886 1998 sitneque
903 1934 991 1982 amori
1006 1929 1173 1983 dorstadum

48 2017 136 2067 neque
153 2001 252 2052 dulci.“
286 2001 398 2058 Quorum
416 2000 529 2065 exemplo
546 1999 644 2067 priores
662 2000 725 2050 duos
742 2001 770 2049 in
787 2000 834 2049 hac
852 2003 938 2051 nostro
963 1998 1075 2049 editione
1092 2000 1143 2050 scri
1162 2028 1173 2039 ·
1248 2006 1251 2011 '

48 2071 133 2120 simus
153 2073 318 2131 tetrametros‚
336 2069 440 2119 tertium
457 2072 542 2119 autem
558 2067 708 2133 dimetrum,
725 2068 773 2117 hoc
791 2067 878 2118 modo:
901 2065 999 2131 „Simil
1014 2072 1109 2118 unctor
1130 2017 1173 2118 li·-

48 2140 153 2189 bers‘nic
171 2138 293 2188 humeros
310 2136 378 2187 lacit
394 2139 423 2187 in
440 2136 529 2199 ando,
548 2164 583 2175 —
598 2135 688 2201 Eques
705 2138 763 2201 ipso
780 2135 876 2185 melior
891 2134 1096 2201 Bellerophonte
1102 2172 1110 2199 ,
1127 2152 1173 2187 nc·

48 2223 103 2272 quc
116 2221 220 2271 pugno,
236 2232 271 2243 -
287 2203 380 2269 Neque
397 2207 475 2269 segni
497 2204 565 2270 pede
581 2205 693 2255 oicms.“
725 2206 809 2267 Atque
826 2204 874 2253 hcc
891 2206 980 2268 pacto,
1007 2209 1037 2252 ut
1059 2203 1087 2253 in
1105 2203 1173 2254 libro

47 2276 110 2340 ipso
128 2273 213 2323 sidere
231 2277 285 2334 cst,
309 2272 380 2323 nulla
397 2272 466 2323 linea
483 2271 618 2322 dimidiato
640 2269 762 2321 vocabulo
780 2270 921 2321 clauditur:
945 2286 1027 2335 neque
1048 2270 1124 2322 aliter
1140 2272 1173 2322 ab

46 2340 157 2392 Horatii
182 2356 256 2393 manu
281 2340 423 2406 proiectum
449 2355 503 2391 esse
529 2341 617 2404 quovis
640 2339 749 2404 pignore
775 2338 954 2389 contenderim.
994 2338 1064 2390 Illud
1089 2344 1172 2389 tamen

47 2424 151 2473 semper
167 2408 318 2471 memineris,
336 2413 472 2474 utcumque
490 2408 638 2473 scriptionis
656 2406 785 2457 commodo
802 2422 888 2457 versus
905 2405 1049 2471 dividatur,
1066 2408 1173 2461 unicum

45 2484 137 2527 tamen
155 2491 241 2526 revera
259 2493 319 2538 esse,
338 2482 364 2528 et
381 2477 530 2528 continuato
547 2492 623 2527 cursu
632 2491 766 2540 properare
776 2490 855 2539 usque
864 2474 896 2525 ad
909 2474 1033 2525 decimum
1042 2475 1137 2540 pedem.

119 2543 250 2594 Caeterum
259 2545 361 2610 ineptus
370 2549 408 2596 est
417 2545 570 2596 scholiastes
578 2547 672 2607 Aaron,
690 2559 747 2593 curn
755 2548 868 2594 metram
886 2541 1101 2595 tccSctudicum
1118 2543 1175 2594 dici

44 2611 146 2672 tradit3
164 2613 231 2662 unde
248 2612 368 2679 deceptus
386 2613 424 2663 vir
432 2618 516 2663 cetera
531 2612 692 2679 pereruditus
708 2612 801 2662 mirum
817 2612 942 2662 somnium
959 2611 1036 2662 habet
1052 2610 1083 2661 de
1096 2628 1174 2676 scopo

45 2686 76 2731 et
100 2680 233 2745 proposito
254 2681 360 2743 Poetae3
386 2681 459 2745 quasi
474 2682 576 2732 Hebrus
599 2680 656 2743 ille,
684 2697 759 2745 quem
785 2684 920 2745 tantopere
945 2678 1048 2729 laudare
1073 2679 1174 2731 videtur

41 2750 161 2813 Noster,
189 2750 276 2813 turpis
299 2755 325 2800 et
352 2750 456 2800 vetulus
479 2751 602 2800 masclam
627 2754 706 2813 esset,
733 2754 758 2799 et
775 2748 902 2800 Sotadico
929 2747 979 2799 icc
996 2747 1174 2814 Satyriccqae

45 2817 181 2883 rhythmo
198 2816 295 2867 ironice
313 2816 482 2882 sugillaretur.
518 2817 620 2883 Quippe
636 2833 774 2882 numquam
790 2819 838 2867 hoc
855 2831 929 2867 versu
946 2832 1007 2867 usus
1024 2831 1077 2866 esse
1094 2817 1173 2867 trodi-

42 2897 90 2936 tur
114 2882 253 2933 maledicus
277 2884 322 2934 ille
345 2885 462 2935 Sotades:
490 2886 579 2936 lonico
602 2885 703 2949 quidem
721 2886 783 2950 pede
801 2885 919 2950 scripsit,
945 2884 1014 2935 unde
1030 2884 1116 2949 lapsus
1134 2889 1173 2935 est

39 2955 149 3011 Acron;
168 2951 308 3003 sedIcnico
326 2945 379 3002 int
397 2951 528 3018 μείζονος,
546 2954 598 3003 sive
607 2954 712 3017 maiore,
730 2953 774 3018 qui
786 2953 930 3003 contrarius
947 2951 1023 3018 plane
1041 2958 1080 3002 est
1096 2952 1172 3004 haim

42 3019 181 3073 Carminis
198 3018 267 3084 pedi,
284 3036 374 3086 nempe
391 3021 482 3070 lonico
498 3021 597 3071 minori.
633 3021 685 3071 Hic
703 3027 762 3086 post
778 3020 840 3071 duas
857 3019 944 3070 breves
962 3018 1067 3070 totidem
1082 3018 1173 3084 longas

37 3087 127 3139 habet
145 3086 269 3153 syllabas,
296 3092 325 3137 ut
341 3087 493 3138 chticcto:
520 3089 564 3139 illc
582 3089 637 3138 vics
654 3105 726 3139 versa
748 3087 878 3139 adnabus
894 3087 979 3151 longis
997 3086 1049 3137 exit
1065 3087 1093 3136 in
1111 3089 1172 3137 toti·

39 3157 107 3206 dem
134 3154 239 3217 breves,
266 3159 296 3205 ιιι
324 3154 491 3206 Contendcrc.
528 3157 704 3208 Sotadicorum
728 3157 790 3206 haec
813 3155 927 3220 exempla
952 3155 1086 3216 notissima
1113 3160 1174 3204 sunt

37 3227 162 3290 (praeter
186 3239 228 3273 ecs
245 3222 393 3274 Terentiani
414 3224 499 3274 Mauri
524 3225 566 3275 hic
591 3223 675 3275 obiter
698 3225 799 3285 citatos)
822 3221 911 3275 astas
935 3219 1031 3290 μελίην
1051 3217 1172 3283 Πηλιάδα

38 3287 141 3351 δεξιὸν
158 3284 215 3340 κατ’
236 3278 319 3359 ὦμον.
353 3286 403 3347 Εἷς
420 3287 469 3359 οὐχ
488 3286 567 3355 ὁσίην
583 3289 735 3361 τρυμαλιάν
752 3288 783 3342 sd
801 3292 914 3361 κέντρον
932 3285 1021 3345 castr.
1038 3289 1084 3340 ubi
1101 3289 1172 3341 vides

33 3377 98 3413 non
124 3359 256 3410 Iambenm
280 3359 312 3411 ab
329 3359 439 3410 Hernico
462 3361 544 3425 magis
561 3360 691 3412 dissonum
714 3377 782 3421 essa,
808 3376 883 3426 quam
901 3357 1049 3410 Sotadicum
1073 3356 1105 3407 ab
1122 3358 1171 3409 hoo

32 3427 164 3480 Horatii.
198 3428 286 3491 Neque
303 3428 384 3478 levius
401 3428 526 3479 falluntur
543 3429 578 3494 ii,
603 3430 647 3494 qui
663 3430 729 3479 hanc
747 3428 817 3479 Odon
836 3428 900 3494 pede
918 3441 1017 3493 porum
1034 3425 1171 3477 elaborato

30 3496 196 3565 procedere
213 3496 342 3556 dictitant,
367 3497 430 3547 adeo
447 3502 476 3559 ut
493 3495 556 3548 bene
573 3497 668 3547 factum
686 3497 734 3557 sit,
759 3496 826 3560 quod
843 3495 920 3546 semel
937 3494 1062 3546 duntaxat
1078 3496 1172 3546 Noster

31 3569 93 3617 hoc
113 3569 225 3614 metrum
243 3562 394 3614 adhibuerit.
430 3564 485 3614 Ιιιιο
502 3581 561 3616 vero
578 3566 648 3616 etin
665 3564 755 3629 primic
772 3564 845 3614 dulce
863 3568 901 3614 est
918 3568 1036 3629 metrum,
1053 3567 1079 3614 et
1097 3563 1171 3627 longo

32 3632 161 3685 omnium
181 3631 393 3697 operosissimum.
428 3632 547 3683 Geminas
565 3633 632 3683 enim
650 3632 735 3682 breves
759 3638 785 3682 et
801 3632 915 3697 geminas
932 3632 1034 3697 longas,
1060 3632 1171 3696 repetita

30 3699 190 3754 identidem
206 3699 276 3760 vice,
295 3700 448 3763 paucissima
464 3700 540 3751 verba
557 3699 770 3766 suppeditabunt3
795 3705 825 3750 ut
841 3704 976 3766 agnoscet,
1000 3699 1022 3750 si
1040 3699 1096 3762 quis
1114 3699 1171 3749 idu-

30 3786 132 3821 sarum
152 3767 232 3818 cliens
249 3767 277 3817 in
294 3767 342 3819 hcc
361 3771 440 3818 metro
457 3768 597 3833 periculum
614 3768 655 3818 sui
671 3768 766 3819 iecerit.
795 3768 868 3820 Unda
884 3768 966 3833 magis
983 3765 1105 3817 credibile
1123 3771 1169 3830 est,

30 3835 200 3889 difficultate
217 3835 302 3900 operis
320 3837 442 3886 offensum
458 3836 594 3887 Horatium
610 3852 663 3886 ncrr
680 3836 790 3903 amplius
807 3836 883 3888 semel
905 3838 954 3886 hcc
971 3839 1090 3885 conatum
1107 3850 1168 3885 esse.

30 3907 111 3957 Nam
125 3904 255 3969 ‘magister
278 3903 332 3954 eius
349 3903 456 3955 Alcaeus
472 3900 572 3966 πολλὰ,
599 3910 627 3955 nt
653 3905 704 3956 iam
729 3904 851 3971 vidimus,
875 3905 960 3957 malta
985 3902 1097 3953 earmina
1120 3903 1169 3953 hoo

30 3979 127 4025 metro
146 3972 275 4032 detexuit,
300 3978 326 4022 et
342 3971 471 4038 proiecto,
495 3973 518 4022 si
535 3972 567 4022 ad
583 3972 664 4039 lyram
681 3978 799 4036 canatur,
825 3978 855 4024 ut
877 3973 964 4024 omnia
987 3971 1048 4021 haec
1067 3969 1169 4020 chordis

30 4039 170 4094 socianda
188 4045 274 4100 erant,
297 4037 389 4091 mirum
407 4040 532 4105 quendam
548 4041 659 4105 leporem
676 4041 753 4092 habet
769 4043 872 4093 Ionicus
889 4034 1057 4092 minoritatis
1075 4036 1169 4105 σχέσιν

30 4114 157 4162 iteratus
174 4114 201 4159 et
218 4108 361 4159 revolutus:
379 4116 409 4159 ut
425 4109 480 4158 iure
498 4108 529 4159 dc
545 4108 593 4159 hac
602 4110 656 4160 Oda
672 4109 766 4160 dixerit
774 4110 941 4161 Terentianus
947 4108 1051 4157 Maurus
1059 4123 1084 4173 p.
1092 4109 1167 4160 2429.

30 4177 158 4241 „Simili
175 4177 233 4296 leglg
249 4183 373 4229 sonantes
389 4193 514 4228 numeros
531 4176 568 4228 ad
583 4175 720 4229 Neobulen
737 4177 819 4228 Dedit
840 4193 894 4229 aceo
917 4174 1061 4228 modulatus
1083 4174 1168 4242 lepide

30 4246 207 4300 coemisset*
233 4247 318 4297 ccus.“

962 4326 1015 4380 ιι*
1078 4309 1080 4313 ’
