2810 4764
416 257 595 307 desumunt
614 259 681 307 LIB·
703 261 752 308 111.
777 254 816 307 11.

132 396 182 459 Tu
204 399 299 480 potes
318 390 410 473 tigris
432 392 627 476 comitesque
649 395 747 461 silvas

130 480 267 555 Ducere,
290 482 323 543 et
344 477 429 543 rivos
451 475 565 544 celeris
586 479 713 545 morari.

91 577 119 627 15
134 561 240 630 Cessit
260 561 399 628 inmanis
420 562 475 628 tibi
499 562 675 630 blandienti

247 647 368 713 Ianitor
389 647 483 712 aulae

131 732 290 799 Cerberus
297 754 306 812 ;
329 732 475 815 quamvis
496 731 611 798 furiale
633 738 758 798 eentum

129 816 275 884 Muniant
294 835 418 897 angues
440 817 638 902 terpeteius,
660 824 759 900 atque

131 902 269 989 Spiritus
291 907 380 977 teter,
406 901 577 984 saniesque
598 909 706 969 manet

87 1003 119 1054 20
244 989 307 1054 Ore
329 986 482 1067 trilingui.

127 1073 214 1153 ,Quin
237 1078 269 1139 et
288 1073 391 1149 Ixion,
413 1070 590 1154 Tityosque
610 1071 699 1137 voltu

129 1156 212 1224 Risit
231 1156 345 1223 invito:
369 1156 457 1222 stetit
479 1176 561 1221 urna
581 1156 725 1241 paullum

130 1243 231 1326 Sicca,
254 1242 331 1306 dum
353 1248 445 1322 grato
467 1241 572 1306 Danai
593 1241 720 1326 puellas
752 1278 755 1283 ·

248 1325 396 1392 Carmine
417 1326 548 1392 mulces.

83 1425 116 1476 25
130 1410 251 1477 Audiat
270 1411 360 1497 Lyde
382 1412 487 1477 seelus
509 1416 607 1491 atque
627 1415 721 1475 88188

128 1496 295 1578 Virginum
316 1515 448 1581 poenas.
471 1503 503 1561 et
524 1494 619 1560 inane
641 1494 792 1579 lymphae

127 1582 256 1647 Delium
279 1580 378 1646 fundo
400 1581 563 1666 pereuntis
584 1579 658 1657 imo,

248 1667 391 1749 Senaque
412 1665 489 1745 fata,

375 1784 397 1818 v.
418 1769 457 1819 18.
480 1768 565 1829 Forte,
583 1764 674 1831 Caput,
692 1770 828 1829 eueetque.

37 1890 187 1951 ungantur.
223 1886 281 1949 lpse
298 1883 404 1935 Ovidius
421 1885 489 1934 Fest.
509 1885 544 1948 ΙΙ,
562 1886 629 1943 2111,
657 1881 736 1946 „Non
760 1882 854 1945 aliter,
879 1897 959 1947 quarn
983 1898 1041 1933 oum
1059 1883 1162 1951 Libyen

38 1954 73 2004 de
92 1968 162 2018 rupe
180 1951 267 2003 leones
284 1953 421 2004 Invadunt
442 1967 551 2017 8888888
573 1951 626 2002 1818
648 1967 694 2016 per
711 1966 770 2001 anve
792 1953 914 2015 greges.“
949 1950 995 2001 ubi
1012 1956 1079 2002 reete
1097 1953 1161 2017 lata,

36 2022 103 2087 8818
127 2036 249 2086 sparsor:
272 2037 354 2086 neque
377 2020 478 2071 8811881
500 2020 608 2071 8811888.
642 2019 713 2069 Idem
735 2020 820 2068 Amor.
838 2019 866 2082 I,
885 2021 912 2069 1.·
927 2021 959 2082 [v.
979 2020 1006 2082 8]
1039 2019 1164 2084 „Strauit

36 2091 186 2157 deprensos
203 2088 256 2139 1818
273 2105 319 2154 per
335 2103 395 2138 srva
410 2090 533 2154 greges.“

111 2157 150 2209 18.
177 2155 263 2222 Caput
287 2160 343 2207 eius
366 2162 445 2222 atque
463 2155 591 2221 Spiritus]
617 2153 690 2205 Nihil
713 2155 811 2217 verius,
838 2168 913 2217 quam
937 2152 1005 2218 quod
1028 2153 1161 2206 Deoierius

34 2225 122 2277 libere
145 2229 172 2275 81
189 2224 295 2276 candide
312 2224 355 2275 hio
373 2225 518 2284 818818811;
547 2221 656 2285 Totum,
682 2222 782 2286 188811,
807 2222 857 2272 boo
877 2220 989 2272 cannen
1007 2221 1163 2274 dehonestat

33 2293 137 2346 vocula
155 2292 217 2357 eius,
236 2308 288 2358 qua
305 2295 410 2342 utinmn
427 2292 555 2342 Horatius
573 2306 627 2340 nen
644 2305 708 2340 usur
724 2290 826 2351 fuisset.
870 2289 996 2353 Equidem
1015 2290 1161 2341 iamdudum

31 2361 105 2413 mele
123 2360 224 2411 oderam
240 2360 304 2411 illud
323 2363 393 2423 8188,
420 2364 446 2410 81
462 2361 527 2410 hano
545 2359 595 2408 viri
612 2357 722 2422 insignis
740 2372 871 2409 sensuram
888 2373 980 2421 magne
997 2373 1054 2407 oum
1072 2358 1161 2425 volup·

31 2432 92 2481 tate
110 2434 199 2495 postes
214 2428 279 2494 legi:
306 2427 461 2491 „Cerberus
480 2430 600 2492 quumvis
616 2426 717 2487 furtale
735 2431 838 2476 eentum
856 2424 982 2479 Muniant
998 2441 1100 2490 ungues
1117 2442 1161 2477 oa-

31 2504 87 2565 put
114 2498 184 2559 eius,
207 2502 288 2561 utque
311 2496 429 2562 Spiritus
453 2501 520 2545 teter
542 2498 681 2559 saniesque
703 2499 793 2544 ueniret
817 2493 868 2544 Ore
891 2494 1043 2558 trilingui.“
1083 2494 1161 2545 Aufer

31 2568 109 2623 enim
127 2565 186 2616 hino
204 2566 275 2629 eius,
301 2568 327 2615 81
344 2563 443 2628 integer
461 2567 544 2613 temen
563 2578 650 2613 sensus
668 2561 789 2623 manebit.
824 2562 926 2626 Quippe
944 2578 1001 2612 oum
1020 2560 1160 2612 Cunerum

31 2636 89 2685 iam
108 2634 270 2694 nominasset,
288 2633 350 2682 satis
368 2637 423 2682 erat
440 2631 534 2682 dixisse
550 2629 654 2691 furiale
670 2636 765 2696 eaput:
785 2646 867 2694 neque
884 2644 949 2695 opus
966 2634 1021 2680 erut
1038 2631 1078 2695 881
1096 2634 1160 2694 eius,

31 2709 64 2753 ut
83 2703 160 2752 88188
183 2701 218 2750 811
234 2705 311 2766 espiri
335 2704 404 2752 88118
427 2699 492 2750 seire
515 2715 652 2765 possennus.
687 2699 718 2749 In
737 2699 899 2749 sermonibus
923 2698 1038 2762 quidem,
1065 2700 1110 2763 qui
1127 2700 1159 2750 81

31 2770 180 2836 pedestrem
202 2768 343 2818 orationem
366 2767 480 2833 proxime
498 2767 635 2829 aooedunt,
658 2767 733 2816 88818
757 2766 840 2817 18818
863 2771 902 2816 881
918 2766 1026 2828 Nostro,
1049 2782 1107 2818 oum
1124 2769 1159 2832 II,

31 2837 360 2901 1‚70.st11,6‚76ait.
396 2834 523 2899 „Scilicet
543 2837 594 2885 uni
616 2850 716 2900 aequus
741 2837 836 2885 uirtuti
857 2840 938 2899 atque
961 2835 1015 2884 eius
1034 2837 1158 2887 nminis“:

31 2907 90 2970 „Et
100 2908 322 2970 quaeritnature
334 2906 404 2967 toni,
422 2918 604 2968 summumque
619 2903 685 2968 quid
693 2903 779 2953 eius“:
798 2906 823 2952 et
830 2903 960 2964 Lucretio,
979 2918 1036 2952 eum
1053 2904 1081 2953 in
1098 2910 1158 2969 po'e-

31 2979 104 3024 mate
114 2972 296 3038 Philosophiso
304 2974 402 3037 passim
410 2972 476 3021 bene
484 2971 598 3021 rosulum
608 2971 720 3033 adhibet,
730 2970 761 3039 [1,
771 2972 830 3033 781]
848 2970 937 3034 „Quin
947 2974 1027 3021 etiam
1036 2977 1160 3036 repetunt

31 3060 44 3094 a
67 3041 147 3092 eaelo
165 3046 244 3104 atque
260 3041 367 3105 ignibus
385 3041 465 3090 8188.ιι
481 3040 511 3102 [1,
522 3040 582 3095 9641
599 3037 674 3100 ,,Ν88
684 3037 769 3100 refert
776 3039 872 3103 quibus
883 3038 995 3089 adsistas
1004 3039 1159 3102 regionibus

31 3112 118 3161 eius.“
127 3109 216 3173 Neque
225 3124 284 3158 vero
295 3107 411 3172 88888811
420 3109 512 3157 Noster
522 3108 549 3157 in
559 3106 640 3156 Germ.
650 3106 694 3167 IV,
705 3108 729 3168 8,
740 3108 778 3159 18.
796 3107 887 3168 „Eius
900 3106 944 3171 qui
955 3106 1055 3156 domito
1063 3122 1158 3157 nomen

31 3180 69 3229 ab
86 3176 187 3238 Africa
205 3175 338 3226 Lucratus
354 3176 444 3238 rediit,
463 3175 564 3226 elarius
582 3175 704 3225 indicant
719 3174 858 3224 Larides“:
876 3174 943 3224 Tolli
961 3173 1029 3224 eninr
1045 3174 1088 3224 hio
1106 3190 1157 3224 non

31 3249 122 3312 potest
139 3240 170 3294 τὸ
191 3247 254 3305 nur,
272 3244 323 3293 nisi
341 3260 398 3294 eum
413 3244 494 3293 totius
512 3244 653 3293 sententiae
670 3242 818 3308 dispendio:
833 3246 865 3311 'ut
882 3257 963 3306 neque
972 3242 1041 3307 apud
1050 3244 1157 3307 Proper·

31 3316 102 3364 ium
120 3312 165 3374 IV,
181 3314 205 3363 2.
231 3328 295 3362 vers.
313 3314 354 3364 35,
388 3310 457 3376 „nst
483 3314 563 3361 etiam
590 3314 703 3375 aurigae
727 3313 827 3376 speeies
850 3309 1025 3373 Vertumnus,
1053 3316 1078 3360 et
1103 3311 1158 3361 eius

31 3382 156 3434 Traiicit
172 3380 277 3430 alterno
301 3380 346 3444 qui
364 3379 419 3430 teve
434 3378 540 3445 pondus
557 3381 650 3444 equo.“
684 3378 734 3429 Sed
757 3380 850 3430 Poetae
866 3378 959 3444 Epiri,
982 3393 1075 3443 magno
1098 3395 1158 3430 8888

31 3467 93 3501 rum
112 3448 219 3509 iudicio,
238 3447 387 3498 vocabulum
404 3448 452 3497 hoe
469 3451 593 3512 perpetuo
610 3445 765 3496 muloterunt
780 3448 871 3507 exili03
895 3463 928 3497 ne
944 3446 1050 3496 Heroiei
1068 3447 1158 3497 oanni-

31 3520 71 3569 118
92 3518 253 3567 maiestatem
270 3516 341 3565 humi
359 3530 458 3581 serpere
476 3518 590 3580 eogeret;
613 3519 702 3579 utpote
719 3515 829 3580 singulis
846 3515 898 3566 fere
914 3515 1026 3580 periodis
1043 3530 1157 3566 8888888-

31 3602 104 3646 um,
132 3585 161 3634 ni
179 3583 239 3634 stilo
263 3583 363 3649 poetico
386 3582 621 3647 subintelligeretur
644 3584 813 3645 extrinseous,
837 3600 918 3648 neque
943 3584 1086 3649 praesentia
1112 3598 1158 3633 888

31 3669 122 3706 'ersus
139 3651 294 3717 inquinaret.
330 3651 392 3701 1818
410 3655 456 3712 881,
476 3651 543 3716 8881
561 3651 589 3701 18
607 3656 661 3701 1818
679 3651 789 3716 Virgilio
807 3667 839 3702 88
856 3652 932 3702 semel
950 3651 1052 3716 quidem
1069 3667 1157 3702 oecur-
1193 3660 1194 3663 ’

31 3724 62 3772 11
84 3721 163 3771 Eius.
197 3720 243 3769 Bis
271 3719 395 3770 duntaxat
420 3721 447 3769 in
466 3719 571 3780 Ouidio,
596 3723 627 3769 ut
649 3720 726 3769 Trist.
745 3720 793 3781 111,
809 3721 834 3770 4.
847 3723 890 3782 v[u.
909 3721 951 3782 27]
977 3718 1058 3783 „Non
1085 3719 1158 3779 soret

31 3786 167 3841 tumeries
185 3790 272 3850 orbus,
290 3790 315 3839 si
329 3788 403 3850 fitius
420 3789 475 3837 eius
484 3786 589 3838 Stultus
599 3787 733 3838 Aetitleor
750 3803 804 3837 non
822 3787 972 3839 adamasset
988 3788 1094 3852 equos.“
1111 3784 1156 3834 ubi

31 3857 135 3909 ublato
160 3858 231 3917 8188,
254 3855 321 3906 nihil
344 3855 414 3906 deest
437 3855 592 3906 sententiae:
619 3856 708 3919 posito
727 3859 825 3916 eutem,
848 3857 875 3906 in
898 3871 999 3921 prosam
1016 3854 1156 3904 orationem

31 3941 121 3977 'ersus
140 3923 289 3989 degenerat:
314 3923 389 3988 plane
406 3927 436 3973 ut
452 3924 495 3974 hio
513 3923 582 3989 epud
598 3923 727 3974 Nostrum.
761 3925 801 3973 Eo
819 3928 902 3974 temen
920 3923 993 3988 peius
1011 3921 1112 3984 Noster,
1130 3924 1156 3971 et

31 3992 101 4061 ‚uod
124 3991 154 4041 in
179 3990 295 4043 Oarmine
312 3991 405 4059 Lyrioo
427 3992 503 4057 longe
526 4007 603 4058 supra
627 3992 712 4043 Ovidii
729 3991 824 4057 Elegea
847 4007 949 4055 surgere
973 3987 1101 4049 debuerit3
1129 3992 1155 4039 81

31 4060 101 4127 ,uod
119 4061 207 4110 statim
225 4059 386 4110 subinnxerit
403 4065 498 4124 atque,
523 4058 606 4125 Caput
624 4062 679 4111 eius
697 4065 789 4125 atque:
816 4059 878 4110 8188
902 4063 931 4109 81
947 4056 987 4107 bis
1010 4060 1082 4106 tauto
1100 4072 1154 4106 esr-

31 4129 111 4181 rinis
129 4127 312 4178 sublimitatem
329 4129 410 4193 magis
428 4128 585 4192 depresserit
611 4127 680 4184 Quin
698 4127 826 4178 inverbis
843 4124 1013 4192 sequentibus,
1032 4125 1154 4191 estquod

31 4196 150 4251 xcussri
168 4194 275 4247 fortasse·
291 4197 381 4261 possit,
398 4195 502 4261 probari
519 4200 586 4246 oerte
604 4201 630 4246 81
647 4196 747 4247 landari
764 4196 869 4247 minime
886 4198 1023 4245 merentur:
1049 4192 1154 4261 „Spiri-
