2818 4758
185 245 245 309 148
578 257 611 316 o.
632 257 774 305 nonam
793 255 917 303 mcci

268 395 334 459 Vos
355 392 528 459 Gaesarem
549 391 660 468 altum,
681 389 795 456 militia
815 389 911 456 mmul

266 478 386 544 Fessus
407 477 554 543 cohortes
574 476 714 542 reddidit
735 475 873 561 oppidis,

307 563 416 628 linire
437 570 644 646 quaerentem
663 561 801 637 labores,

223 660 255 708 so
354 647 461 715 Pierio
482 647 633 713 recreatis
653 652 755 711 antro.

536 765 561 796 v.
578 749 621 800 ss.
638 747 714 813 vulg.
730 745 854 798 Aluus.

180 865 248 915 cuim
265 866 345 931 proha
361 872 400 917 eet
416 872 443 916 et
458 867 618 917 fideiussores
634 881 694 915 suos
710 863 794 914 hahet
823 863 932 916 t'renses
940 861 1073 912 Leidensis
1086 868 1173 912 noster
1190 863 1296 929 etltegi-

180 935 281 996 nensis,
307 950 365 984 cnm
381 934 441 985 aliis
458 935 588 985 metionis
604 938 688 984 notus,
723 933 819 983 Senecs
833 931 892 981 stat
909 930 1010 986 Qnaest
1026 930 1061 990 Il,
1074 932 1107 983 30
1128 931 1233 995 ,Aetia
1251 932 1296 982 ali·

181 1001 289 1066 quando
297 1002 455 1066 multcigne
467 1002 622 1065 atmdauit,
639 1003 935 1066 ingentsnrcinareuse
942 999 1041 1049 mantis
1051 998 1172 1061 εΙῙιιιίἱι(ι
1198 997 1296 1051 Curtius

181 1068 239 1130 ill,
252 1071 283 1121 ts
301 1073 359 1131 [cb
374 1072 428 1135 §31
445 1070 477 1121 dc
492 1069 629 1120 Bcctrism
645 1070 763 1134 regione:
788 1070 902 1129 „Arenae
923 1082 1010 1133 uapor
1023 1071 1119 1117 amnui
1130 1066 1195 1117 solis
1212 1082 1296 1118 accen·

180 1136 239 1198 dit,-
252 1139 378 1202 quaeubi
384 1138 491 1204 flagrare
500 1143 653 1204 caeperunt,
665 1137 740 1187 baud
746 1152 821 1186 secus
829 1151 908 1201 quarn
920 1137 1067 1185 continenti
1076 1134 1196 1185 inccndio
1205 1142 1297 1187 cuncta

181 1208 345 1256 torrentur.“
372 1206 443 1255 Idem
454 1207 498 1268 IV,
509 1207 551 1257 28.
570 1208 627 1268 [cl
644 1206 697 1270 db]
715 1202 940 1255 dehmmonitide:
959 1201 1087 1265 „Stes-iles
1103 1218 1195 1253 arenae
1205 1206 1298 1267 iacent,

180 1287 243 1336 quas
259 1274 308 1322 ubi
323 1274 489 1339 capessatis
505 1273 636 1334 mcendit,
654 1273 751 1323 fervido
767 1273 824 1322 soto
841 1275 962 1321 exurente
978 1273 1105 1334 semota,
1124 1271 1298 1322 intolerabilis

181 1345 270 1389 aestus
287 1344 411 1391 wisdt‘:
436 1348 462 1392 et
478 1342 558 1408 paulo
575 1348 634 1406 poet
652 1343 748 1404 5121,
769 1340 824 1404 „Et
840 1343 869 1389 in
887 1337 966 1389 arido
981 1339 1039 1388 sole
1057 1344 1084 1387 et
1098 1337 1196 1388 imvido
1213 1340 1298 1390 sabulo

179 1407 256 1457 nulla
274 1415 334 1457 erat
350 1412 451 1474 aqua“
485 1410 527 1459 Sic
546 1409 636 1460 calida
653 1424 752 1468 arena3
780 1413 809 1457 ut
826 1408 906 1457 Silius
922 1406 1043 1469 Italicus,
1060 1407 1092 1456 de
1108 1406 1299 1473 Adyrmachidis

179 1475 277 1541 Libyca
285 1482 368 1539 gente,
378 1476 423 1526 lib.
431 1478 479 1529 lll.
490 1481 525 1540 [v.
535 1479 595 1540 281]
620 1476 694 1540 „Sea
701 1480 797 1527 mensis
808 1491 887 1541 asper
893 1475 1018 1540 populus,
1034 1477 1157 1539 uictuque
1164 1476 1298 1540 maligna:

179 1541 252 1594 Nam
269 1544 351 1594 calida
370 1548 458 1594 misus
475 1545 571 1610 epulae
581 1551 721 1595 omniur
736 1549 838 1594 srena“
855 1550 882 1594 et
889 1542 987 1592 blasius
995 1543 1084 1592 Victor
1100 1542 1298 1611 lio.11.[r.sso]

179 1611 333 1674 „Australis
341 1611 426 1679 Libye
436 1612 527 1663 calidis
541 1613 614 1679 quod
621 1616 710 1662 nubit
716 1613 826 1662 arcuis“
843 1618 869 1662 et
877 1611 991 1660 Alcimus
1001 1611 1093 1660 arins
1100 1610 1147 1661 lib.
1159 1610 1191 1663 V.
1199 1615 1232 1674 [v.
1240 1614 1298 1674 547]

179 1694 214 1742 „o
232 1684 324 1744 terque
340 1685 486 1746 quaterque
503 1682 589 1745 beati,
616 1680 688 1743 Quas
704 1686 790 1731 marte
806 1681 938 1730 absumtos
954 1678 1045 1729 calidis
1063 1678 1202 1744 Aegyptus
1218 1681 1299 1730 amnis

181 1746 334 1798 Condidit.“
358 1749 396 1798 sic
406 1751 618 1812 arenaincensa,
629 1748 821 1799 ClaudianusII
835 1748 919 1799 Rutin.
930 1748 989 1799 241.
1015 1745 1073 1810 „Te
1084 1747 1126 1796 cel
1139 1747 1176 1796 ad
1185 1748 1299 1798 incensas

179 1814 282 1881 Libyae
298 1817 445 1866 comitabor
462 1820 578 1867 sanast
605 1817 648 1866 Sic
665 1817 771 1877 sermm
787 1821 813 1866 et
830 1816 927 1866 ardens
944 1831 1039 1876 arena,
1055 1814 1122 1863 Plin
1133 1815 1201 1866 [list.
1211 1816 1298 1878 Vll,l.

180 1882 210 1947 [d
226 1884 269 1945 22]
303 1882 560 1950 „Gymnosophistas
576 1885 731 1935 terrentibus
753 1885 838 1934 arenis
861 1889 916 1934 toto
940 1882 984 1932 die
1005 1884 1117 1933 alternis
1133 1881 1245 1947 pedibus
1261 1888 1299 1934 in-

178 1953 296 2002 suares
330 1953 434 2003 metius
452 1952 551 2003 Consul.
561 1952 658 2003 Philus.
671 1954 706 2013 lI,
716 1956 740 2004 6.
759 1956 792 2015 [r.
804 1954 846 2014 13]
873 1950 963 2014 „Quos
980 1949 1067 2000 Natus
1082 1953 1153 2000 eicco
1171 1952 1298 2002 uiolentus

179 2024 253 2069 aestu
273 2020 356 2070 Tollit
371 2021 488 2072 ardentes
504 2037 650 2086 recoquens
667 2024 782 2070 arenaa“
817 2021 912 2070 Seneca
930 2020 991 2070 Nat.
1006 2019 1107 2074 Quaest
1123 2018 1201 2080 [ign.
1222 2020 1298 2086 [518]

179 2085 209 2136 de
228 2088 380 2154 Aethiopia:
415 2088 510 2153 „Saea
533 2089 606 2139 uelut
622 2091 684 2152 igni
697 2087 870 2153 fervescunt,
887 2103 942 2137 non
960 2092 1063 2137 mnmm
1079 2086 1181 2149 medic,
1198 2088 1247 2138 ced
1261 2092 1299 2138 in·

179 2154 280 2206 clinato
298 2172 402 2222 quoque
419 2158 477 2208 die:
495 2157 585 2207 erdem
602 2157 696 2221 pulvis,
714 2157 884 2206 necisumani
896 2156 1144 2220 cmtffiipaticnsf‘
1171 2156 1299 2206 Nonmale

178 2222 266 2287 igitur,
284 2225 365 2288 siquis
383 2231 529 2275 urentes
547 2241 644 2275 amnas
651 2223 720 2289 apud
729 2225 866 2274 Horatium
875 2223 974 2288 legerit
1000 2223 1182 2286 Nequetamen
1193 2223 1302 2275 deterior

179 2296 217 2340 est
233 2291 311 2342 lectio
329 2292 417 2354 altem,
436 2298 555 2353 arentes,
577 2310 654 2358 quam
670 2293 739 2342 inter
755 2291 820 2342 ulios
837 2291 916 2342 codex
933 2292 1089 2341 Graecianus
1106 2306 1215 2355 maguae
1231 2296 1302 2343 vetn-

178 2360 252 2408 statis
270 2360 380 2422 exhibet,
398 2366 425 2412 st
441 2366 542 2426 practer
558 2362 654 2412 similia
663 2361 821 2425 Scriptorum
830 2360 894 2421 loca,
912 2360 997 2410 suavis
1011 2359 1056 2408 ills
1073 2358 1226 2425 syllabarum
1243 2377 1302 2411 con·

178 2444 274 2490 cursus,
291 2435 396 2480 arentes
413 2444 520 2493 arenas,
537 2445 689 2498 magnopere
698 2428 863 2479 commendat.
891 2427 1082 2478 Siliusltalicus
1091 2426 1135 2475 lib.
1145 2427 1190 2477 VI.
1201 2431 1234 2490 [s.
1244 2431 1302 2492 140]

177 2493 332 2557 „Turbidus
349 2502 448 2547 urentes
466 2497 536 2549 leuto
550 2497 619 2564 pede
631 2496 815 2550 melcatarsnas
823 2495 981 2559 Bagrada.“
994 2494 1061 2560 quod
1072 2495 1200 2545 aLucano
1209 2497 1304 2558 hausit,

178 2562 346 2624 lib.1v,588.
365 2563 512 2629 ,bagrada
531 2564 617 2615 lentus
634 2569 703 2629 agit,
720 2569 807 2616 siccae
823 2565 1076 2614 sulcatorarenae.“
1100 2562 1229 2628 corippus
1235 2564 1304 2615 Atri-

177 2647 264 2694 canus,
278 2630 321 2680 IV.
340 2635 372 2694 [a.
381 2633 441 2694 222]
468 2631 565 2696 „Cogit
582 2632 652 2682 dura
668 2636 735 2697 sitis,
754 2631 922 2697 cumulosque
939 2631 1034 2681 arentis
1051 2646 1142 2681 arenae
1159 2631 1303 2697 Obiiciunt,

177 2701 339 2764 pinguisque
354 2699 407 2748 soli
423 2699 537 2749 declivia
556 2699 712 2751 claudunt.“
736 2701 890 2751 Dracontius
897 2700 1053 2750 Hexaemcro
1070 2701 1100 2761 [l,
1116 2701 1188 2761 1891:
1207 2701 1304 2762 „Arida

178 2769 297 2830 vipereos
316 2781 417 2830 angues
433 2770 549 2832 suscepit
564 2772 666 2817 arena“
690 2769 786 2819 Seneca
801 2768 877 2818 Herc.
887 2770 946 2818 mr.
956 2769 1014 2819 319.
1041 2767 1125 2831 „Cum
1130 2783 1182 2833 per
1190 2774 1304 2820 arentem

174 2834 294 2899 placeam,
314 2833 350 2883 Et
365 2835 526 2896 fluctuantes
543 2850 617 2885 more
634 2838 736 2887 turbati
749 2839 832 2886 maris
850 2836 926 2885 Abiit
942 2840 1057 2886 arenam*
1084 2835 1196 2886 Avienus
1213 2839 1242 2888 in
1260 2838 1303 2888 de·

178 2900 317 2966 scriptione
335 2900 417 2953 Orbis.
446 2906 477 2965 [v.
495 2905 537 2967 72]
574 2905 652 2968 „Aret
669 2906 779 2967 humus,
797 2919 937 2969 cassasque
953 2903 1010 2954 solo
1029 2908 1167 2953 torrentur
1184 2909 1304 2956 arenae.“

177 2967 309 3020 Claudiam¹
328 2969 402 3020 Cous.
417 2972 514 3024 Honor.
531 2972 575 3033 IV,
588 2974 646 3025 iso.
692 2972 806 3038 „Libyes
823 2973 918 3022 arentis
935 2987 1024 3021 arenas
1042 2969 1158 3021 Audebit
1173 2988 1304 3038 superare

174 3037 281 3103 pedes.“
307 3040 349 3089 Ita
359 3039 436 3090 codex
451 3046 522 3091 vetus
533 3046 596 3091 teste
605 3041 730 3091 Heinsio:
748 3040 855 3104 vulgati,
873 3039 976 3105 Libyae
992 3039 1146 3104 squalentis.
1171 3041 1304 3106 Sulpicius

178 3105 283 3156 Severus
300 3107 408 3173 Dialogo
426 3110 446 3158 I.
467 3111 525 3172 [ci
539 3109 592 3175 Μ]
611 3108 641 3159 dc
657 3109 757 3175 Libya:
784 3107 886 3172 „Nulla
903 3109 943 3157 ibi
958 3110 1068 3171 semina,
1084 3112 1210 3171 germina
1227 3109 1305 3159 nulla

176 3178 354 3238 proueniunt:
369 3180 467 3244 quippe
485 3178 606 3228 instabili
621 3177 687 3240 solo,
705 3175 836 3226 arentibus
854 3176 938 3226 arenis
956 3175 993 3225 ad
1009 3190 1111 3225 omnem
1127 3181 1230 3226 mamm
1242 3193 1304 3227 oen·

178 3247 264 3292 torum
282 3244 460 3296 eedmsioass‘
486 3244 624 3307 Caeterum,
644 3245 705 3309 quid
722 3244 796 3306 illud,
814 3260 907 3309 quaeso
924 3249 969 3303 est,
987 3241 1100 3293 Litteris
1111 3243 1229 3310 Assyrii,
1247 3261 1305 3297 cnm

176 3310 278 3375 Assyria
295 3328 347 3362 nou
365 3312 399 3362 sit
415 3315 487 3378 regio
504 3313 639 3376 maritima,
657 3313 700 3362 scd
718 3311 919 3362 mediterranea?
942 3313 1020 3361 Recte
1039 3310 1302 3363 Scholiastesdcronz

177 3375 272 3440 „Litus
289 3382 369 3428 etiam
388 3395 543 3446 camporum
562 3383 756 3430 extremitatem
771 3385 870 3431 ueteres
883 3379 1031 3431 dicebant.“
1053 3380 1254 3432 Proindctuhic
1264 3382 1304 3431 in·

178 3443 631 3515 telligearenososcamposdssyriae,
649 3447 695 3498 ubi
704 3447 808 3498 Crassus
823 3464 880 3500 oum
893 3452 947 3497 toto
959 3449 1072 3498 exercitu
1081 3447 1173 3528 periit:
1193 3449 1214 3498 ii
1231 3453 1305 3499 erant
1395 3500 1396 3505 ,

178 3512 205 3561 iu
217 3511 341 3573 confiniis
351 3513 458 3565 Arabiae
469 3519 495 3565 et
503 3519 550 3566 Ass
568 3516 627 3576 riae,
640 3510 712 3583 Ἀρά
731 3533 771 3565 ων
778 3513 824 3566 καὶ
836 3513 1118 3583 Ασσυρίωνμεθοριᾳ,
1136 3517 1204 3567 utin
1213 3516 1305 3568 Crasso

178 3583 209 3645 [c.
220 3580 251 3630 22
270 3582 343 3642 estc]
355 3580 510 3634 Plutarchus.
537 3533 638 3635 ditaris
656 3600 716 3649 ergo
725 3585 833 3650 Assyrii
838 3605 845 3643 ;
863 3585 966 3646 hoccst,
984 3583 1159 3645 extremitatis,
1170 3586 1304 3650 marginis,

176 3663 242 3709 orae,
261 3647 374 3699 confinii.
401 3649 450 3700 Sed
467 3656 493 3702 ct
509 3651 561 3702 alia
577 3653 644 3702 ratio
662 3656 708 3713 est,
727 3668 773 3702 cur
790 3652 948 3703 litusvocet:
968 3651 1062 3718 quippe
1080 3667 1171 3702 arenae
1190 3653 1250 3703 illae
1265 3653 1304 3702 in-

175 3717 248 3781 genti
266 3715 378 3780 planicie
395 3717 508 3784 undique
525 3725 656 3786 porrectae
673 3721 760 3785 potius
778 3721 866 3771 litoris
884 3721 924 3770 vel
941 3722 1065 3784 aequoris
1082 3736 1158 3784 quam
1175 3722 1303 3771 terrestris

176 3785 289 3850 regionis
301 3784 412 3850 speciem
422 3792 566 3848 simutant3
584 3792 613 3838 ut
622 3787 717 3849 ibidem
736 3791 765 3850 [c.
778 3790 810 3840 22
820 3792 869 3853 pc]
888 3788 1052 3844 Plutarchus.
1074 3781 1113 3838 Οὐ
1131 3784 1224 3855 φυτὸν
1234 3784 1303 3856 ὁρῶ-

178 3867 232 3911 σιν,
253 3849 284 3904 ab
303 3851 441 3920 mustolia
459 3848 540 3922 ὄρους
555 3854 706 3917 actitatae,
725 3850 778 3905 ἀλλ’
789 3850 909 3924 ἀτεχνῶς
919 3856 1104 3905 ΠΕΔΑΙῚΟΝ
1115 3859 1150 3905 ΤΙ
1159 3857 1301 3914 xatus,

179 3920 297 3970 onnon
313 3921 398 3971 τινῶν
415 3917 525 3990 ἐρήμων
542 3923 725 3993 περιεχόντων
742 3921 791 3973 τὸν
809 3920 938 3993 στρατόν.
965 3923 1008 3974 Sic
1024 3924 1054 3974 de
1065 3925 1148 3974 arenis
1157 3924 1302 3975 Bactrianis

177 3986 280 4039 (turtius
297 3989 355 4050 Vll,
372 3991 411 4041 18.
440 3993 500 4055 [cb
519 3991 536 4057 ξ
551 3994 577 4054 4]
612 3990 841 4057 „Camporumque
863 4008 917 4043 non
941 3993 997 4043 alia
1015 4006 1095 4056 quam
1112 3994 1183 4042 casti
1199 3998 1226 4043 ct
1240 4007 1301 4060 pro·

176 4055 258 4117 fundi
274 4060 358 4108 marce
374 4060 473 4123 specics
491 4062 555 4111 est.“
591 4059 685 4110 Seneca
701 4059 759 4110 loco
776 4076 853 4125 supra
870 4060 949 4110 citato
967 4059 1054 4123 [Herc.
1069 4060 1130 4112 Fur.
1139 4061 1215 4123 3201:
1249 4059 1303 4125 „Et

176 4124 337 4185 fluctuantes
354 4141 427 4175 more
445 4128 549 4177 turbati
565 4131 648 4178 mame
665 4128 739 4177 Abiit
756 4129 878 4178 arenas.“

243 4194 284 4244 38.
305 4192 395 4243 Fessus
412 4195 534 4246 cohortes
554 4195 660 4246 abdidit
683 4195 798 4260 oppidis]
833 4194 948 4246 Abdidit
963 4195 1059 4246 habent
1078 4196 1213 4248 Editioncs
1231 4196 1300 4261 prin·
