2810 4764
386 284 566 335 cremnon
586 287 653 335 LIB.
670 288 719 335 ΠΙ.
742 283 782 336 25.
806 284 845 337 26.

139 415 193 480 Nil
213 437 358 502 parvum,
381 426 438 485 aut
457 419 570 487 humili
591 421 697 497 modo,

180 504 235 569 Nil
257 504 390 571 mortale
411 505 534 588 loquar.
577 504 670 574 dulce
691 508 868 594 periculum
890 516 948 585 est,

140 590 166 657 Ο
188 590 325 668 Lenaee,
348 590 439 672 sequi
460 591 565 656 Deum

98 687 128 738 no
183 674 372 757 cingentem
392 674 486 741 viridi
508 682 652 762 tempora
672 676 834 763 pampino.

549 829 669 895 XXVI.

423 930 493 995 AD
527 930 797 997 VENEREM.

137 1048 210 1114 Vixi
232 1046 349 1147 puellis
369 1065 473 1134 nuper
493 1046 637 1126 idoneus,

138 1136 179 1200 Et
199 1131 334 1199 militavi
355 1152 417 1198 non
441 1132 510 1199 sine
531 1133 650 1215 gloria:

179 1219 272 1284 Nunc
293 1239 383 1283 arma
405 1217 653 1302 defunctumque
675 1218 758 1283 bello

255 1302 406 1369 Barbiton
427 1301 480 1368 liic
500 1304 606 1388 peries
628 1303 768 1381 habebit,

61 1435 190 1494 Μαινάδες
199 1434 338 1500 Κάθηντο.
358 1440 565 1502 strennuum]
584 1436 677 1489 liniaci
688 1455 717 1491 τε
727 1434 783 1489 Βάκ
801 1453 843 1489 αι·
862 1434 909 1489 διά
922 1435 951 1489 δὲ
961 1439 1175 1489 ΧΕΙΜΑΡΡΟΥ

60 1501 139 1568 νάπης
146 1508 250 1575 Αγμων
267 1501 295 1556 τ’
314 1502 431 1568 ἐπήδων,
451 1507 518 1558 θεοῦ
534 1508 665 1558 πνοαῖσιν
681 1455 818 1576 ἐμμανής.
840 1506 911 1557 Idem
923 1505 1033 1574 Cyclope
1052 1522 1116 1557 vers.
1131 1509 1172 1560 63.

61 1567 116 1632 „Ori
132 1571 196 1626 τάδε
203 1569 333 1642 Βρόμιος,
353 1568 385 1623 οὗ
403 1571 468 1626 τάδε
480 1572 572 1658 χοροὶ,
582 1571 687 1643 Βάκχαι
703 1591 733 1626 σε
750 1573 936 1655 δυρσοφόροι.
964 1571 1004 1626 Οὔ
1023 1569 1173 1643 τυμπάνων

62 1637 217 1711 ἀλαλαγμοὶ,
241 1642 415 1692 mennam
431 1659 487 1711 παρ
525 1639 694 1712 υδροχότοις.
731 1643 801 1700 Quin
824 1648 914 1705 etnam,
939 1644 1000 1709 quie
1023 1646 1122 1694 mirari
1147 1659 1173 1693 se

60 1710 199 1776 profitetur,
216 1710 313 1776 poteris
330 1710 398 1760 rivos
416 1710 508 1776 laem,
526 1712 626 1776 mellic,
651 1713 722 1776 ofni,
745 1711 785 1762 vel
804 1727 936 1777 αηαανιιινι
951 1711 1110 1776 intelligere,
1128 1711 1173 1775 qni

61 1784 143 1842 sponte
165 1780 191 1829 et
212 1779 336 1829 miraculo
359 1777 532 1844 profluebant,
557 1795 676 1844 percusso
694 1795 710 1830 o
726 1779 835 1829 Bacchis
858 1778 927 1838 solo;
954 1785 984 1829 ut
1007 1780 1048 1839 ll,
1068 1781 1112 1840 19,
1133 1782 1172 1831 tn.

61 1845 179 1911 „linique
201 1846 318 1909 sontem,
340 1846 415 1897 lactis
438 1852 465 1896 et
486 1849 579 1898 uteres
603 1847 719 1899 Contere
741 1849 838 1899 πίνου*
871 1847 963 1913 Enrip.
978 1848 1086 1910 Bucen,
1113 1848 1169 1899 142.

62 1916 99 1966 Pei
116 1912 144 1966 δὲ
159 1911 275 1982 γάλακτι
291 1912 383 1978 πέδον,
400 1916 445 1966 Pei
462 1907 492 1964 δ’
514 1908 590 1983 οἴνῳ,
613 1913 656 1984 ῥεῖ
676 1913 706 1966 δὲ
719 1914 854 1984 μελισσᾶν
862 1913 980 1983 νέκταρι.
998 1917 1090 1967 etita.
1101 1916 1171 1978 [691]

62 1980 163 2051 θόρσον
186 1981 216 2034 δέ
241 1998 281 2039 τις
305 1976 421 2048 λαβοῦσ’
446 1978 558 2034 ἔπαισεν
576 1979 612 2039 εἷς
629 1982 749 2051 πέτραν,
771 1977 855 2034 Ὅθεν
872 1979 1013 2051 δροσώδης
1034 1984 1174 2032 ΥΔΑΤΟΣ

62 2045 153 2116 ἐκπηδᾷ
170 2049 252 2107 νοτίς.
287 2045 360 2112 Ἄλλη
378 2048 408 2101 δὲ
425 2045 544 2118 νάρθηκ’
564 2046 602 2107 εἷς
619 2049 703 2102 πέδον
720 2052 822 2114 cadiae
838 2053 897 2118 γῆς,
917 2048 972 2101 Καὶ
989 2048 1054 2120 τήδε
1070 2045 1173 2115 κρήνην

23 2122 24 2153 3
62 2113 160 2180 ἐξανῆκ’
179 2120 295 2172 OlNOY
310 2116 382 2179 θεός.
412 2112 506 2174 Ὅσαις
524 2115 554 2169 δὲ
570 2118 663 2171 λευκοῦ
680 2114 812 2187 πώματος
829 2115 918 2174 πόθος
933 2119 1039 2185 παρῆν,
1054 2113 1173 2185 Ἄκροισι

23 2226 24 2257 χ
61 2182 207 2238 δακτύλοισι
224 2186 366 2256 διαμῶσαι
371 2182 477 2271 χθόνα,
497 2188 690 2237 ΓΑΔΑΚΤΟΣ
701 2184 801 2254 ἐσμοὺς
816 2177 898 2255 εἶχον,
920 2191 946 2237 et
960 2202 1022 2237 vers.
1031 2188 1087 2239 164.
1101 2187 1172 2304 [755]

23 2280 25 2311 1
63 2251 139 2306 Πάλιν
154 2249 182 2305 δ’
203 2250 339 2324 ἔχω’ρουν,
369 2253 435 2306 dccv
453 2250 581 2317 ἐκίνησαν
596 2251 685 2313 πόδα,
705 2255 853 2305 ΚΡΗΝΑΣ
868 2249 912 2306 ἐπ’
933 2247 1026 2313 odric,
1046 2247 1078 2309 άς
1095 2256 1147 2316 ανή

23 2328 25 2379 i
61 2316 147 2379 αόταῑς
162 2319 235 2379 θεός.
260 2325 296 2374 sic
314 2324 352 2374 ibi
368 2323 517 2388 legendnm,
541 2319 643 2390 aprinae
659 2318 704 2374 ἐπ’
725 2316 822 2384 utrem
847 2339 898 2373 non
916 2328 946 2373 ut
962 2322 1039 2388 vulgo
1056 2321 1172 2384 habetur,

24 2414 26 2473 q
59 2386 163 2454 κρήναις
179 2386 225 2443 ἐπ’
246 2385 349 2453 αὐταῖς,
367 2398 393 2443 et
408 2391 493 2442 minus
511 2392 614 2452 Graece,
634 2397 660 2442 et
677 2391 846 2455 inconcinne,
863 2407 921 2441 oum
939 2392 1026 2441 statim
1042 2395 1173 2470 repetetur

25 2474 26 2481 ¹
63 2457 153 2515 αάιαῖς.
188 2463 268 2510 Ροπο
292 2475 389 2510 versu
411 2459 455 2509 hio
481 2461 533 2524 16,
557 2476 603 2525 pro
626 2458 753 2520 fraccione
776 2458 855 2509 codex
878 2463 964 2511 noster
986 2459 1172 2510 vetustissimus

25 2520 26 2557 l
60 2527 206 2578 Gnesianus
224 2527 352 2589 fraxinon
369 2528 493 2593 praefert,
512 2529 583 2593 quasi
608 2533 714 2592 quartae
739 2533 806 2578 esset
822 2526 1011 2590 declinationis,
1029 2527 1060 2578 de
1078 2542 1128 2592 qna
1145 2544 1172 2577 re

26 2630 27 2643 .
61 2596 109 2646 ride
125 2613 171 2646 nos
189 2595 221 2646 ad
239 2595 320 2647 Germ.
339 2596 374 2657 II,
395 2599 434 2648 15.
453 2599 476 2648 6.

121 2666 158 2716 19.
180 2664 201 2713 0
217 2662 329 2728 Lenaee,
347 2667 423 2729 requi
440 2663 526 2726 derna]
562 2664 603 2713 Ita
620 2663 711 2728 scripti
729 2662 856 2728 editique:
880 2663 923 2713 aed
941 2663 1071 2714 rideamus
1088 2663 1172 2713 locum

60 2732 185 2797 integrum,
202 2732 300 2796 „dulce
315 2732 466 2797 periculum
483 2738 529 2795 ert,
548 2732 569 2781 0
588 2730 704 2795 Lenaee,
722 2733 798 2797 requi
815 2730 900 2793 deum,
920 2730 1073 2796 {lingentem
1090 2730 1174 2782 viridi

63 2805 170 2865 tempora
185 2803 342 2865 pampino.“
360 2798 405 2850 ubi
423 2804 519 2850 veteres
538 2798 703 2860 scholiastae,
729 2799 880 2867 „Amorgos
899 2798 1024 2863 dictum,“
1042 2799 1172 2864 inquiunt,

62 2874 157 2930 „utrum
175 2870 227 2919 siti
244 2872 348 2919 tantum
365 2869 524 2933 cingentem,
550 2883 585 2917 nn
603 2883 781 2933 quoscumque
797 2882 846 2916 suo
863 2870 973 2917 numine
990 2867 1093 2933 replere
1110 2883 1172 2918 eon·

57 2939 159 2989 ,neottfl
194 2936 249 2986 Imo
266 2952 333 2997 vero,
350 2951 402 2985 non
420 2936 477 2986 ideo
495 2935 642 3000 ambiguum
660 2940 713 2999 est,
731 2934 798 3001 qnod
816 2935 915 2985 nescies
931 2940 1018 2985 utrum
1035 2934 1098 2985 velit
1116 2937 1172 2985 ein·

59 3009 154 3066 gmtem
177 3005 242 3066 riti,
268 3020 302 3053 an
327 3006 383 3059 ιυίι
399 3004 508 3071 Mysiis:
536 3003 662 3069 posterius
687 3002 755 3054 enim
777 3003 826 3053 hoo
848 3003 921 3053 nullo
943 3002 1017 3053 modo
1042 3018 1072 3053 ex
1091 3001 1172 3052 verbis

63 3073 160 3123 auctoris
178 3071 290 3136 exsculpi
309 3075 401 3137 potest.
437 3073 486 3123 Sed
508 3070 536 3121 id
553 3087 610 3122 vere
628 3071 774 3136 ambignum
792 3076 845 3133 est,
863 3076 982 3121 utrumne
999 3071 1036 3121 sio
1054 3075 1171 3119 conetru·

62 3137 140 3190 indum
158 3141 202 3201 sit,
220 3140 304 3190 Dulce
321 3144 360 3189 eat
375 3141 544 3205 neqniDenm
562 3142 710 3204 cingentem
728 3144 784 3199 eto,
803 3155 844 3202 en,
862 3139 948 3189 Dulce
965 3144 1004 3189 ert
1023 3140 1172 3202 cingentem

64 3211 169 3273 temporo
186 3212 328 3275 pampino,
351 3211 427 3273 sequi
443 3208 535 3258 Deum.
570 3207 672 3273 Quippe
690 3212 716 3257 et
732 3207 847 3257 Bacchus
864 3207 935 3273 ipse,
960 3210 986 3256 et
1008 3205 1091 3256 omnis
1107 3206 1172 3255 Bac·

63 3275 182 3327 ciantium
199 3276 298 3337 chorus,
317 3282 397 3342 caput
412 3276 534 3341 pampino
552 3277 717 3334 coronabant,
734 3280 764 3324 nt
776 3275 815 3324 vel
832 3276 918 3340 pueris
931 3280 1027 3326 notum.
1046 3273 1171 3336 Ceterum,

64 3344 172 3396 utrolibet
189 3345 278 3395 ordine
295 3343 371 3394 verbe
389 3344 572 3406 construxeris,
597 3343 662 3393 illnd
680 3343 783 3392 interim
807 3342 894 3408 inepte
917 3348 942 3393 et
965 3342 1054 3408 putide
1071 3341 1173 3392 videtur

64 3413 174 3477 positum,
192 3411 232 3477 „O
249 3412 366 3476 Lenaee,
384 3415 461 3477 aequi
477 3412 587 3462 deum“:
610 3426 668 3461 nom
688 3409 793 3475 perinde
811 3417 849 3461 est
866 3427 895 3461 ee
913 3412 936 3461 si
953 3410 1062 3472 dixeris,
1087 3410 1172 3461 Dulce

65 3485 99 3542 est,
115 3481 255 3544 OBacclte,
273 3479 499 3546 seqniBacctum.
528 3479 600 3529 Certe
618 3479 668 3529 iam
686 3479 748 3529 olim
766 3479 885 3529 viderunt
901 3477 1023 3541 Librarii,
1041 3495 1172 3530 necessum

66 3561 105 3598 esse
124 3554 154 3599 ut
176 3547 211 3599 Te
234 3549 323 3613 quovis
346 3549 419 3599 modo
443 3549 471 3598 in
494 3563 593 3598 versum
616 3547 771 3614 recipiatur:
795 3547 863 3599 unde
885 3549 1014 3598 Patrensis
1038 3555 1125 3598 noster
1146 3550 1172 3598 et

65 3612 234 3680 ligomieneis,
252 3617 329 3667 otiam
346 3617 421 3667 metri
439 3615 583 3682 dispendio,
601 3616 754 3680 praeferunt,
773 3616 813 3680 „0
827 3615 1015 3682 Lenaeeccqni
1031 3621 1056 3666 te
1067 3615 1171 3666 denm.“

67 3683 135 3735 sedet
151 3684 223 3735 alind
241 3690 293 3747 est,
318 3685 385 3748 quod
403 3685 510 3735 minime
526 3683 667 3734 mutatione
690 3683 770 3733 multo
794 3684 884 3734 melius
901 3685 1081 3749 venustiusque
1099 3681 1171 3732 reddi

40 3810 41 3813 Ἴ
66 3754 156 3814 menn
184 3768 274 3818 nempe
298 3753 319 3802 si
344 3753 421 3803 deum
444 3752 584 3802 indecem
607 3752 752 3813 reduxeris,
780 3752 882 3813 „Dulce
903 3752 1052 3818 pericnlum
1071 3755 1111 3801 ert
1126 3749 1170 3808 Te,

40 3816 43 3851 ¹
68 3816 159 3885 leneas,
177 3824 254 3886 rcqaci
270 3821 367 3883 ducem,
387 3820 540 3885 cingentem
558 3818 641 3869 viridi
658 3826 777 3885 tempora
792 3821 949 3886 pampino.“
975 3819 1090 3870 Bacchus
1102 3817 1170 3867 enim

41 3862 43 3949 ]
68 3893 107 3937 titt
121 3889 178 3940 δαω
188 3889 352 3949 Thiasorum3
371 3894 396 3939 et
414 3906 464 3953 quo
481 3890 536 3953 ipse
554 3888 662 3938 ducebat
679 3886 844 3953 vocabatque,
861 3888 974 3938 Bacchae
986 3884 1168 3951 sequebantur:

42 3952 45 4011 l
69 3952 190 4022 Euripides
214 3958 323 4008 Bacchis
343 3960 399 4010 194.
424 3959 494 4021 [187]
532 3952 637 4012 Otene
659 3948 777 4025 ἀμοχθεὶ
802 3958 873 4008 κεῖσε
900 3956 956 4006 νων
979 3953 1169 4003 ΗΓΗΣΕΤΑΙ.

43 4026 152 4095 [11119.
177 4028 247 4089 [495]
283 4019 376 4076 Εκιῖσ’
396 4027 467 4078 ΑΓΕ
493 4040 540 4092 με,
572 4020 691 4093 βρόμοι,
718 4020 824 4092 βρόμια
856 4026 914 4076 511,
952 4024 1022 4085 [559]
1056 4019 1170 4084 Σέβεται

70 4084 90 4135 δ’
105 4087 196 4154 iiiior,
223 4089 279 4155 ήξιι
295 4109 324 4144 τε
337 4094 497 4162 χορεύσων,
527 4087 728 4159 Εἱλι-σσομένας
743 4108 773 4143 τε
790 4087 936 4144 Μαινάδας
952 4090 1047 4141 Anni.
1082 4091 1168 4150 Porro,

69 4155 134 4211 Codex
150 4162 224 4212 Geloi
241 4159 322 4212 bonae
340 4166 423 4224 notae,
441 4177 487 4226 pro
503 4160 608 4211 Lenaee
624 4157 701 4210 habet
720 4160 781 4224 Iloe,
800 4158 946 4226 quod.quid
964 4156 1014 4208 sibi
1032 4156 1093 4207 velit
1111 4156 1169 4207 aliis

70 4223 214 4281 divinandum
233 4229 358 4295 relinquo.
