2818 4758
205 217 264 279 128
587 231 619 290 o.
641 228 784 277 norrun
804 228 929 277 rnrccl

245 378 274 428 15
330 365 474 431 Disiecta
495 385 559 430 non
581 362 646 429 leni
666 362 768 441 ruina,

372 450 506 516 Thracis
529 457 562 515 et
584 447 715 539 esitium
736 448 889 533 Lycurgi.

286 537 338 600 Tu
359 535 460 601 flectis
483 535 596 611 amnis,
619 539 654 598 tu
675 552 764 598 mare
785 533 975 599 barbarum:

285 621 337 685 Tu
358 639 393 685 se
417 619 516 685 aratis
538 619 654 686 uvidus
675 617 709 682 in
729 617 817 700 iugis

327 706 378 772 No
402 726 420 769 o
443 711 570 770 coe'rees
591 703 735 789 viperino

242 801 275 851 no
373 789 574 856 Bistonidum
598 788 667 854 sine
688 787 802 852 froude
824 785 930 852 crinis.

287 878 347 953 Tu,
371 895 443 939 cum
465 873 608 974 parentis
630 892 731 953 regna
753 872 969 957 perarduum

288 959 411 1025 Cohors
433 960 608 1041 Gigantum
631 956 799 1023 scanderet
819 955 917 1042 inpia,

328 1045 485 1110 Rhoetum
508 1041 665 1112 retorsisti
687 1041 789 1107 leonis

371 1128 552 1213 Unguibus,
574 1125 780 1209 horribilique
802 1125 903 1189 mala:

557 1246 579 1278 v.
599 1231 639 1282 23.
657 1228 732 1293 Vulg.
750 1226 890 1278 Rhoecum.

272 1366 311 1416 15.
330 1365 449 1415 Disiecta
466 1381 520 1415 nou
540 1365 594 1414 tent
610 1366 701 1425 cuiue]
730 1362 866 1413 Editiones
890 1361 1020 1427 principes
1037 1360 1135 1412 Veneta
1153 1364 1179 1411 et
1195 1361 1334 1427 Loscheri,

210 1448 267 1482 curn
292 1433 476 1483 recentioribus
494 1431 638 1493 codicibus,
665 1431 760 1482 habent
778 1431 853 1481 leot.
888 1428 951 1481 Non
977 1429 1030 1479 tevi
1055 1432 1151 1490 minc,
1179 1433 1210 1478 nt
1234 1430 1335 1481 Seneca

205 1500 353 1550 Phoenissis
369 1518 392 1550 v.
411 1502 468 1553 284.
494 1507 591 1566 „atquc
613 1502 691 1550 urbes
708 1504 795 1549 movet
813 1496 910 1548 Gratas
934 1499 963 1547 tn
981 1512 1073 1547 orma:
1095 1512 1148 1546 non
1170 1496 1236 1548 levis
1252 1498 1334 1560 sessui

205 1570 279 1617 uouit
295 1568 382 1618 Ruina
402 1566 520 1619 Thehts.“
544 1570 580 1618 sic
605 1570 699 1632 gravis
721 1570 811 1630 rutha,
835 1569 866 1614 ut
883 1566 977 1615 Noster
994 1565 1072 1614 Serm.
1091 1566 1127 1625 11,
1145 1565 1171 1626 8,
1188 1567 1230 1617 54.
1267 1566 1333 1629 „In-

207 1641 279 1686 terea
296 1650 423 1700 suspensa
441 1652 529 1701 graves
548 1636 644 1687 aulaea
667 1634 755 1685 ruinas
772 1635 805 1684 Iu
826 1637 953 1698 patinam
969 1631 1084 1693 fecerc.“
1118 1633 1226 1683 Rectius
1245 1638 1334 1684 tamen

204 1703 354 1752 vetustiores
372 1704 531 1755 membranae
549 1704 618 1768 tent,
642 1707 671 1753 nt
688 1702 841 1752 Blandiniae
859 1700 981 1766 Cruqnii,
1005 1704 1031 1751 et
1053 1716 1084 1750 ex
1100 1700 1163 1751 meis
1181 1701 1334 1766 Leidenses,

205 1770 370 1835 Graevianae,
388 1778 415 1823 et
431 1788 462 1821 ex
479 1773 561 1836 prima
578 1787 655 1821 manu
671 1771 836 1835 Reginenses.
871 1768 934 1820 Nou
952 1769 1014 1831 teni,
1031 1768 1049 1818 i.
1059 1784 1080 1818 e.
1094 1768 1214 1820 moeri.-
1232 1771 1333 1836 quippe

203 1838 332 1888 Pentheus
349 1855 365 1890 a
381 1846 461 1889 matre
479 1840 610 1906 lymphata
626 1840 699 1888 rivus
723 1839 865 1902 discerptus
890 1841 937 1888 est.
971 1835 1039 1887 Male
1067 1836 1148 1901 igitur
1166 1833 1197 1886 τὸ
1218 1837 1272 1887 leui
1289 1839 1334 1888 hic

204 1906 352 1972 praeterunt
369 1907 495 1958 editiones
514 1907 649 1973 quaedam,
668 1906 744 1957 etiam
761 1909 889 1957 recentes:
913 1921 995 1970 neque
1013 1904 1081 1954 enim
1099 1905 1127 1953 in
1145 1920 1175 1953 eo
1192 1904 1251 1956 loco
1268 1905 1334 1956 Tro-

204 1977 323 2037 chaeum,
341 1980 442 2028 utnon
461 1975 499 2039 u,
523 1976 655 2025 admittere
674 1974 738 2024 solet
754 1976 855 2024 Noster.
891 1974 957 2023 Nam
974 1973 1043 2038 quod
1059 1971 1100 2021 vir
1117 1972 1235 2023 cruditus
1253 1974 1281 2023 id
1300 1975 1332 2025 ab

203 2044 297 2093 Alcaeo
315 2040 459 2094 factitatum
476 2043 601 2106 observat,
619 2047 649 2092 ut
667 2043 706 2104 [tr.
725 2044 767 2106 35,
785 2044 800 2094 3
818 2043 911 2106 Bergk]
941 2043 991 2099 „u
1011 2037 1103 2107 Βακχί,
1124 2036 1279 2108 φάρμακον
1298 2035 1330 2091 ‹5’

204 2104 350 2178 ἄριστον,“
374 2116 401 2162 et
424 2112 463 2174 [tr.
483 2113 529 2174 34,
548 2114 586 2173 hl,
615 2106 775 2177 ,,Μελιχρὸν
800 2102 887 2175 αὐτὰρ
912 2104 988 2177 ἀμφὶ
1010 2104 1143 2177 stow,
1169 2109 1196 2157 id
1227 2109 1334 2173 quidem

204 2195 291 2228 verum
315 2184 366 2243 est,
393 2181 437 2230 sed
463 2180 530 2229 nihil
553 2180 586 2229 ad
607 2177 712 2229 Horatii
736 2194 836 2227 morem.
872 2177 941 2233 Quin
964 2182 990 2226 et
1012 2178 1041 2225 in
1059 2176 1190 2241 Sapphico
1207 2177 1333 2240 carmine,

204 2246 361 2298 Trochaenm
390 2248 418 2297 in
444 2247 553 2298 secundo
576 2247 633 2296 loco
656 2261 731 2329 saepe
755 2246 927 2295 adhibuerunt
945 2250 971 2294 et
987 2245 1094 2294 Alcaeus
1113 2248 1139 2294 et
1157 2245 1275 2310 Sappho,
1302 2250 1334 2296 ut

206 2314 246 2377 [fr.
258 2318 281 2378 1,
293 2319 316 2379 1]
336 2314 542 2384 „lIccrcto'qrpcr
560 2306 858 2380 ἆθάνατ’.Αφροδι’τα,
877 2309 1004 2368 ΠαῖΔιὸς
1022 2306 1177 2369 δολόπλοκε,
1197 2309 1334 2382 λίσσομαί

205 2391 272 2433 σε”ε
291 2384 359 2448 quod
377 2389 478 2435 secutus
496 2389 534 2434 est
551 2383 628 2434 etiam
646 2381 773 2444 Catullus,
791 2385 821 2430 ut
838 2381 866 2430 in
883 2380 930 2430 Xl.
949 2384 981 2443 [v.
1002 2383 1027 2443 6]
1046 2378 1118 2444 „Seu
1135 2380 1219 2431 Sacas
1238 2379 1333 2445 Sagit-

206 2451 350 2517 tiferosque
367 2451 516 2503 Parrhase
535 2455 560 2501 et
578 2451 623 2515 LI,
642 2453 674 2512 [v.
695 2451 738 2515 13]
757 2450 878 2511 „Ottum,
898 2448 1014 2510 Catutte,
1034 2449 1083 2497 tihi
1098 2448 1239 2498 molestum
1258 2451 1332 2504 cst“.·

202 2521 287 2572 tamen
296 2519 357 2569 data
369 2535 447 2584 opera
456 2520 549 2569 Noster
564 2534 579 2568 a
594 2518 723 2570 Trochaeo
733 2518 761 2567 in
772 2534 801 2567 eo
813 2517 871 2567 loco
885 2516 1020 2580 abstinuit,
1029 2519 1081 2565 tam
1096 2516 1124 2564 in
1134 2516 1182 2566 hoc
1197 2516 1333 2582 Sapphico

203 2601 287 2646 versu,
297 2602 372 2651 qnam
384 2587 413 2635 in
421 2587 467 2637 illo
476 2587 587 2635 Alcaico.
606 2587 686 2650 quue
699 2587 796 2650 optimo
806 2584 914 2634 consilio
923 2584 1033 2644 tactum3
1052 2598 1143 2649 nempe
1152 2588 1182 2632 ut
1191 2600 1281 2635 versus
1290 2585 1332 2634 illi

206 2654 338 2704 tardiores
352 2654 447 2718 parcito
464 2656 656 2717 grauioresque
670 2657 792 2703 venirent
801 2652 838 2703 od
846 2668 941 2703 cures:
958 2667 1018 2701 nam
1032 2651 1087 2700 sine
1097 2650 1225 2716 spondaeo
1235 2653 1331 2703 celeres

203 2717 311 2770 nimium
328 2720 501 2784 volubilesque
525 2724 551 2770 et
568 2720 622 2770 sine
639 2722 751 2785 pondere
769 2721 891 2770 feruntur.
910 2720 976 2771 Vide
984 2736 1030 2769 nos
1042 2719 1075 2768 ad
1084 2718 1166 2770 Germ.
1177 2720 1226 2781 III,
1238 2722 1262 2772 2.
1273 2738 1296 2771 v.
1309 2724 1331 2772 1.

272 2790 313 2839 23.
334 2787 467 2839 Rhoecum
484 2791 617 2838 retorsisti
634 2789 726 2852 teonis]
763 2790 799 2838 Et
815 2788 908 2838 iterum
926 2787 1008 2837 Caum.
1026 2788 1075 2848 III,
1093 2790 1117 2838 4.
1137 2805 1159 2835 v.
1177 2789 1219 2838 55.
1239 2787 1334 2851 „Quid

203 2856 320 2907 Rhoecus
338 2855 486 2921 evulsisque
504 2859 606 2905 truncis
620 2855 808 2908 Enceladust“
826 2858 868 2905 Ita
884 2872 953 2906 nunc
971 2855 1096 2905 editiones
1113 2855 1251 2920 pleraeque
1269 2872 1332 2906 con-

205 2928 245 2973 tra
263 2923 377 2973 omnium
392 2924 594 2974 membranarum
612 2924 699 2986 fidem,
719 2940 782 2988 quae
800 2940 896 2974 summa
913 2923 1059 2974 constantia
1076 2922 1172 2973 habent
1188 2921 1331 2987 Rhoetum,

204 2990 371 3057 velitatum,
389 2993 428 3042 vel
446 2990 573 3055 Rethum,·
597 2998 628 3042 nt
644 3009 742 3057 semper
759 2992 887 3042 scribatur
903 2992 979 3042 litera
995 2991 1030 3053 T,
1053 3007 1105 3040 non
1123 2989 1151 3042 (t.
1169 2991 1246 3042 Solus
1266 2991 1330 3042 Oru-

205 3060 280 3126 quius
304 3077 335 3112 ex
356 3077 408 3112 nno
433 3061 520 3112 codice
543 3060 640 3127 profert
663 3059 812 3111 Rhoecum:
835 3061 902 3110 idem
926 3064 1011 3110 tamen
1034 3059 1127 3108 fatetur
1152 3057 1171 3107 G
1197 3059 1226 3108 in
1250 3059 1332 3110 litura

203 3129 296 3191 fuisse3
320 3133 349 3180 ut
372 3146 404 3181 ex
426 3131 509 3195 prima
532 3145 609 3179 mann
631 3129 708 3179 etiam
732 3129 781 3179 iste
804 3128 882 3178 codex
906 3127 1049 3179 exhibuerit
1065 3124 1204 3189 Rhoetum.
1240 3128 1331 3193 Neque

205 3197 281 3248 aliter
296 3198 392 3249 habent
410 3199 534 3249 editiones
551 3201 648 3247 veteres
672 3200 731 3247 ante
755 3212 851 3246 annum
867 3196 949 3246 MDL.
986 3195 1144 3258 Quicumque
1162 3194 1266 3260 primus
1281 3196 1330 3246 im·

203 3266 326 3329 mutavit,
351 3268 378 3317 id
395 3266 497 3317 videtur
513 3265 603 3315 secisse
620 3267 772 3315 auctoritate
790 3263 951 3329 Apollodori,
979 3263 1024 3327 qui
1047 3278 1127 3313 unum
1145 3279 1175 3312 ex
1193 3262 1330 3314 Centauris

205 3333 356 3395 POIKON,
382 3332 515 3384 Rhoecum
538 3336 673 3394 memorat,
698 3331 742 3382 lib.
762 3332 809 3381 111.
828 3347 850 3382 c.
870 3334 893 3383 9.
929 3332 1107 3397 ,,Κενταῦροι
1131 3333 1269 3381 ΡΟῙΚΟΣ
1284 3328 1331 3382 καὶ

201 3393 347 3454 ‘thtoc‘·:
372 3415 423 3464 quo
445 3400 520 3451 modo
543 3405 570 3451 et
585 3400 706 3450 Aelianus
722 3399 803 3460 XIII,
824 3402 846 3450 t.
883 3395 953 3462 „Ario
973 3400 1029 3449 τῶν
1052 3395 1209 3464 conscriptor
1229 3395 1331 3454 Ῡλαῖός

205 3481 235 3515 τε
251 3462 298 3514 καὶ
314 3469 476 3528 ΡΟΙΚΟΣ“;
507 3471 533 3517 et
549 3467 719 3518 Callimachus
736 3468 840 3533 Hymno
862 3466 890 3516 in
908 3468 1018 3517 Dianam
1035 3483 1058 3518 r.
1077 3467 1134 3517 221.
1170 3460 1260 3526 „otor
1278 3464 1330 3534 μὲν

210 3530 313 3582 Ῡλαῖον
336 3549 366 3584 τε
388 3531 435 3582 καὶ
458 3528 571 3602 ἄφρονα
594 3537 730 3585 ΡΟΙΚΟΝ
750 3530 869 3585 ἔολπα.“
905 3535 973 3590 Quin
999 3540 1024 3584 et
1047 3537 1148 3599 praeter
1172 3533 1245 3585 illum
1265 3534 1329 3585 Oen-

206 3603 321 3662 tanrum,
339 3616 431 3650 nomen
448 3600 568 3652 Rhoecus
584 3603 688 3653 aliunde
706 3606 760 3652 erat
777 3603 881 3652 Graecis
899 3607 1001 3664 notum,
1018 3606 1049 3651 ut
1066 3602 1203 3652 ΡΟΙΚΟΣ
1220 3602 1279 3665 ille,
1298 3603 1328 3653 de

206 3668 280 3717 cuius
297 3668 425 3718 amoribus
443 3685 501 3719 cum
517 3671 636 3736 Nympha
651 3671 828 3736 Hamadryade
845 3670 903 3720 vide
922 3671 1090 3720 Scholiastem
1108 3669 1241 3735 Apollonii
1259 3671 1328 3721 Rho-

204 3737 242 3786 dii
260 3735 292 3785 ad
309 3736 353 3786 lib.
372 3736 407 3797 II,
425 3752 448 3786 v.
459 3740 517 3788 477.
535 3744 561 3789 et
578 3738 679 3788 Samius
696 3738 909 3788 illeArchitectus
927 3743 952 3788 et
969 3738 1065 3789 Plastes
1082 3736 1151 3801 apud
1168 3737 1329 3788 Herodotum

205 3805 255 3866 III,
273 3806 315 3856 bb.
333 3809 358 3854 et
375 3805 527 3855 Pausaniam
544 3806 591 3857 lib.
609 3805 680 3857 vul.
700 3809 731 3868 [c.
752 3809 783 3858 14
802 3806 818 3872 ὅ
837 3805 862 3873 8]
881 3806 911 3856 de
930 3823 980 3871 quo
998 3811 1023 3855 et
1040 3805 1142 3855 Plinius
1159 3804 1267 3871 XXXV,
1289 3808 1326 3858 12,

207 3872 233 3936 [§
257 3873 314 3935 152]
332 3871 420 3935 „Sunt
437 3875 486 3937 qut
502 3875 531 3922 tu
549 3874 628 3924 Samo
646 3877 747 3939 primos
765 3878 883 3924 corutum
899 3876 1030 3925 Plasttcen
1048 3876 1179 3924 iuvenisse
1196 3874 1328 3924 Rhoecum

206 3944 232 3988 et
252 3937 419 3991 Theodorum
436 3939 575 3992 tradunt.“
600 3941 665 3991 Esto
681 3942 775 4007 igitur,
795 3942 817 3991 si
834 3942 922 4004 velint,
941 3941 1063 3992 Centauri
1081 3956 1173 3991 nomen
1190 3939 1327 3993 Rhoecum:

208 4007 335 4071 quidhoc
353 4007 386 4057 sd
406 4005 555 4086 (ligantem,
581 4008 611 4058 de
629 4025 679 4071 quo
697 4012 752 4074 agit
770 4011 880 4060 Noster?
916 4010 1052 4073 Gigantem
1070 4014 1138 4060 certe
1156 4024 1231 4060 nemo
1250 4010 1326 4060 Grae·

204 4075 385 4207 tiburte?
399 4078 826 4210 ttthhhtthbttdt
840 4076 1236 4212 rttttttbtlttltblt
1252 4078 1327 4197 ht
