2840 4762
502 268 698 318 Dunlcfflo.
1119 271 1157 318 IX

64 421 97 467 ue
121 402 302 483 degeneres
324 404 365 468 ab
386 403 492 470 insitis
512 403 669 468 Familiae
688 403 874 483 virtutibus3
898 422 981 485 qnae
1003 406 1157 490 potentis·

64 532 136 577 mae
158 513 235 576 olim
257 513 532 580 Mosrnmuuuan
565 512 679 580 domus
710 528 783 580 cum
816 517 856 580 ob
890 514 1055 598 sanguinis
1083 534 1157 582 con-

66 622 231 689 nctionem
253 629 321 689 tum
344 623 385 688 ob
406 623 554 689 viciniam
577 623 725 690 amicitiis
747 624 757 708 fl
781 624 959 711 implicata,
981 625 1157 710 ruinaeque
1184 645 1214 698 n.
1230 645 1278 699 xm

64 755 104 798 us
127 732 368 820 propinquitate
388 732 589 821 patrimoniis
611 734 679 801 suis
693 754 845 817 magnam
863 743 988 822 partem
1010 756 1155 814 excussa,

64 842 85 908 tl
118 845 153 909 in
174 844 289 910 accisis
317 850 422 909 tamen
455 844 552 911 rebus
585 844 795 929 fortunaeque
827 847 982 932 pristinae
1013 847 1156 930 reliquiis

64 954 188 1037 gregios
209 953 294 1022 bello
314 956 422 1021 Duces
444 956 472 1023 dt
492 973 573 1041 pace
595 954 767 1022 Senatores
795 955 863 1022 suis
891 976 1050 1041 quemque
1077 966 1156 1024 tem·

64 1066 169 1132 tribus
190 1064 281 1151 Reip.
302 1063 472 1152 praestitit.
516 1063 597 1145 Quis
618 1064 719 1146 enim,
752 1072 788 1133 ut
808 1067 1004 1151 antiquiores
1031 1076 1157 1155 praete-

64 1195 124 1240 am
145 1177 271 1242 Proavo
293 1182 349 1242 tuo
370 1177 496 1242 ΤΗοΜΑ
511 1176 666 1243 Senatore
688 1177 886 1263 sapientior?
907 1179 996 1245 cuius
1019 1178 1047 1245 si
1069 1180 1156 1246 sanis

64 1286 112 1350 im
135 1284 278 1352 consiliis
298 1286 446 1353 Iseonns
472 1286 527 1352 ille
548 1288 565 1352 Ι
587 1292 622 1352 ut
643 1306 770 1366 aurem,
798 1287 844 1354 ita
865 1290 893 1355 b
913 1296 1051 1356 mentem
1072 1308 1158 1355 com·

66 1396 219 1474 odasset‚
246 1416 319 1462 cum
339 1416 442 1463 novae
464 1399 558 1464 aulae
579 1396 744 1465 ienooiniis
771 1418 792 1463 a
812 1399 908 1465 rectis
937 1400 1079 1483 tutisque
1101 1401 1157 1465 ab·

64 1513 177 1573 raetos
199 1507 242 1574 ad
263 1529 364 1595 prava
385 1512 413 1576 b
434 1511 586 1597 ancipitia
606 1511 841 1596 prolaberetur;
870 1528 933 1574 non
961 1510 1072 1592 utique
1098 1511 1157 1575 mi·

64 1618 176 1684 eranda
195 1618 254 1684 illa
274 1621 302 1686 dr
323 1620 463 1685 nefanda
484 1619 685 1697 accidissent,
707 1639 791 1704 quae
806 1619 964 1687 Canobus
984 1620 1070 1687 filius
1085 1620 1157 1687 reli·

64 1728 242 1795 ,osissimus
264 1729 416 1815 Princeps
437 1736 551 1816 postea
572 1750 746 1817 perpessus
768 1741 827 1796 est.
871 1730 931 1796 lile
951 1749 1042 1807 vero,
1064 1751 1157 1816 prae·

64 1858 117 1921 rgo
139 1838 206 1905 iam
227 1838 296 1905 tum
317 1841 497 1906 futurorum
519 1839 641 1918 animo,
669 1860 732 1905 non
755 1842 850 1908 rebus
874 1860 909 1907 se
930 1840 1077 1908 civilibus
1099 1844 1157 1906 im-

66 1950 172 2016 iscere
193 1950 332 2037 amplius
354 1951 472 2017 voluit:
496 1950 554 2017 sed
575 1949 607 2016 in
629 1970 725 2033 agros
748 1970 784 2016 se
799 1970 875 2016 suos
890 1951 1046 2037 recipiens
1060 1951 1157 2017 hone·

64 2060 179 2126 issimo
206 2061 241 2125 in
261 2059 326 2126 otio
348 2060 539 2145 literataque
560 2067 724 2127 senectute
751 2061 975 2144 octogenarius
1002 2061 1047 2127 ibi
1067 2062 1156 2128 vixit.

64 2178 166 2237 nterea
188 2177 295 2237 tamen
317 2171 379 2237 Avi
401 2176 435 2236 tu
457 2172 612 2238 Romnum
633 2172 747 2235 Mr'liub
769 2173 808 2236 de
828 2172 961 2236 Bolnm‘r
981 2172 1155 2259 praeclaris

64 2282 144 2369 peris
167 2282 392 2365 laboribusque
414 2280 509 2346 immo
531 2285 559 2348 b
580 2282 731 2368 periculis
754 2302 814 2348 usa
827 2282 937 2349 Patria
951 2288 1015 2362 est;
1039 2283 1158 2369 quippe

65 2394 91 2459 ui
113 2393 148 2458 in
169 2399 325 2459 conventu
348 2393 538 2460 Senatorum
560 2398 627 2458 tum
655 2412 809 2480 praesens
831 2392 963 2475 agebat,
993 2413 1064 2459 curn
1085 2413 1157 2478 per·

65 2504 198 2570 itissima
212 2502 446 2570 coniuratorum
461 2524 576 2570 manus
592 2502 721 2570 Curiam
737 2502 842 2589 ipsam
857 2503 1046 2569 comitialem
1063 2503 1158 2569 simul

65 2614 124 2679 mni
146 2634 218 2681 cum
239 2615 339 2700 stirpe
359 2613 462 2696 Regia
483 2617 511 2680 dc
533 2614 697 2698 utriusque
719 2614 849 2682 Ordinis
876 2614 953 2681 flore
981 2634 1020 2680 ac
1048 2614 1161 2681 robore

65 2732 164 2791 tntum
191 2745 256 2791 non
283 2724 347 2790 iam
375 2723 512 2792 flammis
540 2724 726 2791 involverat.
776 2726 859 2790 Tum
888 2744 963 2790 vero
990 2727 1160 2792 Parentem

65 2858 129 2901 uum
153 2837 362 2912 Burmann,
390 2835 600 2902 fortissimum
623 2834 911 2916 &integerrimum
940 2835 1059 2919 virum,
1087 2835 1160 2919 quis

66 2948 118 3013 rtis
141 2945 238 3028 digne
259 2948 493 3032 prosequatur?
515 2946 553 3008 de
574 2945 707 3010 Balneis
727 2945 837 3012 itidem
858 2947 1001 3027 Militem,
1025 2946 1083 3011 sed
1104 2945 1160 3029 qui

66 3056 210 3122 ubiliores
238 3057 431 3119 Weecomitr‘s
452 3054 562 3121 titulos
584 3054 708 3121 delatos
731 3054 792 3121 sibi
814 3055 975 3134 reiecerat,
998 3076 1058 3121 sua
1080 3056 1158 3122 satis

66 3217 68 3228 .
82 3166 226 3249 ingenita
240 3166 405 3232 nobilitate
421 3165 621 3251 conspicuus.
644 3167 763 3230 Iseum
779 3186 799 3230 a
815 3165 955 3232 Onuono
966 3167 999 3230 Π
1009 3165 1159 3230 Deuter-

66 3298 112 3340 rm
133 3275 294 3364 praesidio
315 3276 445 3341 militari
460 3276 631 3342 tenendam
646 3275 836 3362 accepissem
860 3276 868 3361 d
882 3274 981 3359 idque
1002 3276 1057 3359 agi
1071 3276 1159 3342 vide·
1187 3285 1217 3338 [n
1231 3286 1292 3339 1111]

67 3394 106 3467 et,
139 3393 174 3452 ut
195 3387 271 3452 urbs
292 3386 356 3454 ista
377 3392 443 3452 tam
464 3394 580 3452 natura
612 3386 673 3452 loci
701 3407 798 3469 quam
827 3406 924 3453 manu
946 3387 1159 3453 munitissima

67 3498 136 3564 'sallo
157 3496 355 3575 venderetur,
378 3496 534 3584 principio
550 3517 676 3563 summa
697 3498 728 3562 vi
749 3497 783 3561 in
799 3496 918 3564 Senatu
937 3498 1157 3571 contendebat,

67 3635 72 3674 ;
93 3609 222 3686 (frustra
243 3607 405 3673 obnitente
426 3608 514 3687 auda)
543 3607 577 3673 in
604 3607 755 3674 inferiore
777 3607 871 3673 domo
901 3608 1095 3694 perfecerat,
1125 3615 1160 3675 ut

67 3739 130 3802 ege
144 3718 218 3794 lata,
235 3738 298 3801 quo
313 3718 446 3785 alienari
461 3736 502 3783 ne
518 3738 669 3802 umquam
684 3725 803 3802 posset,
819 3717 852 3783 in
866 3717 1018 3784 ditionem
1025 3718 1159 3800 Regiam

69 3828 226 3896 ereditarii
252 3826 332 3896 iuris
361 3829 577 3912 redigeretur:
613 3849 718 3913 neque
745 3835 859 3915 postea
889 3828 940 3895 vel
968 3835 1087 3894 terrore
1109 3828 1160 3895 vel

69 3940 189 4006 recibus
210 3939 263 4006 vel
284 3940 386 4025 pretio
409 3959 511 4024 eoque
533 3940 655 4022 ingenti
682 3938 814 4027 perduoi
835 3939 955 4025 potuit,
979 3946 1014 4004 ut
1034 3940 1159 4024 incepto

68 4050 210 4118 esisteret
231 4049 383 4117 urbemre
405 4049 555 4116 traderet.
598 4050 804 4116 Praefectura
832 4050 931 4133 igitur
959 4055 1101 4127 amotus,
1133 4051 1161 4115 dr

68 4180 225 4228 uccessore
246 4159 309 4228 sibi
322 4162 421 4229 misso
437 4160 633 4226 Britanniam
649 4180 807 4240 reversus,
829 4160 863 4226 id
877 4160 1013 4245 primum
1032 4159 1160 4226 miranti
