2834 4758
228 186 290 248 300
625 199 956 259 cuccumellum·

312 333 517 398 Libidinosus
538 333 744 399 inmolabitur
765 353 871 418 ceper,

354 419 395 483 Et
416 439 502 501 agne
523 418 794 502 Tempestatibus.
861 468 863 472 v

756 588 814 653 ΧΙ.

590 705 663 769 AD
700 703 982 770 PET'IIUM.

311 838 405 915 Ριιιι,
428 838 590 915 nihilne,
613 839 696 906 sicut
717 846 821 924 antee,
844 837 934 904 iuvat

226 1023 284 1060 aves
296 1007 432 1070 differant,
451 1023 487 1057 aa
497 1014 671 1058 consumatur
681 1010 792 1059 canitae
802 1008 866 1058 data
873 1006 976 1073 praeda
985 1008 1107 1071 enaritate,
1118 1007 1186 1072 qaid
1196 1008 1236 1058 ad
1245 1008 1355 1057 ιἸΙιιιιιιιί

225 1104 259 1116 -
278 1077 305 1141 [ξ
318 1078 361 1138 35]
396 1073 476 1139 „Non
497 1081 638 1138 conterret,
662 1079 760 1141 inquit,
777 1092 819 1127 me
835 1091 884 1125 aec
901 1090 995 1138 ιιιιιιιι,
1013 1090 1062 1125 ιιι
1078 1074 1189 1141 proiecti
1207 1076 1248 1125 ad
1266 1081 1351 1126 coatu-

225 1145 332 1196 meltum
361 1143 502 1194 cadmea
526 1144 672 1208 laceratio,
695 1144 776 1206 foeda
799 1145 914 1194 ιιιιιιιέια
933 1170 964 1180 -
992 1145 1019 1208 [ξ
1036 1146 1079 1205 35]
1114 1143 1217 1207 „Quem
1241 1145 1353 1194 saeuitia

225 1212 369 1278 proiecerit,
395 1211 451 1261 dies
475 1211 595 1264 condet.“
629 1214 642 1261 I
666 1228 744 1275 nunc,
769 1216 795 1262 et
817 1211 910 1262 mirare
933 1214 972 1260 tot
990 1211 1105 1261 eruditos
1128 1211 1289 1277 interpretes
1307 1216 1354 1260 tam

225 1282 390 1346 neglegenter
418 1279 460 1328 hic
490 1295 543 1330 esse
567 1286 686 1331 versatos.
728 1281 844 1331 Ceterum
869 1280 969 1330 codices
998 1279 1079 1329 nostri
1103 1279 1135 1329 ad
1160 1295 1244 1330 unum
1269 1295 1353 1329 omnes

226 1351 331 1408 Iacerit,
358 1351 389 1397 nt
414 1351 440 1397 ιι
460 1347 589 1398 Torrentii
607 1353 632 1398 et
649 1348 758 1398 aliorum
776 1365 833 1398 cum
852 1347 1010 1398 editionibus
1028 1347 1143 1397 vetustis.
1180 1347 1261 1397 Solus
1279 1348 1352 1397 Lam·

224 1418 301 1467 binus
320 1416 347 1463 iu
365 1418 423 1465 octo
441 1415 501 1475 suis,
527 1416 549 1464 si
573 1415 696 1466 credibile
715 1418 760 1478 est,
779 1418 880 1466 iacere
897 1415 1004 1465 invenit.
1041 1415 1090 1465 Sed
1107 1414 1290 1480 undecumque
1307 1416 1352 1463 hoo

225 1483 351 1545 habuerit,
370 1482 426 1532 sine
443 1482 522 1532 dubio
539 1489 636 1534 rectum
654 1489 708 1544 est3
733 1488 758 1534 et
775 1500 791 1533 a
808 1484 910 1534 Barthii
928 1484 1014 1533 codice
1034 1483 1135 1534 advers.
1153 1482 1295 1546 XXXVII,
1316 1485 1351 1533 15.

226 1558 252 1605 et
275 1551 432 1602 Adnotatore
456 1549 603 1615 Oraquiano
630 1552 802 1605 confirmatur.
844 1552 960 1613 tauma,
987 1551 1032 1612 ait,
1057 1553 1174 1616 paveris.
1211 1553 1250 1601 Et
1273 1551 1353 1601 miror

225 1619 341 1685 equidem
365 1618 431 1668 illud
448 1619 555 1669 alterum
579 1620 706 1685 placuisse
730 1621 827 1684 optimo
844 1619 994 1679 Torrenti03
1018 1634 1069 1669 non
1087 1618 1314 1681 animadvertenti,
1333 1618 1352 1666 si

225 1690 325 1741 iuverat
348 1687 468 1752 legamus,
494 1691 547 1737 tum
570 1688 695 1738 incertum
713 1689 781 1751 tore,
805 1693 891 1738 utrum
914 1688 970 1752 ipse
988 1687 1109 1752 Maevius,
1129 1703 1161 1735 an
1179 1688 1267 1750 quivis
1287 1686 1350 1737 alius

225 1774 255 1809 ex
274 1758 374 1807 navitis
390 1757 455 1819 saie,
473 1771 507 1805 an
525 1756 601 1805 simul
625 1772 720 1818 omnes,
743 1757 785 1806 hic
807 1755 911 1822 pracda
932 1769 1088 1819 mergerem
1105 1755 1273 1819 intelligendi
1293 1755 1351 1804 sint.

225 1825 375 1877 Tollendum
398 1823 479 1887 igitur
504 1823 569 1873 illud
592 1824 753 1888 ambiguum
785 1840 866 1890 neque
891 1839 951 1874 sane
970 1823 1040 1874 aliud
1057 1822 1089 1873 ab
1107 1822 1219 1873 indoctis
1238 1821 1351 1873 librariis

224 1891 409 1959 expectandum
426 1897 488 1952 erat,
507 1908 582 1955 quam
600 1897 629 1942 ut
646 1895 746 1943 iuuerit
761 1892 803 1943 hio
822 1892 1021 1952 substituerent3
1041 1891 1108 1955 quod
1125 1890 1151 1940 vi
1175 1896 1201 1941 et
1218 1891 1277 1957 lege
1295 1905 1350 1957 syn·

225 1968 312 2013 taneos
330 1960 472 2009 necessario
490 1959 532 2008 hic
550 1960 646 2023 requiri
664 1976 711 2025 pro
729 1960 873 2011 eruditione
893 1976 939 2009 sua
956 1959 1126 2010 crediderunt.

291 2028 390 2079 EPOD.
397 2027 442 2077 XI.
451 2056 485 2063 —
494 2026 634 2077 Pessimum
640 2028 684 2078 hic
692 2027 818 2092 flagitium
828 2028 897 2089 feeit,
914 2028 1011 2092 alioqui
1021 2027 1051 2077 de
1060 2028 1153 2077 Flacco
1161 2026 1226 2078 bene
1237 2027 1350 2079 nerins.

224 2096 385 2148 doctissimus
395 2095 542 2145 Lambinus.
569 2094 633 2145 Cum
644 2096 712 2146 enim
722 2101 797 2149 antee
808 2096 902 2162 ubique
921 2095 957 2146 sic
967 2111 1053 2147 versus
1064 2095 1245 2157 mederentur,
1264 2095 1352 2160 „Pettr'

223 2166 294 2217 nibil
302 2182 351 2228 eae,
360 2167 431 2214 acac
439 2169 527 2228 antea,
536 2165 613 2213 tanat
625 2194 650 2201 -
663 2163 786 2215 Scribere
795 2164 948 2228 ιινιὶιιιὶοι,
967 2178 1059 2214 amore
1072 2163 1224 2227 percuterem
1235 2164 1350 2229 gract‘:

223 2239 249 2284 et
273 2232 392 2284 similiter
414 2232 442 2281 in
466 2232 557 2298 Epodo
574 2231 648 2293 XIII,
680 2232 816 2296 „Homida
842 2237 981 2298 tmpestas
1009 2231 1112 2282 caelum
1135 2235 1294 2296 contraxit,
1327 2235 1352 2279 et

223 2303 320 2352 imbres
330 2298 753 2365 -Niueaqaededacucatlocem
771 2315 844 2351 nanc
860 2316 935 2350 mare
952 2314 1025 2349 nanc
1041 2300 1159 2349 sititae‘:
1178 2299 1280 2364 primus
1298 2298 1348 2356 ille,

222 2370 325 2436 partim,
344 2368 437 2430 nteit,
455 2368 606 2418 Buchanani
623 2368 776 2418 auctoritate
793 2373 892 2429 motus,
910 2367 1004 2433 partim
1023 2367 1123 2416 codices
1142 2367 1266 2431 quosdam
1285 2366 1349 2417 anti·

223 2437 359 2502 quissimus
382 2442 497 2498 secutus,
522 2437 647 2486 alternum
665 2451 788 2501 quemque
811 2452 910 2486 versum
933 2435 960 2485 in
985 2433 1059 2484 binos
1083 2435 1172 2484 divisit
1196 2435 1244 2485 hoc
1268 2435 1348 2495 modo,

222 2505 365 2570 „Scribere
373 2505 525 2566 versiculos,
535 2532 568 2542 -
578 2506 677 2555 Amore
690 2504 841 2568 percuterem
857 2506 972 2569 grao·e‘“.·
992 2509 1025 2563 et,
1044 2500 1197 2567 „Niuesque
1214 2503 1349 2554 deducunt

223 2574 318 2634 Ιουιιι,
329 2600 364 2610 -
375 2571 455 2622 Nunc
472 2587 553 2629 mare,
572 2588 645 2622 nane
661 2572 774 2622 ididae.“
798 2576 824 2622 et
833 2571 954 2637 deinceps
971 2571 1038 2621 idem
1050 2587 1105 2621 mos
1122 2571 1149 2620 in
1161 2571 1283 2621 omnibus
1301 2571 1349 2621 fere

223 2638 380 2691 editionibus
398 2638 519 2699 obtinuit,
538 2639 654 2701 Dauniis,
673 2640 772 2705 opinor,
790 2640 872 2690 Musis
889 2655 951 2705 prae
968 2639 1054 2688 dolore
1073 2637 1278 2689 lacrimantibus.
1314 2638 1348 2688 De

223 2724 249 2759 re
267 2708 325 2771 ipsa
341 2722 398 2757 mox
418 2706 571 2756 videbimus:
588 2713 616 2756 at
632 2708 700 2772 quod
718 2707 817 2757 codices
834 2708 877 2759 hia
895 2707 969 2758 nobis
980 2706 1096 2757 obtrudit
1109 2705 1190 2757 bonus
1198 2707 1347 2765 Lambinus,

223 2790 278 2824 cras
296 2773 378 2833 credo,
396 2773 472 2824 hodie
489 2773 562 2823 nihil.
599 2774 650 2824 Ilm·
668 2776 735 2825 enim
754 2776 856 2826 'codtces
873 2776 1002 2840 quaerelam
1025 2775 1067 2825 hic
1085 2775 1202 2824 universe
1226 2778 1349 2826 memorat

222 2842 287 2893 male
305 2842 420 2892 titubans
438 2847 463 2893 et
480 2841 538 2891 salsi
556 2845 691 2893 conscius?
709 2860 814 2893 curnon
826 2843 984 2908 singulatim,
1001 2848 1031 2892 ut
1048 2843 1120 2903 solet,
1138 2842 1348 2893 velVaticanum.

223 2910 261 2962 vel
279 2910 373 2960 Faerni
389 2910 429 2959 vel
446 2910 524 2960 alium
543 2912 675 2960 nominat?
703 2913 815 2961 certain
834 2910 952 2961 omnibus
978 2911 1072 2961 nostris
1097 2910 1211 2961 alternus
1228 2910 1275 2960 ille
1294 2927 1346 2963 ver·

223 2995 265 3031 sus
283 2980 375 3029 unicus
394 2984 445 3041 est,
471 2995 521 3028 non
540 2980 669 3043 geminus:
696 2984 772 3044 atque
796 2981 833 3029 ita
851 2995 937 3029 omnes
954 2984 1055 3044 praeter
1073 2978 1227 3028 Lambinum
1246 2980 1277 3029 in
1298 2978 1347 3029 suis

222 3052 384 3114 repererunt;
401 3047 440 3096 ita
458 3047 577 3096 exhibent
595 3047 746 3107 Loecherus‚
765 3052 790 3097 et
807 3047 898 3097 Editio
916 3047 1156 3111 princepsVeneta;
1180 3048 1218 3096 ita
1236 3046 1345 3112 denique

223 3115 389 3170 Grammatiei
412 3120 508 3165 veteres
539 3114 656 3175 citant‚'
666 3121 692 3164 et
715 3115 873 3165 Scholiastee
899 3115 1056 3165 confirmant.
1092 3114 1202 3165 Rubrice
1231 3116 1347 3166 codicum

221 3185 356 3236 Leidensis
385 3186 411 3234 st
434 3183 571 3233 Graeviani
601 3183 637 3232 sic
662 3183 753 3232 habete
788 3184 808 3232 Ι,
835 3186 971 3234 ternarias
995 3184 1107 3233 tumbae.
1139 3183 1173 3231 11.
1198 3183 1347 3249 quadratas

222 3255 382 3318 compositae
406 3250 549 3315 adactyto
574 3253 603 3299 in
620 3252 744 3301 tamtam.
780 3251 906 3302 Similiter
927 3251 978 3302 fere
996 3252 1094 3300 Acron:
1119 3250 1235 3301 Metram
1257 3255 1345 3316 primo

222 3335 300 3371 cerea
327 3321 476 3369 tenariam
502 3320 652 3368 iambicum.
698 3318 837 3371 Secundae
864 3335 898 3369 ecc
929 3320 1133 3384 penthemimera'
1159 3318 1296 3385 dactyb'ea
1323 3320 1346 3368 et

222 3387 344 3437 iambica.
371 3385 430 3434 Atti
446 3384 541 3435 dicuat
557 3401 611 3435 caea
629 3389 777 3436 ternariam
795 3389 953 3447 iambicam,
973 3393 999 3437 et
1015 3382 1049 3441 ΙΙ.
1069 3386 1233 3451 quadratam
1250 3402 1267 3436 a
1286 3387 1345 3437 dac·

222 3453 278 3520 tyto
297 3459 323 3504 et
340 3452 463 3503 lambino.
499 3453 645 3503 Eorundem
669 3460 694 3504 et
711 3454 863 3518 Reginensis
880 3455 993 3505 Robrica
1016 3454 1048 3504 ad
1064 3454 1148 3520 Epod.
1167 3469 1224 3504 1111.
1243 3455 1264 3504 Ι.
1293 3470 1346 3519 „se

220 3524 316 3573 aeriae
338 3522 436 3586 apicas.
476 3521 511 3570 ΙΙ.
529 3520 678 3587 quadratae
705 3538 721 3571 a
745 3524 833 3572 iambo
860 3525 888 3572 ta
913 3522 1048 3588 dactylon.
1083 3523 1118 3571 Δι
1134 3520 1248 3572 Robrica
1270 3521 1345 3587 Regi·

221 3590 307 3641 neuris
325 3589 357 3640 ad
370 3588 480 3653 Epodon
498 3590 565 3639 hune
581 3605 615 3638 xi.
641 3590 728 3654 paullo
752 3590 851 3641 diversa
869 3596 920 3641 est:
947 3596 1061 3641 meterem
1077 3592 1166 3655 primo
1184 3605 1263 3640 verra
1282 3593 1345 3640 iam·

221 3662 296 3710 dicere
313 3659 455 3719 amarias,
474 3658 605 3707 secandae
618 3657 723 3721 elonga
741 3660 870 3708 iambicus
888 3658 1029 3708 scanditur
1046 3660 1094 3722 tta,
1112 3657 1255 3721 „Scribere
1269 3657 1274 3724 1
1291 3674 1344 3708 aar·

219 3730 278 3779 sica
293 3728 297 3792 Ι
313 3726 352 3777 loe
367 3727 371 3791 Ι
388 3740 447 3777 aeno
463 3723 467 3792 Ι
482 3742 512 3775 re
528 3742 578 3791 per
592 3724 596 3791 Ι
612 3726 714 3776 metram
730 3723 733 3792 Ι
747 3728 855 3790 graci.“
878 3725 929 3775 Ubi
938 3742 985 3790 pro
1001 3725 1106 3790 elonga
1123 3726 1261 3789 iambicum,
1280 3724 1344 3790 quod

220 3795 319 3846 nullum
342 3810 443 3844 censum
467 3793 556 3855 habet,
588 3793 766 3857 corrigendum
791 3795 1011 3859 elegoiamde'caa,
1037 3799 1065 3844 ut
1089 3792 1216 3858 Oruquius
1239 3794 1268 3844 in
1294 3794 1343 3844 suis

141 3869 144 3877 '
220 3864 332 3924 invenit,
358 3862 517 3926 compositus
540 3877 631 3926 nempe
655 3877 686 3911 ex
708 3862 831 3925 Elegieco
857 3878 930 3912 versu
950 3867 975 3912 et
992 3861 1114 3914 Iembioo.
1151 3861 1343 3925 utegsamoam,

220 3935 246 3981 et
268 3931 382 3982 vicissim
406 3930 584 3995 lambelegam
607 3929 685 3980 habes
709 3930 777 3995 apud
800 3929 910 3980 Marium
937 3930 1099 3983 Victorinum
1122 3946 1147 3994 p.
1166 3931 1242 3981 2592.
1262 3932 1342 3992 [exta]

217 3991 389 4064 Ἰαμβέλιγιν
406 3997 475 4063 apud
492 3998 708 4062 Hephaestionem
726 4013 751 4062 p.
770 4000 811 4051 51.
847 4001 927 4048 Porro
945 3998 1007 4063 qnid
1030 3999 1058 4047 in
1076 3997 1164 4048 alteris
1181 3996 1303 4047 Rubriois
1321 4005 1344 4046 et

219 4068 318 4117 Acrone
336 4064 485 4129 quadratae
502 4066 553 4117 sibi
570 4064 640 4125 velit,
658 4082 709 4115 non
728 4079 830 4126 omnes,
849 4067 948 4131 opinor,
967 4066 1058 4116 sciunt
1094 4064 1221 4129 Equidem
1240 4081 1341 4129 corrup·

220 4136 274 4181 tum
301 4149 354 4182 esse
379 4132 437 4181 dico
463 4148 493 4182 ex
517 4133 613 4182 Graeco
637 4133 759 4182 vocabulo
786 4148 832 4198 per
848 4134 956 4183 Latinos
979 4133 1098 4184 librarios
1123 4132 1215 4183 vitiose
1239 4134 1341 4199 scripto,
