2818 4758
199 221 260 280 1²2
585 231 620 289 a
640 230 783 277 nonam
801 228 927 275 nacci

279 366 462 445 [humone
481 370 628 428 nostrum
648 362 828 427 incredibili
848 362 945 426 modo

280 448 451 515 Consentit
470 456 605 512 utrum
626 458 660 512 te
679 448 768 512 Iovis
788 447 877 532 inpio

322 534 443 598 Tutela
463 534 605 598 Saturno
625 534 792 612 reiuigens

366 618 504 702 Eripuit
525 618 729 700 volucrisque
749 617 810 681 tati

239 718 272 768 ὅ
284 703 442 768 Tardsrit
462 703 551 779 alas3
571 723 646 766 cum
666 704 808 787 populus
827 702 982 783 frequens

278 791 417 854 hetam
439 787 574 852 thmuis
594 796 645 851 ier
663 788 790 871 «πρῶϊ
809 806 941 850 mum:

322 875 376 938 hie
396 880 530 936 huncne
550 873 698 937 mhbaus
717 873 850 936 cerebro

367 957 562 1031 Sustnlerat,
581 957 647 1022 nisi
665 959 801 1022 Faunus
820 956 919 1020 ictum
945 1010 950 1015 .

280 1045 407 1108 Dextra
427 1042 577 1113 terassa.
597 1041 835 1106 Mercurialium

239 1142 272 1191 so
284 1128 403 1193 Custoe
423 1128 575 1191 virorum.
596 1128 732 1192 reddere
751 1126 899 1191 uictimas

326 1212 514 1293 Aedemque
534 1212 674 1276 votivam
694 1220 873 1276 memento:

367 1299 437 1362 Nos
456 1297 611 1363 humilem
631 1297 786 1362 feriemus
806 1316 935 1378 agnam

699 1497 820 1563 xml.

283 1652 357 1714 Non
377 1651 468 1725 ebur,
488 1668 595 1730 neque
617 1669 751 1713 aureum

367 1736 440 1799 Mea
461 1735 585 1799 renidet
605 1734 640 1797 in
661 1734 756 1798 domo
777 1733 925 1796 lacunar:

201 1921 277 1971 etiam
294 1919 352 1984 ipsa
368 1920 498 1968 senoentia
513 1924 648 1984 repugnat
666 1920 711 1968 Sic
727 1920 797 1968 enim
813 1920 911 1968 Graeca
927 1918 990 1968 haec
1006 1916 1127 1966 ruenda
1144 1919 1243 1974 essent3
1261 1912 1323 1964 Non

202 2005 268 2039 earo
287 1989 404 2052 Gygen,
430 1988 513 2036 m‘kilr·
535 1987 609 2048 sario
628 1986 729 2052 Gygen
747 1987 877 2037 Sardium
898 2002 996 2050 regen„
1029 1986 1101 2049 Ergo
1118 1989 1174 2033 tum
1191 1984 1278 2048 Gyges
1295 1982 1323 2030 in

201 2058 266 2107 riris
283 2072 338 2105 esse
354 2054 451 2114 debuit,
469 2071 528 2105 eum
543 2061 634 2104 auctm
649 2057 712 2105 haec
729 2056 867 2105 scriberet:
890 2060 918 2104 at
934 2054 980 2103 diu
997 2058 1057 2102 ants
1073 2056 1258 2102 Anacreoutom
1278 2065 1323 2099 ua·

202 2131 256 2174 tum
266 2126 351 2189 Gyges
368 2123 413 2171 ille
429 2123 461 2171 ad
479 2123 566 2188 plures
582 2123 689 2173 abierat
714 2123 755 2172 Tu
773 2140 831 2171 rem
847 2123 912 2186 lege,
928 2117 995 2179 „05
1010 2137 1060 2188 μοι
1076 2118 1152 2188 μέλει
1168 2117 1204 2168 τὰ
1222 2113 1323 2184 Γύγεω,

202 2193 257 2242 Τοῦ
273 2189 404 2259 {apator
420 2185 566 2246 fiuntcc!
587 2192 637 2240 hoe
654 2196 706 2251 cst,
730 2189 821 2241 ,b'r'tr‘li
836 2194 945 2240 autin
963 2205 1026 2254 oper
1045 2187 1144 2254 Gygis,
1167 2187 1237 2248 sive,
1255 2201 1323 2251 quos

203 2261 292 2326 Gyges
308 2261 373 2308 olim
390 2260 491 2308 tatuit
526 2259 593 2309 Nara
609 2265 641 2308 ut
655 2259 771 2322 Alpheus
787 2258 845 2319 ille,
863 2275 938 2322 quem
954 2273 1034 2322 supra
1050 2256 1199 2316 citavimus,
1223 2254 1261 2304 ita
1278 2254 1321 2302 hic

201 2329 313 2392 scriptor
330 2328 364 2388 (si
380 2327 404 2375 is
420 2333 460 2376 est
475 2329 623 2377 Anacreon:
647 2342 707 2376 nam
724 2343 756 2376 ex
772 2328 820 2387 iis,
843 2342 908 2390 quse
931 2324 979 2375 sub
1001 2325 1057 2374 eius
1074 2325 1177 2373 nomine
1194 2322 1270 2372 hodie
1288 2321 1324 2370 tc·

201 2403 306 2455 rantur,
331 2395 412 2443 multa
435 2395 524 2460 spuria
547 2400 617 2449 suntt
639 2402 727 2459 aperte
749 2395 827 2445 nimis
848 2395 965 2444 imitatus
988 2400 1028 2443 est
1049 2391 1157 2442 eundem
1174 2389 1323 2440 Archilochi

200 2464 293 2523 iocum,
311 2456 370 2524 „05
386 2479 437 2528 μοι
455 2465 499 2511 ΤΔ
516 2465 638 2513 rma
654 2463 705 2512 τοῦ
722 2458 896 2529 noirqprioov
909 2463 1060 2511 ΜΕΔΕΙ.“
1077 2458 1220 2509 Alexander
1238 2464 1322 2507 tamen

201 2531 321 2590 Aetolus,
348 2536 377 2578 ut
399 2530 428 2577 in
450 2531 493 2579 his
509 2546 571 2580 saus
587 2532 731 2595 peregrinis
748 2529 896 2579 nominibus
912 2530 994 2578 maior
1011 2534 1051 2578 est
1066 2528 1187 2586 licentia,
1210 2526 1323 2589 priorem

201 2599 230 2648 in
248 2594 335 2661 Γύγης
351 2598 491 2660 corripuit,
507 2598 700 2662 Epigrammate
717 2599 747 2647 iu
763 2598 923 2657 Alcmenen,
946 2597 1015 2661 quod
1032 2597 1123 2645 vitiose
1140 2594 1238 2644 editum
1255 2592 1324 2658 apud

202 2665 367 2714 Plutarchum
386 2661 450 2729 Περὶ
468 2667 560 2727 φυγῆς
577 2668 609 2726 [ο.
627 2668 668 2727 21,
686 2667 825 2716 correctius
842 2672 869 2715 et
884 2666 1011 2729 integrius
1028 2664 1101 2713 dedit
1116 2679 1151 2712 ex
1167 2661 1324 2724 Authologia

201 2732 301 2782 inedita
324 2730 409 2778 Lucas
431 2731 583 2781 Holstenius
606 2733 639 2781 ad
662 2735 750 2798 Stepb„
774 2735 925 2799 Byzantium
949 2737 978 2795 [a
996 2749 1028 2781 Ὗ.
1045 2727 1197 2780 Δασκύλιον
1220 2745 1246 2793 p.
1264 2730 1322 2790 921:

201 2796 281 2857 „Kal
296 2796 404 2864 μούσας
420 2794 505 2859 ἐδάην
515 2798 696 2858 stauretur,
723 2796 756 2850 αἵ
775 2819 811 2869 με
835 2796 979 2865 τυράννων
996 2800 1090 2861 θῆκαν
1106 2793 1249 2848 Aeneiae)
1267 2793 1323 2864 μεί-

203 2868 268 2926 ζονα
284 2862 331 2915 καὶ
340 2862 461 2930 Γύγεωέ(
489 2867 529 2915 Ita
547 2884 615 2917 nunc
632 2869 713 2918 fertur
730 2877 838 2934 utroque
854 2864 1075 2919 locodaoadieor:
1093 2868 1213 2916 mendose
1231 2870 1323 2924 tamen

202 2935 254 2985 nisi
272 2934 372 2983 auctori
388 2950 497 2984 errorem
515 2936 602 3000 potius
618 2954 695 3000 quam
709 2938 837 2987 Librariis
853 2939 990 3001 impingua
1017 2936 1121 3000 Quippe
1129 2933 1253 3000 Dascylus
1271 2933 1323 2982 sire

202 3003 321 3069 Dascylos
339 3002 420 3068 Gygis
436 3008 510 3067 pater
526 3021 578 3054 non
598 3010 721 3070 tyrannus
744 3012 812 3066 crat,
836 3005 881 3054 sed
904 3006 1026 3069 privatus.
1060 3007 1114 3052 Aut
1135 3000 1255 3066 scripsit,
1280 3004 1325 3049 aut

202 3071 335 3137 scripsisse
353 3071 454 3131 debuit3
480 3072 598 3133 „Oinoa
615 3069 779 3123 Κανδαύλεω
796 3071 910 3140 μείζονα
926 3074 972 3122 καὶ
988 3067 1111 3136 Γόγεω.“
1139 3071 1178 3119 De
1196 3068 1323 3119 Candaule

202 3146 227 3188 et
244 3142 316 3206 Gyge
334 3141 450 3206 tyrannis
467 3146 530 3190 nota
546 3148 585 3190 cst
601 3141 718 3191 historia.
753 3142 825 3196 Quae
841 3142 935 3199 omnia,
952 3145 983 3190 ut
999 3139 1032 3189 ad
1047 3138 1185 3188 Horatium
1203 3142 1322 3196 revertar,

202 3207 307 3257 dubium
324 3208 426 3273 quidem
443 3208 551 3269 iaciunt,
571 3207 699 3274 Gygerne,
716 3225 750 3258 an
768 3208 837 3275 Gyer
853 3210 890 3258 sit
905 3208 950 3258 ille
967 3207 1139 3258 centimanus.
1167 3206 1221 3254 Nos
1240 3210 1322 3254 tamen

202 3274 313 3338 plurium
337 3276 490 3340 scriptorum
507 3278 685 3326 auctoritatem
711 3279 804 3338 secuti,
829 3278 902 3340 prius
924 3276 991 3325 illud
1014 3274 1194 3342 praetulimus:
1223 3273 1323 3322 rectene

201 3356 235 3396 en
253 3357 333 3403 secus,
351 3360 433 3407 neque
451 3346 517 3394 scire
535 3361 602 3394 nune
621 3345 659 3394 tas
677 3350 723 3407 est,
741 3361 788 3394 nec
805 3344 886 3394 hilum
904 3344 1023 3393 interest:
1040 3358 1123 3407 neque
1140 3342 1211 3391 enim
1220 3339 1321 3390 Horatii

203 3407 271 3456 salus
288 3410 316 3456 in
334 3409 382 3458 hoc
400 3410 503 3461 nomine
520 3413 636 3462 vertitur.

271 3476 312 3526 23.
332 3474 508 3541 Volucrisqae
529 3478 585 3538 fati
604 3478 733 3529 Tor-ducit
750 3478 817 3540 olas]
841 3478 962 3528 Lambini
986 3477 1090 3543 quidam
1107 3476 1224 3538 codices,
1250 3478 1321 3525 Bers-

203 3542 291 3592 menni
308 3557 389 3606 unus,
413 3549 439 3592 et
461 3561 492 3594 ex
514 3547 608 3596 nostris
626 3548 755 3596 Petrensis
778 3562 835 3595 eum
851 3546 976 3596 Editione
998 3545 1122 3596 Loscheri
1146 3543 1258 3604 habent,
1281 3558 1323 3592 oo·

204 3609 297 3659 lucres.
333 3610 369 3660 Et
391 3610 429 3660 sic
453 3612 529 3661 etiem
551 3613 647 3678 legitur
668 3615 736 3678 apud
760 3615 876 3664 Servium
902 3615 934 3664 ed
958 3620 1020 3663 Aen.
1037 3613 1088 3674 IV,
1112 3614 1171 3665 610.
1208 3612 1278 3668 Quin
1300 3614 1322 3661 et

203 3677 354 3728 vetustiores
376 3677 549 3741 membranae,
574 3698 638 3745 quae
662 3683 783 3732 exhibent
806 3682 935 3745 volemis,
961 3682 989 3731 id
1012 3697 1043 3731 ex
1066 3681 1173 3743 antiqua
1196 3677 1322 3730 scribendi

204 3746 303 3796 ratione
326 3751 442 3805 servant3
466 3752 496 3796 ut
518 3764 607 3812 nempe
631 3752 666 3799 sit
683 3751 769 3814 quarti
786 3766 859 3799 casus
883 3750 983 3799 numeri
999 3748 1122 3814 pluralis,
1146 3764 1198 3798 non
1216 3746 1322 3812 genitivi

203 3814 349 3879 singularis,
384 3814 421 3863 Et
443 3814 480 3864 sic
504 3815 532 3865 in
549 3816 597 3866 hae
620 3823 708 3867 nostra
731 3818 844 3867 editione
861 3817 944 3883 accipi
962 3817 1034 3878 volo,
1058 3817 1190 3879 volucris,
1213 3817 1262 3866 hoc
1280 3820 1322 3874 est,

204 3882 331 3932 volume.
366 3880 520 3945 Elegantius
538 3888 605 3933 certe
624 3886 745 3935 volucres
763 3886 821 3935 olor
837 3884 906 3948 sati,
932 3902 1007 3949 quam
1026 3885 1085 3935 alos
1102 3884 1158 3945 soti
1174 3883 1322 3934 colueris“:

204 3949 296 4000 Noster
313 3948 395 3999 Germ.
405 3950 453 4012 lii,
463 3951 504 4011 29,
515 3953 556 4002 53.
575 3951 606 4000 de
622 3953 750 4002 Fortuna:
774 3953 888 4015 „Lam
906 3960 1071 4003 manantem:
1087 3954 1113 4001 ri
1126 3951 1221 4002 celeres
1239 3951 1323 4016 quatit

204 4017 318 4078 Pennas,
335 4018 443 4080 resigno
461 4033 530 4081 picae
547 4018 645 4068 dedite
680 4021 752 4085 Virg.
770 4023 833 4072 rien.
853 4020 880 4081 V,
905 4023 963 4072 217.
998 4020 1098 4086 „Roda
1115 4021 1167 4070 iter
1185 4018 1322 4084 liquidum,

204 4083 296 4135 celeres
320 4099 405 4148 nepita
429 4091 574 4135 commovet
596 4087 675 4137 elas.“
710 4088 782 4137 Orid.
800 4091 854 4136 Art.
873 4089 912 4153 II,
938 4093 980 4140 45.
1016 4088 1183 4152 ‚diemtgr‘um
1209 4087 1320 4136 volucres

206 4149 325 4216 disponit
343 4153 371 4200 in
390 4151 486 4202 ordine
502 4160 626 4218 pennas.“
