2840 4752
206 243 270 305 446
595 253 628 314 q.
649 252 792 301 nonsnn
810 249 935 339 nacor

206 392 248 442 lix
255 390 305 451 bis,
321 389 422 454 opinor,
438 387 539 438 abunde
555 392 658 438 eonstat
666 385 788 452 Cstppam
803 386 858 436 sire
868 384 977 451 Carpum,
992 384 1089 450 grande
1106 400 1150 435 ru
1166 402 1239 446 esse3
1257 386 1331 437 euius

207 458 310 523 quidem
333 456 518 518 aedilieaasdae
543 457 668 506 ationem
692 455 768 504 donet
790 452 854 503 dato
878 469 936 518 esp.
952 452 1025 504 m.
1059 453 1135 509 Quod
1159 460 1252 504 auten
1279 453 1330 502 riri

207 526 302 578 eruditi
325 526 445 585 tradunt,
470 539 580 589 cuppam
603 524 681 573 etiam
702 521 823 588 poculum
846 528 949 583 notare,
972 523 1053 571 utin
1076 521 1175 585 linguis
1191 521 1332 572 hodiernis

208 593 279 659 Grap,
296 598 323 643 et
339 593 408 658 apud
423 592 581 658 Hesychium
597 587 702 656 Κόββι,
720 587 871 656 nutrieram
896 590 925 639 id
941 606 1001 640 ssne
1018 591 1099 653 gratis
1116 590 1210 640 dieunt
1225 597 1258 640 et
1274 590 1333 639 sine

206 662 261 712 ullo
286 666 396 711 anetore.
436 661 524 725 Ipsum
549 660 617 709 euim
643 658 764 725 Hesyebii
790 655 887 723 Κόββιι
911 658 1060 708 mendosum
1086 664 1126 708 est
1149 674 1199 722 pro
1215 656 1331 725 [ὄμμα.

206 731 352 780 Athenaeus
364 727 412 790 XI,
427 730 451 779 9.
470 730 501 790 [ι.
513 730 555 787 65,
568 728 676 794 assa]
701 724 802 793 nepae
818 722 960 792 ποτήριον
979 722 1178 795 suentem
1194 724 1332 793 Παφίοις.

206 799 264 849 Ηοι
280 798 365 862 ipsum
383 795 466 846 voluit
480 795 638 861 Hesychius3
661 794 706 844 sed
721 795 843 861 deeeptus
859 800 906 856 est,
923 799 954 843 ut
969 810 1045 859 saepe
1061 794 1134 854 alias,
1152 794 1333 843 similitudine

205 866 337 917 literarum
358 870 425 933 μιι
441 881 475 913 u:
503 864 541 913 sie
564 866 632 913 enim
654 860 686 912 τὸ
710 867 728 928 β
749 870 809 912 ente
831 862 930 927 aliquot
951 862 1054 913 saeenla
1069 862 1180 912 seribere
1197 861 1334 912 solebant.

206 934 272 984 Turn
287 938 387 996 autem,
410 932 478 998 quad
495 947 526 981 ex
542 931 639 981 Naevio
655 931 750 990 eitant,
776 930 848 993 „Qui
871 931 939 980 draus
956 947 1058 996 mappas
1074 945 1147 979 mero
1163 930 1266 995 piem
1285 945 1335 979 n·

207 1003 329 1064 baasit‚“
353 1000 382 1050 id
398 1000 513 1066 spurium
530 1004 582 1060 est,
605 1004 632 1049 et
647 1015 679 1048 ex
696 998 806 1048 turbidis
823 999 993 1062 Huguitionis
1009 998 1109 1048 lseunis
1126 998 1248 1064 penum
1285 998 1333 1058 Et

206 1070 230 1120 si
251 1070 360 1120 maxime
381 1067 522 1133 genuinum
543 1068 622 1130 soret,
648 1066 716 1116 nihil
738 1072 821 1116 tmen
847 1067 954 1131 nolligas
976 1082 1008 1116 ex
1024 1067 1072 1116 boe
1090 1066 1250 1130 fragmenta,
1279 1081 1335 1130 quo

205 1138 291 1188 miuus
308 1153 375 1203 enpa
390 1136 447 1197 hie,
465 1141 495 1185 ut
510 1135 588 1196 alibi,
605 1134 640 1184 sit
657 1135 722 1184 dolii
737 1135 851 1199 speeies,
874 1151 926 1184 non
943 1135 1039 1199 poeuli.
1072 1135 1190 1199 Denique
1207 1134 1282 1199 quad
1301 1149 1335 1183 ex

205 1207 397 1272 Epigrammata
414 1203 502 1265 laudat
518 1201 665 1259 Turnebus,
693 1202 763 1253 Sunt
785 1219 884 1267 supas,
908 1203 1017 1266 entiam,
1040 1204 1148 1268 eyatbi;
1174 1203 1203 1251 id
1221 1201 1335 1266 quiden

205 1274 267 1324 olim
284 1274 412 1323 terebatur
428 1272 456 1322 in
473 1270 577 1336 Virgilii
595 1270 665 1336 Oopa
682 1274 716 1333 [ι.
734 1273 775 1333 71:
803 1271 892 1334 „Sunt
907 1287 995 1335 cupae,
1013 1270 1113 1331 saliem,
1130 1271 1234 1336 cyathi,
1251 1285 1333 1332 rasa,

206 1343 283 1404 titia,
300 1340 424 1402 aindas,
441 1339 479 1389 Et
494 1339 603 1389 triebila
620 1338 775 1400 umbriferis
782 1339 888 1402 frigida
896 1339 1107 1388 anmdinibut‘:
1123 1339 1208 1388 sedin
1219 1338 1334 1402 seriptis

206 1408 337 1460 aodieibus
353 1408 405 1458 alis
421 1407 497 1472 longe
514 1413 554 1457 est
568 1407 654 1468 lentio,
672 1407 760 1470 „Sani
775 1406 849 1471 topia
865 1412 892 1456 et
908 1407 1025 1473 oslybae,
1043 1408 1154 1472 eyatti“
1171 1413 1221 1457 ete.
1248 1421 1334 1471 qnam

205 1477 285 1528 solam
302 1491 386 1525 seram
402 1491 456 1525 esse
472 1476 524 1524 iam
541 1475 586 1525 diu
603 1475 727 1539 estquod
743 1476 907 1525 ostenderunt
923 1475 974 1524 riri
996 1475 1115 1536 maximi,
1138 1476 1189 1523 los
1208 1475 1334 1538 Scaligm

205 1546 239 1595 ad
255 1545 347 1606 laeum,
365 1551 391 1593 et
408 1543 546 1593 Salmasius
563 1543 595 1592 ad
609 1543 753 1592 Historiam
764 1546 905 1607 Augustum
924 1542 1113 1605 [adCsrin19‚
1131 1559 1157 1607 p.
1167 1544 1219 1594 822
1229 1543 1331 1604 nuk}

206 1613 275 1668 Quid
291 1612 370 1676 ergo?
386 1613 439 1660 Iam
457 1611 533 1676 plane
550 1611 664 1660 considit
672 1611 792 1661 Lambini
809 1611 949 1660 enarratio:
967 1626 1048 1676 neque
1066 1613 1134 1661 enim
1152 1609 1332 1676 cuppabibe-

204 1681 291 1740 bant,
306 1686 433 1744 umquam
450 1680 544 1742 salies,
566 1686 596 1727 nt
619 1680 674 1728 eins
690 1678 807 1728 modulus
823 1695 871 1742 pro
885 1680 1008 1743 magistro
1025 1680 1148 1729 inservire
1165 1684 1269 1743 posset:
1297 1682 1332 1727 ut

204 1765 238 1800 ne
255 1749 346 1809 dinam,
363 1748 467 1798 eandem
483 1747 527 1797 bie
544 1747 668 1812 ineptiam
685 1753 711 1797 et
727 1745 889 1807 κακιζηλίαν
905 1748 995 1807 redire,
1013 1762 1089 1810 quam
1105 1748 1134 1796 in
1148 1746 1265 1796 Turnebi
1282 1763 1331 1795 ex·

205 1816 334 1882 positione
351 1816 402 1866 ianr
419 1820 479 1865 ante
496 1814 674 1864 fastidivimus.
708 1815 744 1863 Ut
766 1815 834 1865 enim
858 1830 946 1882 cuppa
968 1816 1095 1865 notaverit
1117 1814 1240 1875 ιιΙίιιιιις
1266 1814 1330 1878 quis

205 1891 289 1935 tamen
311 1884 377 1934 illud
400 1883 503 1943 tulerit,
527 1883 632 1932 salieem
653 1881 758 1932 bibendi
781 1883 931 1947 magistrum
953 1888 980 1933 et
996 1883 1234 1948 modimperatorem
1251 1882 1329 1932 dieii

204 1954 236 2003 In
254 1953 341 2003 eodem
357 1953 412 2002 luto
428 1951 534 2001 haerent
549 1950 665 2000 Danielis
681 1951 799 2012 Heiusii,
816 1956 842 2000 et
858 1950 985 2001 Theodori
1001 1951 1114 2001 llareilii
1130 1951 1329 2015 interpretatio·

204 2037 263 2081 nes3
288 2036 351 2085 quas
373 2019 480 2085 proinde
504 2034 555 2069 non
579 2025 619 2069 est
641 2019 858 2083 operaepretium
875 2019 918 2069 hie
935 2019 1065 2070 ventilare.
1098 2019 1159 2068 Erit
1176 2020 1257 2069 etiarn
1273 2019 1329 2068 ior·

139 2092 144 2105 '
204 2094 280 2152 tasse,
298 2088 343 2153 qui
361 2102 457 2152 sapam
473 2087 516 2136 bie
534 2103 580 2151 pro
598 2087 662 2136 ando
678 2086 718 2136 vel
735 2086 805 2136 dolio
821 2087 941 2152 aeeipiat,
958 2093 985 2137 et
991 2087 1050 2137 ideo
1058 2102 1154 2152 cupam
1162 2090 1328 2150 magistram

204 2157 256 2207 diei
273 2157 350 2215 velit3
368 2156 442 2220 quasi
459 2171 489 2205 ea
506 2153 610 2204 bibendi
627 2154 669 2205 lex
686 2160 712 2204 et
729 2155 843 2205 eonditio
861 2160 934 2217 esset,
950 2160 1043 2204 uttota
1053 2171 1118 2219 supa
1129 2156 1326 2204 exhauriretur:

204 2223 413 2291 quemadmodum
429 2222 498 2288 apud
515 2223 636 2272 Nostrum
654 2223 770 2273 Pholoen
788 2224 916 2273 decebant
931 2222 1071 2284 Garmlll,
1091 2226 1130 2282 15,
1152 2226 1191 2276 tt.
1222 2222 1330 2288 ,Aerati

204 2293 261 2356 [sie]
284 2292 373 2342 aetitia
390 2291 466 2353 fasee
482 2295 560 2340 tenus
577 2291 671 2351 aadi“;
698 2296 724 2339 et
741 2291 820 2340 Serm.
841 2292 877 2352 II,
896 2292 919 2343 8.
936 2308 959 2339 ι.
977 2293 1018 2344 39.
1055 2291 1179 2343 Vibidius
1195 2291 1327 2341 Balatro·

204 2377 255 2426 qne
271 2362 378 2410 vinaria
396 2364 453 2409 totu
471 2361 645 2409 invertebant.
679 2359 736 2408 Hoe
754 2372 827 2420 sane,
853 2362 975 2423 quantum
999 2359 1031 2408 ad
1055 2359 1194 2409 dictionem
1219 2360 1326 2422 attinet,

203 2428 343 2494 speciosius
366 2427 420 2477 illis
443 2426 572 2492 prioribus
595 2442 648 2477 esse
670 2426 800 2476 videatur:
829 2427 873 2476 sed
895 2427 923 2476 in
947 2444 974 2477 re
997 2428 1055 2492 ipsa
1070 2432 1097 2476 et
1114 2428 1203 2478 decori
1220 2428 1328 2477 ratione

202 2500 299 2562 peceat.
325 2497 385 2545 Non
402 2496 470 2545 enini
488 2495 615 2557 convenit,
632 2494 695 2544 adeo
712 2494 832 2545 damnose
849 2493 936 2545 bibere
946 2496 1093 2559 Sapientem
1110 2500 1227 2544 nostrum
1244 2496 1327 2545 rusti-

204 2581 268 2625 enm,
286 2569 317 2614 ut
332 2564 459 2627 integram
478 2578 569 2627 euparn
586 2578 639 2612 una
656 2577 734 2612 caena
750 2563 861 2613 invertat
877 2572 904 2612 et
920 2563 1004 2628 eapite
1021 2565 1102 2613 sistat
1136 2564 1194 2613 Hos
1212 2580 1268 2613 non
1287 2568 1328 2614 est

203 2634 275 2698 parci
292 2631 363 2681 illius
381 2636 407 2679 et
423 2630 503 2679 sobrii
521 2630 612 2691 Ofelli,
630 2628 674 2679 sed
690 2631 792 2680 Transii
810 2636 836 2680 et
852 2630 1006 2680 Nomentani
1023 2637 1151 2696 nepotum.
1187 2632 1237 2680 Vir
1254 2648 1325 2681 sum-

202 2717 258 2750 rnus
275 2699 332 2748 Nio.
350 2698 473 2748 Heinsius
489 2699 518 2747 in
535 2698 596 2748 libri
613 2699 653 2748 sui
671 2715 723 2760 ora,
741 2698 830 2761 Forte,
848 2699 893 2759 ait,
908 2699 1029 2764 palpa.
1055 2700 1140 2763 Palpo
1158 2704 1245 2749 autern
1263 2715 1325 2766 pra·

202 2768 259 2834 pria
276 2771 314 2816 est
331 2781 390 2816 earo
407 2766 462 2816 sine
479 2763 592 2825 ossibus3
619 2771 647 2815 at
668 2765 737 2831 apud
753 2767 869 2816 Persium
891 2782 938 2832 per
960 2767 1151 2817 translationem
1168 2774 1322 2833 usurpatur,

203 2836 256 2886 Sat.
274 2835 315 2897 Il,
333 2836 374 2887 63.
409 2832 500 2897 „Quat
516 2837 592 2883 iuvat
608 2835 656 2884 bos
673 2835 777 2900 templis
793 2839 899 2884 nostros
916 2837 1058 2885 immittere
1074 2838 1178 2885 mores?
1195 2834 1235 2885 Et
1251 2838 1325 2885 donn

203 2904 256 2954 dse's
273 2918 308 2953 en·
325 2904 376 2952 bne
393 2902 523 2952 scelerata
541 2901 638 2952 daem
653 2902 770 2967 pulpat“
796 2901 847 2952 Sed
863 2918 961 2966 nequeo
979 2903 1094 2968 equidem
1112 2904 1241 2965 divinare,
1270 2919 1324 2969 qno

203 2987 278 3022 sensu
295 2971 336 3020 vir
352 2970 500 3035 ingeniosus
516 2971 564 3020 hoe
581 2969 685 3020 verbum
707 2971 757 3020 hue
781 2970 929 3020 intruserit:
955 2987 1036 3035 neque
1059 2971 1127 3021 enim
1150 2972 1250 3021 eaelum
1274 2987 1324 3023 neo

202 3046 294 3090 terram
305 3043 409 3103 tangere
423 3039 530 3089 videtur.
554 3038 635 3099 Dinis,
652 3037 752 3103 opinor,
770 3054 859 3088 esussa
876 3043 901 3088 et
918 3038 988 3088 aliud
1005 3055 1082 3103 agens
1100 3040 1147 3088 hoe
1165 3037 1324 3099 adnotabat3

201 3109 283 3173 magis
300 3107 377 3157 atde
395 3121 424 3156 eo
441 3111 529 3172 postea
546 3106 705 3172 deliberaret,
724 3121 797 3171 quana
816 3106 883 3171 quod
900 3111 955 3156 tum
969 3108 1034 3156 serio
1047 3108 1173 3172 probaret.
1200 3107 1324 3171 Meqnod

201 3176 309 3237 attinet,
334 3174 386 3235 (his
404 3175 471 3223 enim
488 3173 631 3239 repudiatis
648 3189 703 3224 mea
720 3175 771 3223 iam
795 3174 946 3239 proterenda
969 3179 1037 3236 sunt)
1063 3175 1157 3239 duplex
1179 3176 1246 3224 milri
1269 3176 1322 3225 hue

199 3243 263 3293 illue
280 3247 390 3293 mentem
407 3243 517 3291 ιιτιιιιιί
535 3242 680 3291 coniectura
697 3242 797 3292 insidit.
825 3243 911 3292 Primo
928 3243 996 3292 haud
1013 3244 1051 3293 ita
1068 3258 1160 3307 magna
1176 3244 1323 3292 mutatione

200 3311 279 3361 nulla
297 3309 482 3359 substituebam
498 3325 545 3373 pro
564 3311 657 3375 eatpa3
684 3311 764 3374 „Post
787 3310 838 3360 Ιιιιι
861 3310 939 3360 ladas
957 3317 1016 3360 erat
1032 3311 1104 3360 nulla
1119 3316 1216 3375 potare
1233 3313 1322 3372 magi-

200 3380 288 3429 stra“:
315 3378 362 3427 hoo
381 3380 432 3438 ιιι,
449 3377 528 3426 nullis
546 3371 747 3443 ἀναγιοιιισιας
763 3377 863 3443 legibus
879 3376 1028 3439 obstrictos,
1044 3396 1091 3428 suo
1109 3395 1243 3443 quemque,
1267 3395 1320 3429 non

200 3445 299 3497 bibatis
316 3443 425 3495 alicuius
442 3445 580 3510 magistrae
597 3445 719 3508 arbitrio,
744 3451 839 3511 potare.
875 3447 932 3497 Hoc
950 3447 1032 3511 ipsum
1051 3453 1101 3512 est,
1127 3446 1196 3510 quod
1215 3447 1242 3495 in
1260 3462 1320 3496 rure

201 3530 248 3566 suo
266 3513 362 3564 Sabino
384 3512 486 3562 beatum
510 3513 641 3578 praedicat
663 3515 757 3563 Noster
774 3514 852 3564 Serm.
870 3516 911 3577 II,
934 3517 957 3566 6.
982 3531 1005 3563 ι.
1024 3517 1065 3567 tt.
1099 3520 1200 3580 ‚strant
1221 3518 1321 3579 eatque

202 3583 284 3634 libido
303 3587 348 3645 ιιι,
367 3580 461 3632 Siaeat
477 3582 629 3647 inaequales
647 3582 741 3632 calices
759 3585 877 3647 conviva,
897 3582 994 3632 solutus
1006 3583 1119 3646 Legibus
1137 3583 1319 3636 insanissent

200 3654 261 3718 qais
278 3654 353 3716 sapit
368 3652 444 3700 ιιιιι
462 3649 658 3711 fortisPaonln
675 3665 721 3699 sen
738 3650 849 3700 modieis
866 3653 967 3700 noeroit
984 3649 1105 3700 laetias.⁴‘
1129 3649 1215 3701 Nulla
1232 3656 1318 3699 antem

199 3722 346 3784 magistra3
372 3722 402 3768 ut
424 3718 531 3769 Ovidius
553 3718 630 3768 Trist.
648 3719 675 3779 Ι,
693 3720 718 3769 5.
744 3718 773 3783 [6
791 3734 814 3767 ι.
831 3720 875 3781 23]
897 3719 960 3768 lieet
981 3718 1049 3767 nihil
1072 3718 1110 3768 ibi
1134 3719 1164 3768 de
1187 3718 1318 3778 convivio,

200 3787 280 3851 „Sive
297 3789 347 3837 tibi
364 3788 413 3837 boo
431 3786 520 3850 delas,
546 3786 618 3836 nulla
640 3789 687 3851 pia
704 3784 780 3846 saeta
798 3787 945 3851 magistra“
973 3792 999 3836 et
1015 3785 1043 3835 in
1061 3788 1121 3836 Arte
1140 3786 1257 3847 amandi,
1281 3786 1316 3847 Il,

199 3857 258 3908 sta.
293 3853 384 3920 „Quid
400 3854 535 3920 forment,
563 3856 617 3920 ipsi
632 3853 703 3904 nullo
721 3853 840 3904 didicere
855 3855 1003 3919 magistro.“
1037 3854 1191 3904 Prudentius
1208 3855 1316 3904 Humer-

200 3923 298 3988 tigenia
317 3940 337 3973 ι.
352 3924 409 3975 204.
436 3926 502 3988 „qui
518 3939 546 3973 ιι
563 3937 734 3987 eorrumpere
749 3925 874 3986 prumam,
892 3923 958 3972 stoa
975 3923 1106 3972 bominem
1123 3923 1227 3984 didicit,
1245 3921 1316 3971 nullo

200 3991 364 4053 informante
380 3993 526 4055 magistro.“
561 3990 626 4046 Quis
643 3990 691 4039 hoo
709 3989 776 4039 ausit
793 3990 988 4054 reprehendere,
1005 3991 1029 4039 si
1046 3990 1123 4040 ooder
1142 3991 1237 4055 aliquis
1254 3990 1314 4039 asti·

199 4058 349 4123 pulsaretur?
367 4058 417 4108 Sed
434 4064 460 4108 st
476 4057 548 4108 aliud
564 4056 628 4107 mihi
645 4057 672 4106 in
690 4061 797 4106 mentm
815 4055 940 4120 veniebat,
957 4064 983 4108 et
999 4058 1117 4123 uulgatae
1133 4058 1241 4108 leetioni
1257 4073 1313 4123 pro·

199 4127 272 4190 pius,
296 4132 321 4175 et
338 4125 433 4187 adhue,
458 4125 591 4188 uitellos,
615 4124 648 4174 ad
671 4125 821 4174 sententiam
839 4124 1046 4185 convenientius3
1072 4127 1153 4190 „Post
1170 4128 1220 4176 boa
1239 4125 1314 4176 ladas

200 4197 261 4242 erat
276 4207 342 4257 supa
359 4198 454 4257 potare
471 4194 628 4257 magestraf‘
655 4191 706 4241 Ubi
725 4190 799 4257 Capu
817 4192 902 4242 eadem
919 4194 976 4255 erit,
995 4209 1058 4257 qaae
1078 4193 1157 4261 Cape,
1179 4193 1311 4260 Caupona,
