2840 4752
216 232 279 292 430
577 246 610 305 o.
632 246 773 293 noman
794 247 918 294 snsccl

278 378 417 444 Incutiat
438 377 496 442 tibi
518 379 596 461 quid
618 388 799 444 sanctarum
820 379 948 444 inscitia
968 381 1092 461 legum:

281 465 316 531 Si
336 465 423 529 mala
444 464 620 529 condiderit
641 465 675 528 in
696 485 792 547 quem
813 465 887 547 quis
908 467 1058 542 carmina,
1084 468 1136 531 ius
1158 474 1208 530 cst

137 614 142 622 ·
215 583 274 648 ipso
296 599 324 633 se
347 582 460 632 ostendit
482 597 529 646 pro
545 583 656 639 Horatio
678 586 875 643 pronunciare,
898 599 949 647 quo
973 600 999 633 se
1020 585 1116 633 fatetur
1134 585 1270 649 ampliare
1288 600 1340 633 non

215 667 296 717 posse.
331 652 404 700 Itane
421 652 498 699 vero?
528 666 562 699 an
588 652 787 715 quotiescunque
810 652 887 700 iudex
910 667 960 701 non
984 652 1111 717 ampliat3
1137 653 1265 701 continuo
1291 652 1340 701 tibi

216 726 372 785 compertum
389 726 435 778 est,
452 734 499 783 pro
517 735 579 782 rea,
596 726 623 767 et
639 736 690 768 non
707 735 755 784 pro
772 726 870 781 actore,
888 720 1040 769 sententiam
1057 736 1114 769 enm
1131 721 1243 770 laturum
1264 720 1341 770 esse?

215 789 298 837 Duras
315 803 375 836 sane
391 792 505 835 actorum
525 794 611 851 partes
627 787 766 851 praedicas.
794 787 905 841 Quinam
922 796 1007 836 autem
1022 789 1065 836 bic
1081 789 1229 850 diffissiani
1243 788 1339 837 locus?

216 856 301 905 Solius
318 855 386 904 enim
403 855 527 919 praetoris
545 855 598 904 sive
615 855 709 904 iudicis
726 859 780 904 erat
797 855 865 904 diem
881 854 1021 905 diffindere.
1047 858 1082 904 At
1098 872 1180 920 neque
1198 855 1339 906 Trebatius

215 932 343 989 tamquam
359 922 436 971 index
453 923 495 971 bic
513 922 698 984 introducitur,
725 939 808 986 neque
824 923 948 973 Horatius
971 929 1100 989 tamqnam
1123 941 1195 973 rens:
1222 925 1267 974 sed
1294 924 1342 972 ille

215 999 245 1041 ut
262 991 326 1041 iuris
343 991 449 1057 peritus,
467 990 510 1039 hic
526 994 557 1039 nt
573 991 711 1040 consultor.
737 991 812 1046 Quod
829 992 852 1040 si
869 991 914 1040 ille
925 993 1086 1054 quantumvis
1094 1007 1229 1057 personam
1240 992 1340 1041 indicis

215 1061 365 1119 sustinerem
394 1060 497 1122 ineptus
518 1064 602 1107 mmen
619 1059 692 1119 foret,
710 1059 857 1124 etputidus,
875 1060 921 1122 qui
938 1060 1041 1120 diceret,
1058 1078 1086 1109 se
1102 1075 1157 1109 non
1175 1060 1339 1122 diffindere:

214 1129 263 1177 boc
286 1129 354 1177 enim
379 1127 442 1175 satis
465 1127 634 1176 innotesceret
658 1144 688 1176 ex
711 1127 769 1192 ipsa
791 1128 934 1176 sententiae
955 1128 1059 1178 latione.
1094 1128 1164 1177 Illud
1182 1146 1240 1177 reto
1257 1127 1341 1192 quale

215 1202 260 1257 est,
278 1194 341 1245 Non
357 1210 464 1259 passum
481 1194 631 1243 diffindere?
654 1194 744 1244 Dicere
761 1197 850 1258 utique
868 1195 964 1256 debuit,
981 1194 1068 1255 ,l'ola;
1085 1201 1175 1259 utpote
1192 1213 1246 1245 non
1262 1197 1294 1246 ri
1313 1200 1341 1244 et

214 1265 365 1315 necessitate
382 1262 540 1326 compulsus,
558 1262 602 1311 sed
618 1263 740 1327 opinione
758 1270 893 1326 permotus.
928 1264 1057 1312 Postremo
1074 1264 1140 1313 illud
1157 1265 1272 1314 omnium
1291 1263 1339 1313 ob·

214 1332 388 1381 acutissimum
405 1338 457 1383 est.
483 1347 510 1379 se
526 1331 597 1379 nibil
612 1347 685 1394 posse
703 1331 842 1380 diffindere.
876 1332 941 1381 Dies
964 1332 1033 1380 enim
1050 1332 1189 1393 duntaxat,
1214 1349 1266 1382 non
1293 1348 1340 1382 res

215 1404 274 1465 ipsa
292 1400 344 1448 sive
363 1399 410 1460 lis,
427 1398 538 1460 diffindi
554 1398 699 1459 dicebatur;
724 1404 847 1463 quantum
863 1399 939 1449 bodie
957 1406 1113 1465 compertum
1130 1401 1226 1450 habere
1243 1416 1339 1466 possu-

213 1485 277 1517 mus.
305 1468 348 1517 Sic
358 1468 459 1527 Festus,
475 1467 541 1515 Dies
556 1466 675 1528 diffissus
693 1473 759 1527 esto,
777 1468 913 1532 Ulpianus,
931 1468 1008 1517 hibet
1024 1468 1093 1517 diem
1111 1485 1166 1518 csse
1184 1469 1340 1530 diffusum

214 1536 319 1596 Livius,
351 1533 437 1583 Triste
460 1549 535 1583 amen
558 1533 628 1584 diem
651 1535 767 1597 difflatu
796 1535 908 1597 Gellius,
935 1535 1006 1584 Iussi
1021 1538 1108 1600 igitur
1125 1536 1196 1585 diem
1214 1536 1337 1598 diffindi

213 1605 285 1655 Haec
308 1602 362 1651 sola
385 1603 436 1651 iam
458 1607 546 1651 extant
568 1603 638 1665 loca,
665 1604 692 1652 in
717 1602 809 1667 quibus
833 1605 894 1652 baec
912 1603 1020 1652 formula
1037 1609 1174 1669 comparet.
1209 1605 1281 1661 Quae
1301 1604 1338 1653 ad

214 1671 329 1735 exempla
350 1672 428 1720 etiam
450 1671 494 1719 bic
517 1670 615 1719 dictum
637 1672 766 1737 oportuit,
792 1671 923 1736 Equidem
946 1671 1016 1720 diem
1039 1673 1083 1721 bic
1107 1673 1254 1734 diffindere
1278 1688 1338 1723 nan

211 1755 327 1806 possiem.
352 1739 400 1788 Ille
417 1754 476 1788 vero
494 1755 520 1787 se
537 1739 608 1787 nibil
625 1738 768 1801 diffindere
784 1740 835 1799 ait3
853 1740 926 1802 quasi
943 1756 995 1788 non
1013 1739 1068 1788 dies
1085 1742 1271 1802 tantummodo,
1288 1740 1338 1790 sed

214 1823 316 1857 caussae
328 1808 398 1872 ipsae
410 1812 435 1857 et
449 1822 533 1856 earum
548 1810 633 1869 partes
650 1807 751 1856 diffindi
760 1807 913 1857 dicerentur.
936 1807 1057 1871 Legimus
1066 1808 1169 1871 quidem
1177 1810 1256 1859 bodie
1265 1809 1339 1874 apud

215 1876 332 1935 Gellium,
350 1876 435 1940 capite
452 1876 504 1923 iam
520 1875 600 1923 citato
617 1875 644 1938 [ξ
652 1878 676 1937 1]
695 1875 800 1939 ,Atque
816 1878 846 1924 in
862 1892 968 1925 rerum
986 1876 1092 1940 quidem
1109 1876 1337 1927 diffissioni-

204 1945 273 1994 bus
291 1943 664 2009 conperendinationibusque
682 1944 778 1992 etaliu
790 1943 947 2008 quibusdam
960 1944 1087 2007 legitimis
1096 1946 1221 1996 ritibus.‘·
1239 1946 1337 1995 Verum

213 2013 255 2062 hic
273 2012 343 2062 locus
359 2012 473 2060 lubricus
490 2026 550 2060 sane
568 2014 618 2060 est:
642 2026 725 2075 neque
742 2017 835 2061 temere
853 2012 886 2060 ad
902 2017 988 2075 partes
1004 2012 1141 2062 vocandus.
1176 2012 1254 2062 Certe
1271 2013 1337 2063 adeo

213 2081 325 2130 insolens
342 2080 404 2129 olim
422 2081 475 2128 visa
491 2085 530 2128 est
546 2080 609 2128 hacc
625 2078 729 2139 locutio,
748 2079 779 2128 In
797 2095 888 2128 rerum
906 2079 1112 2141 diffissionibus3
1133 2086 1163 2129 ut
1181 2082 1263 2131 codex
1279 2096 1335 2131 onr-

213 2150 283 2198 nium
294 2148 338 2211 qui
347 2163 415 2197 nunc
425 2152 513 2203 extant
522 2146 670 2196 veterrimus
688 2154 714 2196 et
722 2150 834 2211 optimus
852 2146 1153 2207 diffinitionibus
1170 2150 1215 2199 bic
1225 2150 1334 2199 dederit

214 2218 329 2266 Offensus
345 2215 444 2266 scilicet
460 2214 554 2280 aliquis
572 2214 676 2264 insolita
691 2216 786 2279 phrasi,
804 2216 831 2264 in
844 2215 981 2279 exemplari
998 2231 1050 2280 quo
1065 2232 1125 2264 usus
1138 2221 1177 2266 est
1188 2216 1336 2278 Librarius,

213 2287 250 2334 sic
268 2301 299 2335 ex
316 2286 462 2334 coniectura
479 2288 632 2332 correxerat:
661 2283 689 2332 in
707 2300 736 2332 eo
759 2290 844 2333 tamen
868 2284 959 2345 falsus,
986 2284 1054 2347 qnod
1077 2300 1164 2334 vocem
1187 2286 1218 2335 in
1241 2286 1339 2335 mendo

213 2353 347 2404 cubantem
363 2352 503 2416 praeteriit,
521 2352 633 2412 alteram,
651 2367 714 2414 quae
732 2360 800 2401 recta
817 2358 843 2400 et
858 2368 920 2400 sana
932 2356 994 2414 erat,
1012 2353 1161 2415 corrigendo
1173 2354 1336 2418 depravavit.

213 2423 256 2471 Sic
266 2423 332 2471 enim
350 2420 427 2469 verba
443 2420 490 2468 illa
498 2420 618 2482 redegere
636 2418 737 2476 debuit;
755 2421 842 2484 Atque
860 2424 889 2468 in
907 2420 1035 2469 dierum
1052 2421 1158 2486 quidem
1174 2422 1337 2484 diffissioni-

194 2491 274 2538 bus:
301 2490 343 2538 cui
361 2488 463 2553 quidem
481 2487 651 2536 emendationi
669 2505 720 2536 non
739 2488 815 2537 dubie
833 2489 910 2537 etiam
928 2487 1013 2537 favent
1029 2490 1080 2536 ista
1098 2505 1163 2552 quac
1180 2496 1334 2553 sequuntur,

215 2556 517 2621 comperendinationes,
535 2562 560 2604 et
577 2558 647 2604 ritus
665 2557 785 2620 legitimi.
820 2557 859 2605 Ne
876 2556 962 2604 multis
979 2572 1076 2615 morer3
1094 2573 1177 2621 neque
1194 2558 1337 2617 sententia,

213 2642 294 2689 neque
311 2626 388 2674 verba
404 2625 462 2688 ipsa
479 2623 547 2688 apud
563 2623 682 2672 Flaccum
700 2624 852 2688 procedent,
879 2624 902 2672 si
926 2624 1070 2685 diffindere
1092 2625 1135 2674 hic
1158 2625 1262 2689 legeris.
1297 2625 1335 2674 Ut

212 2695 289 2742 mirer
306 2693 421 2757 equidem
439 2692 625 2741 enarrationem
642 2697 681 2740 tot
697 2692 769 2740 vitiis
787 2696 924 2742 scatentem
938 2696 978 2740 tot
991 2693 1176 2755 interpretibus
1195 2694 1332 2756 placuisse.

213 2762 287 2810 Solus
306 2777 336 2810 ex
352 2761 393 2809 his
410 2759 532 2808 Dacerius
550 2758 654 2808 verbnm
670 2761 718 2809 boc
736 2761 804 2809 Iuris
824 2777 876 2809 non
893 2759 985 2809 habere
1002 2760 1044 2808 bic
1061 2760 1145 2809 locum
1162 2761 1244 2822 vidit3
1264 2761 1335 2824 quod

211 2830 267 2893 ipsc
284 2828 373 2878 melius
391 2834 551 2891 sequeretur,
568 2843 620 2875 non
639 2829 710 2877 vidit.
744 2830 842 2893 Nempe
859 2829 907 2877 hoc
924 2827 1011 2890 modo,
1036 2829 1203 2879 distinctione
1222 2829 1333 2889 sublata,

212 2897 317 2960 defungi
334 2913 361 2945 se
378 2912 450 2961 posse
468 2896 563 2956 credit,
582 2893 662 2958 „Nisi
678 2896 745 2960 quid
762 2902 804 2958 lu,
821 2896 897 2945 docte
917 2894 1031 2959 Trebati,
1049 2897 1191 2959 Dissentis,
1210 2897 1333 2961 equidem

212 2965 281 3014 nibil
299 2966 342 3014 bic
359 2964 503 3026 diffindere
524 2966 659 3049 passiam.“
693 2964 767 3019 Quod
790 2968 871 3013 totum
897 2980 928 3013 ex
942 2965 1046 3013 Horatii
1068 2980 1178 3029 persona
1195 2967 1233 3015 sic
1251 2967 1331 3014 inter-

212 3039 339 3098 pretatur:
357 3031 437 3096 „Nisi
449 3038 485 3093 tu,
507 3030 621 3093 Trebati,
641 3032 761 3082 dissentis
767 3051 777 3094 ,·
795 3047 844 3096 ego
860 3033 965 3096 quidem
982 3033 1053 3081 nibil
1069 3035 1113 3081 bic
1130 3033 1257 3092 diuidere,
1276 3036 1332 3082 siae

212 3117 339 3164 resecare,
357 3100 466 3161 auferre
481 3103 615 3165 passiam.“
649 3101 698 3149 Sed
716 3107 746 3149 ut
762 3117 794 3150 ne
812 3101 903 3160 dicam,
922 3100 1065 3162 diffindere
1082 3102 1110 3149 in
1128 3117 1158 3150 eo
1175 3117 1252 3150 sensu
1270 3117 1329 3150 nas·

213 3185 286 3232 quam
305 3169 419 3233 reperiri,
437 3172 513 3232 atque
531 3168 593 3218 adeo
610 3169 651 3217 rel
668 3169 750 3232 prima
767 3168 849 3217 fronte
867 3184 972 3232 pravum
984 3173 1009 3216 et
1020 3169 1135 3232 ineptum
1149 3169 1244 3218 videri:
1263 3169 1330 3218 illud

212 3245 279 3286 certe
297 3237 379 3286 adbuc
396 3237 470 3301 peius
488 3240 533 3297 est,
551 3237 618 3300 qnod
636 3242 717 3286 totum
735 3237 781 3285 hoc
799 3237 908 3285 Horatio
926 3235 1030 3285 tribuit:
1059 3253 1116 3285 cnm
1134 3243 1219 3286 tamen
1238 3243 1263 3286 et
1280 3237 1328 3286 hoc

211 3306 295 3368 ipsum
314 3310 339 3354 et
356 3321 386 3354 ea
403 3320 467 3369 quae
485 3311 624 3367 sequuntur
640 3306 782 3355 necessario
800 3305 930 3368 flagitent,
956 3310 987 3352 ιιι
1004 3304 1118 3353 Trebatii
1142 3306 1274 3369 responsio
1297 3303 1329 3353 ab

211 3371 256 3421 illo
267 3372 398 3436 Equidem
414 3373 555 3421 inchoetur.
583 3372 663 3427 Quam
680 3372 712 3421 ob
731 3389 791 3435 rem,
811 3389 867 3421 cum
884 3373 931 3421 hac
949 3372 991 3421 via
1008 3371 1113 3422 minime
1130 3373 1260 3434 successit,
1277 3373 1329 3421 iam

212 3446 311 3505 tempus
329 3446 380 3502 est,
407 3446 436 3488 ut
453 3439 528 3489 aliam
546 3441 718 3490 instituamus.
753 3442 789 3489 Et
812 3440 914 3503 quidem
932 3439 998 3489 illud
1015 3441 1043 3489 in
1061 3446 1163 3504 promtu
1181 3446 1233 3502 est,
1261 3440 1329 3505 quod

211 3508 285 3558 nobis
303 3509 412 3557 offerunt
435 3514 487 3557 tam
510 3508 634 3558 editiones
652 3513 765 3557 vetustae
788 3524 887 3568 omncs,
914 3524 989 3571 quam
1012 3508 1128 3557 codicum
1151 3510 1232 3558 maior
1255 3524 1327 3573 pars3

211 3576 356 3641 „nisiquid
373 3582 409 3638 tu,
429 3575 503 3625 docte
517 3574 631 3636 Trebati,
649 3577 785 3625 Distentis.
810 3575 941 3640 Equidem
958 3577 1029 3625 nibil
1044 3577 1121 3625 hinc
1140 3577 1329 3641 diffingere

209 3660 331 3711 passum:
350 3644 403 3695 Sed
421 3650 507 3694 lamen
525 3650 557 3693 ut
571 3648 688 3694 monitus
700 3647 811 3694 cureas“
828 3652 876 3694 etc.
907 3644 1006 3705 Hinc,
1025 3645 1136 3708 inquam,
1156 3645 1259 3708 babent,
1276 3660 1328 3693 non

211 3715 281 3777 laic,
300 3713 399 3764 codices
407 3712 530 3762 meliores.
549 3712 623 3762 Clara
640 3713 729 3775 utique
740 3713 875 3773 sententia,
892 3712 943 3761 nisi
960 3713 1056 3762 nodum
1074 3713 1101 3761 in
1114 3713 1199 3776 scirpo
1210 3728 1329 3775 quaerere

211 3782 335 3847 cupimus.
356 3781 501 3845 Equidem,
519 3781 605 3844 inquit
616 3780 757 3840 Trebatius,
776 3781 846 3830 nibil
855 3796 889 3829 ecc
900 3782 949 3838 bis,
968 3796 1035 3845 quaa
1053 3780 1157 3844 uranu,
1175 3781 1328 3845 diffingere,

211 3851 257 3900 hoc
276 3855 326 3911 est,
354 3850 506 3910 infirmare,
530 3849 665 3909 refellere,
689 3848 822 3910 refutare,
847 3848 1007 3911 conuellere,
1032 3847 1196 3908 labefactare
1213 3864 1328 3912 possum.

210 3919 312 3969 Poteris
330 3920 416 3981 igitur
434 3920 463 3966 in
481 3916 579 3968 Satiris
594 3917 742 3967 scribendis
757 3932 887 3982 pergme;
905 3920 1100 3981 nequiveram,
1119 3933 1152 3965 ne
1170 3921 1198 3965 in
1217 3916 1330 3978 magna-

210 4003 270 4036 rum
289 3989 436 4037 amicarum
461 3986 632 4048 offensionem
657 3987 790 4035 incurras.
825 3983 896 4035 Nam
919 3990 945 4033 et
961 3984 1062 4034 Lucilii
1085 3985 1235 4048 accainplnm
1260 3986 1328 4035 bano

211 4058 300 4104 animo
326 4059 350 4104 le
368 4070 422 4103 erse
439 4053 517 4103 iubet.
552 4053 626 4102 Illud
643 4059 731 4102 tannen
750 4053 824 4115 uide,
848 4059 879 4102 ut
903 4055 978 4102 intra
1001 4056 1044 4101 ius
1061 4058 1088 4101 et
1104 4052 1175 4116 legas
1193 4053 1327 4102 licentiam

211 4121 364 4171 Satirarum
382 4136 518 4171 coerceas:
542 4124 626 4185 siquis
643 4123 712 4170 enim
730 4122 830 4171 malam
848 4136 955 4171 carmen
973 4127 999 4170 et
1014 4120 1147 4180 famosum
1165 4122 1194 4169 in
1213 4121 1328 4184 aliquem

209 4190 317 4247 scribat,
338 4189 394 4252 lege
412 4204 493 4251 agere
510 4195 604 4238 cauma
623 4203 681 4237 eum
700 4190 796 4241 licebit.
835 4188 898 4243 Quis
917 4194 967 4240 tam
986 4204 1098 4237 morosus
1116 4194 1142 4239 ct
1160 4188 1281 4249 difficilis,
1298 4194 1327 4238 ut
