2840 4752
187 250 249 316 486
580 265 613 325 q.
635 265 777 314 nonam
798 267 923 317 mucor

185 404 274 453 haeret
290 400 332 451 bie
351 397 521 449 nibilominus
538 414 618 465 equs:
638 416 689 466 quo
706 400 775 451 enim
793 400 928 452 ιιὶιιιωιιι
942 400 1008 453 illud
1017 400 1113 465 own?
1131 402 1202 466 „Est
1217 419 1322 470 operae

183 471 303 538 pretium
327 465 444 532 duplicis
471 482 630 532 cognoscere
653 471 722 519 iuris
745 466 888 519 Naturam.
925 466 1046 535 Simplex
1072 487 1086 520 e
1110 470 1186 521 dulei
1210 476 1321 522 consul

187 539 275 589 oliuo.-
291 534 365 592 Quod
381 536 483 599 pingui
501 538 612 586 iniecere
628 550 701 586 naara
719 540 861 602 muneque
873 537 1000 588 deretit“
1030 536 1109 601 Quod
1124 541 1168 589 iar
1187 539 1229 589 bie
1251 541 1322 590 aoei-

186 607 294 673 piemus,
312 619 345 653 en
357 601 430 667 quod
446 601 562 653 olivum?
580 604 655 655 Prius
688 603 768 655 laonit
778 604 927 667 Torrenti03
944 606 997 670 qni,
1016 611 1045 656 ιιι
1061 607 1223 657 constructio
1242 623 1320 672 aper·

186 675 238 725 tior
254 671 306 733 ilat,
324 671 399 721 verba
418 668 464 719 illa
481 671 605 736 trineptem
622 689 636 722 e
671 673 728 723 ulei
742 673 938 736 constutolioo)
956 674 1103 738 parenthesi
1120 674 1221 724 inoindi
1243 675 1320 726 velit.

185 745 254 794 Bene
272 755 346 790 sans:
364 737 408 788 sed
424 737 503 788 nullis
538 740 699 791 mentheseoe
716 741 798 791 bonnis
815 746 862 790 aut
878 742 951 792 unsis
969 742 1025 807 (qni
1041 742 1070 792 in
1083 743 1215 793 veteribus
1235 759 1320 794 mem-

186 808 275 860 branis
292 820 417 872 nusquam
435 754 592 885 oompgeutt
609 807 637 858 id
655 806 751 859 alarum
768 814 814 862 sut
830 808 932 874 elegans
949 808 1089 871 eifloietur3
1112 810 1180 875 quod
1198 810 1239 862 vel
1260 811 1320 861 sine

186 878 242 929 illis
259 875 372 926 nativam
389 889 448 939 pars
466 874 598 927 inaurem
614 875 774 941 nitoremque
790 892 843 926 non
860 875 961 929 habeat.
996 878 1177 929 Βιιιιιιίοιιιιιι
1194 879 1260 931 haee
1278 879 1321 929 in·

188 952 263 998 venta
279 948 347 1007 sunt,
367 949 393 991 et
409 957 427 992 u
441 941 447 953 '
461 942 510 992 ‘ter
526 958 587 993 sane
604 946 762 1008 excogitata:
789 944 833 995 sed
851 961 902 994 non
920 951 950 995 ιιι
968 946 1058 1011 quovis
1075 947 1105 996 in
1122 946 1179 996 loeo
1196 947 1319 996 enisum·

185 1031 235 1081 que
258 1011 339 1063 oleari
363 1008 477 1060 sanando
501 1009 640 1062 effioaeiter
663 1011 780 1065 adbiberi
805 1018 908 1077 queant.
950 1014 1016 1066 Sane
1040 1013 1107 1067 iuud
1132 1014 1208 1080 quod
1234 1014 1320 1066 nullis

185 1081 310 1134 machinis
328 1084 376 1130 ant
393 1077 492 1129 molinis
510 1078 596 1129 divelli
614 1085 700 1145 potest
718 1079 749 1130 ab
767 1080 851 1131 olieos
875 1088 902 1132 et
917 1097 969 1132 non
987 1081 1076 1133 leviter
1112 1082 1211 1133 ιιιιιὶι
1227 1083 1318 1133 Hora·

184 1153 253 1209 tius,
271 1150 308 1210 si,
325 1146 368 1198 his
386 1146 470 1196 vorbis
487 1146 639 1209 interieotis,
657 1151 699 1198 ius
714 1165 790 1199 sunm
806 1148 859 1199 iam
874 1149 998 1214 trigidum
1015 1154 1041 1200 et
1058 1143 1093 1200 ἕω
1125 1167 1143 1198 ν
1159 1151 1211 1200 bue
1229 1157 1319 1201 mans·

185 1221 251 1270 ferre
268 1217 358 1267 voluit.
393 1212 464 1279 Ergo
482 1213 543 1277 alii,
561 1219 591 1264 ut
607 1231 668 1266 sane
686 1216 747 1268 ordo
765 1221 791 1267 at
807 1218 966 1269 oonstnrotio
983 1217 1099 1282 flagitat,
1121 1218 1196 1283 pseud
1211 1219 1318 1269 υιίυιιιιι

185 1288 228 1338 hio
246 1284 412 1349 intelligunt,
428 1286 507 1346 atque
517 1281 551 1335 ad
564 1285 607 1334 s'ur
617 1283 718 1349 duplae
734 1284 911 1347 eundiendum,
929 1285 1016 1336 slsum
1033 1286 1076 1335 bio
1092 1301 1161 1336 meru
1179 1289 1319 1352 mariaque

184 1353 341 1409 minuendum
357 1348 503 1417 praeteribi
521 1350 617 1403 ιοιιιιιι.
652 1352 703 1403 Sed
725 1352 792 1404 illud
814 1353 913 1404 interea
936 1369 988 1403 nou
1011 1353 1233 1418 animadvertunt,
1258 1371 1318 1405 non

187 1426 244 1486 bio,
267 1421 311 1473 sed
327 1436 401 1470 versu
418 1416 511 1469 abbiuo
529 1422 636 1484 quarto,
663 1421 750 1471 oleum
766 1422 796 1472 in
813 1421 878 1473 bunt
896 1422 1033 1473 mixturam
1050 1422 1151 1481 renire3
1179 1426 1317 1487 ηιἰιειφιι·

185 1490 267 1543 addes
290 1489 382 1540 stesso
400 1484 575 1547 Venafranos
598 1488 671 1552 quod
692 1489 774 1540 tueor
798 1492 901 1539 renisu
924 1489 1037 1543 ottone.“
1071 1490 1116 1539 Ius
1139 1491 1245 1554 quidem
1262 1491 1316 1541 boo

185 1562 293 1612 mixtum
311 1562 365 1607 erat
382 1557 452 1616 uino,
470 1557 569 1618 naria,
587 1558 666 1606 uots's
683 1557 779 1621 hortu,
798 1571 886 1620 meo,
904 1563 932 1607 et
946 1557 1020 1608 oleos
1044 1564 1074 1607 ut
1089 1557 1228 1608 Nasidieni
1245 1557 1316 1609 iliud

185 1645 237 1681 non
255 1623 384 1684 absimile,
402 1622 473 1686 oleo,
489 1638 574 1688 gero,
592 1625 664 1686 nano,
679 1626 781 1689 pipere,
798 1629 826 1675 et
842 1630 925 1676 noeto.
960 1629 995 1675 At
1011 1630 1081 1676 aerte
1098 1626 1182 1676 sidem
1198 1626 1252 1677 iuri
1269 1627 1314 1676 bis

184 1698 268 1747 oleum
284 1690 425 1761 praescribi
442 1695 469 1740 et
485 1690 585 1756 ingeri,
608 1691 817 1743 absurdissimum
833 1698 880 1743 eet.
914 1692 985 1749 Quid
1000 1694 1080 1757 ergo?
1105 1694 1253 1756 videamus,
1276 1710 1315 1744 au

183 1765 283 1816 oodiess
306 1760 387 1825 aliqui
410 1758 543 1824 suppetias
566 1756 640 1809 nobis
664 1760 807 1811 adveniant
851 1759 930 1811 Liber
952 1760 1062 1825 Collegii
1087 1761 1225 1813 Trinitatis
1252 1778 1313 1812 cunr

183 1847 279 1885 rinnon
296 1828 386 1887 babst3
409 1827 453 1878 sed
475 1826 521 1877 ille
542 1825 641 1879 medis
667 1828 763 1893 ubique
785 1832 879 1891 santet,
904 1844 986 1893 neque
1003 1829 1026 1879 is
1043 1834 1096 1892 est,
1120 1832 1164 1881 eui
1182 1830 1313 1881 oonildere
1408 1840 1411 1865 ¹

184 1901 274 1969 possis.
301 1897 386 1948 Simeo
401 1895 502 1958 Rosius,
518 1895 559 1947 vir
576 1900 628 1946 tam
644 1895 750 1961 ingenio
768 1912 843 1962 quam
860 1895 980 1948 doctrina
995 1902 1135 1963 praestans,
1154 1898 1183 1948 in
1200 1901 1313 1963 antiquo

183 1986 231 2021 suo
249 1965 356 2027 invenit,
373 1978 408 2014 ir
425 1978 526 2013 rinnon
543 1978 708 2014 inmenens:
732 1965 800 2015 unda
817 1963 853 2015 sie
869 1964 954 2015 loonm
971 1964 1119 2027 eonstituit,
1139 1966 1231 2027 „Quod
1249 1968 1310 2031 pin·
1411 2028 1412 2031 Ἴ

182 2055 233 2103 gne
250 2033 392 2086 immiscere
410 2046 483 2081 mero
500 2034 657 2097 muriaeque
681 2032 814 2083 deorbit‘:
836 2036 863 2083 at
888 2036 991 2098 pingue
1007 2033 1192 2099 interpretetus
1208 2040 1249 2085 est
1266 2038 1312 2084 ius

185 2105 294 2172 duplae.
329 2099 402 2151 Nihil
419 2098 473 2148 vidi
490 2098 608 2149 deterius.
642 2099 760 2150 Proiecto
787 2102 845 2167 ipsa
862 2099 958 2151 oodiois
975 2101 1053 2153 leotio
1071 2102 1147 2165 louge
1164 2104 1253 2168 potior
1269 2110 1311 2153 est

184 2170 359 2225 emendatione
376 2167 463 2217 Bosii:
489 2167 559 2217 tollit
576 2167 645 2217 enim
661 2168 809 2233 serupulum
831 2170 910 2219 istum
926 2168 1019 2233 Quod,
1045 2170 1090 2234 qui
1114 2170 1166 2220 iam
1191 2170 1238 2221 diu
1261 2187 1309 2220 uos

184 2241 250 2293 male
267 2237 365 2290 babuit.
400 2234 450 2285 Sed
473 2232 501 2284 in
525 2251 555 2284 eo
578 2240 685 2300 utraque
709 2236 803 2287 vitiem
825 2242 876 2299 est,
904 2237 972 2301 qnod
994 2238 1036 2287 ius
1052 2238 1117 2288 illud
1136 2239 1309 2303 compositum

183 2313 286 2377 pingue
302 2304 425 2372 appellat.
450 2301 508 2364 Qui,
526 2302 629 2365 malum,
647 2305 765 2370 pingue?
783 2319 839 2356 oum
850 2306 966 2370 staplen
979 2320 1009 2355 ιο
1025 2305 1102 2371 longe
1117 2307 1154 2356 sit
1171 2308 1306 2371 pinguius,

184 2382 275 2444 utpote
293 2389 324 2425 ex
341 2370 395 2423 solo
414 2369 481 2422 olivo
498 2376 629 2423 constans:
656 2372 777 2438 alterum,
800 2373 870 2438 qnod
887 2388 955 2423 mero
973 2380 999 2424 et
1015 2374 1098 2424 muria
1113 2375 1251 2436 misectur,
1275 2390 1307 2425 eo

184 2444 295 2498 maenius
311 2441 426 2508 presente
445 2444 470 2490 et
486 2439 570 2490 minus
589 2444 692 2491 nuatum
709 2441 752 2492 sit.
777 2441 818 2491 Ne
835 2440 923 2492 multis
939 2457 1022 2491 morer
1037 2442 1099 2503 (iam
1116 2444 1185 2492 euim
1203 2447 1306 2509 tempus

185 2519 231 2575 eet,
250 2517 279 2563 ut
296 2509 454 2576 suspiciones
471 2522 539 2558 meas
557 2507 692 2574 proteram)
716 2512 759 2559 ius
775 2506 854 2571 illud,
878 2511 921 2560 oui
944 2525 1037 2560 nomen
1061 2510 1165 2575 dupltoe‘
1181 2511 1248 2561 male
1266 2511 1307 2561 in·

183 2584 306 2633 diderunt
320 2579 482 2641 interpretes,
501 2576 661 2641 quinoque
678 2577 766 2641 potius
783 2577 918 2628 dieendum
934 2583 1003 2640 erut3
1028 2582 1117 2643 utpote
1134 2580 1250 2643 quinque
1267 2596 1307 2628 re·
1337 2570 1346 2586 ‘

183 2650 232 2701 bus
249 2651 376 2706 somnians,
394 2644 458 2706 oleo,
476 2645 543 2705 vino,
562 2645 659 2708 muria,
677 2643 777 2710 herbis,
794 2651 821 2695 et
836 2660 919 2696 orooo.
955 2645 1080 2702 Quorsum
1098 2646 1166 2696 enim
1184 2647 1306 2712 duplant

182 2717 309 2783 Equidem
327 2712 442 2779 duplicis
465 2714 534 2762 ioris
551 2717 679 2763 noueram
704 2728 756 2762 non
781 2713 818 2764 sio
842 2714 1010 2779 interpretor.
1037 2714 1110 2779 quasi
1133 2715 1175 2764 ius
1199 2715 1307 2781 aliquod

184 2786 286 2852 duplam
297 2783 340 2832 hie
351 2785 468 2838 venetum
487 2779 531 2830 sed
543 2778 658 2831 duorum
673 2783 775 2831 s'nm'um
791 2786 917 2841 naturam,
934 2797 1041 2847 qnorum
1058 2782 1164 2834 alterum
1180 2784 1306 2848 emper,

184 2855 294 2907 alterum
311 2852 425 2900 mintium
443 2848 491 2897 sit:
510 2847 616 2914 simplex
633 2848 688 2898 solo
705 2848 768 2911 oleo,
787 2851 893 2900 mixtum
911 2849 989 2900 variis
1005 2847 1081 2900 rebus
1098 2855 1206 2903 oonstet.
1234 2852 1305 2917 urge

184 2924 222 2974 sio
240 2922 345 2971 tortasse
363 2915 535 2982 reponendum
548 2915 640 2977 fuerit,
666 2916 756 2967 roonis
773 2933 804 2967 ex
821 2918 893 2967 Bosii
909 2917 996 2968 oodioe
1014 2918 1111 2983 petita;
1138 2920 1274 2983 ,stimplsn
1289 2936 1306 2969 a

184 2991 259 3043 dulei
275 2991 380 3039 constat
402 2984 480 3037 otton
515 2987 554 3034 Ar
575 2987 676 3050 pingui
696 2988 807 3035 mnoera
828 3000 901 3036 onero
924 2988 1066 3051 muriaque
1082 2986 1211 3040 deeetit“
1245 2987 1304 3039 Hoc

182 3063 251 3111 oerte
268 3054 400 3107 Librsrios
417 3051 525 3116 fefellit,
552 3059 578 3103 et
601 3052 827 3117 interpolatoribns
850 3069 937 3105 ansam
958 3054 1043 3116 dedit,
1069 3054 1137 3118 quod
1153 3054 1305 3106 nesciebant
1412 3100 1413 3105 ,

182 3130 293 3178 miseere
311 3122 426 3173 absolute
444 3121 486 3171 bio
505 3121 616 3186 positum
634 3137 702 3181 esse;
728 3126 758 3171 ut
779 3119 894 3188 κεράσαι
910 3123 1006 3186 passim
1023 3122 1091 3187 apud
1109 3123 1226 3174 (insanas.
1259 3124 1304 3173 Iu·

182 3194 264 3245 venel.
281 3191 312 3240 V.
344 3206 366 3239 v.
386 3191 428 3242 60.
456 3184 508 3255 [61]
549 3191 650 3250 „nesos‘t
674 3193 713 3240 tot
734 3189 852 3239 millibus
878 3195 981 3254 empna
1006 3190 1172 3256 Pauperttus
1197 3191 1304 3241 miseere

181 3262 277 3331 puar.“
312 3255 644 3321 Miscereigiturpsrinde
663 3259 941 3320 adsentirentur,
959 3261 1003 3309 ius
1019 3260 1133 3308 mineum
1149 3258 1256 3320 soom:
1273 3265 1305 3309 ut
1412 3306 1413 3323 ,

183 3332 265 3382 Serm.
282 3328 318 3387 Il,
337 3327 360 3377 8.
379 3341 401 3373 ι.
420 3325 462 3375 45.
490 3322 555 3386 „His
572 3324 679 3373 mixtum
697 3325 737 3374 ius
756 3331 810 3387 eet;
827 3324 892 3386 oleo,
910 3326 984 3390 quod
998 3327 1089 3390 primo
1108 3324 1241 3388 Venerat
1252 3331 1303 3376 ato.

182 3401 266 3461 Atque
282 3395 345 3444 haee
364 3392 464 3457 quidem
482 3392 573 3452 leotio,
600 3406 663 3456 qnae
682 3394 781 3443 totuin
803 3391 956 3443 membranis
974 3398 1057 3455 extat,
1083 3394 1203 3458 vulgatae
1224 3393 1303 3460 longe

184 3463 335 3519 anteeellere
352 3461 460 3510 videtur.
502 3458 686 3518 Veruntamen,
710 3477 767 3511 eum
784 3465 823 3510 tot
840 3466 866 3511 et
883 3466 934 3511 tam
951 3461 1045 3515 vetusti
1062 3462 1162 3512 oodiees
1180 3462 1209 3511 in
1227 3478 1302 3513 voea-

182 3534 243 3586 bulo
268 3528 345 3595 Quod
367 3529 542 3591 consentiant,
568 3543 650 3593 nsque
674 3527 704 3578 de
728 3529 834 3579 Bosiani
856 3528 918 3579 libri
942 3530 1056 3580 bonitate
1079 3529 1220 3595 quidquam
1237 3531 1302 3581 mini

181 3599 285 3655 aliunde
303 3601 460 3665 compertum
476 3597 525 3658 sit3
543 3596 659 3662 equidem
676 3595 753 3646 altius
770 3596 889 3647 mendum
906 3597 984 3648 latere
1001 3598 1124 3664 suspioor,
1142 3598 1300 3649 aliterarum

181 3667 351 3723 similitudine
374 3671 473 3728 ortum,
501 3670 527 3716 et
550 3681 596 3730 pro
620 3664 693 3730 quod
714 3667 813 3729 pingui
836 3664 972 3715 Horatium
994 3668 1162 3731 quinquenni
1186 3666 1300 3718 dedisse:

181 3740 379 3802 „Quintiorum
395 3737 505 3785 misem
521 3748 593 3784 mero
611 3736 752 3797 muriaque
769 3733 900 3783 denettt‘:
918 3738 948 3783 ut
962 3733 1030 3783 inira
1047 3733 1074 3783 in
1083 3734 1219 3786 Nasidieni
1236 3750 1300 3785 oona

183 3811 219 3872 [S.
230 3808 263 3867 ΙΙ,
282 3808 305 3868 8,
324 3806 377 3866 47],
396 3803 461 3867 „His
478 3803 584 3853 mixtum
603 3801 643 3850 ius
659 3807 716 3860 ern·
734 3801 799 3861 oleo,
818 3801 891 3866 quod
899 3804 988 3867 pretim
999 3800 1115 3862 Venafri
1122 3801 1198 3853 Meu
1215 3803 1300 3864 aella·

180 3892 250 3943 garo
269 3874 302 3923 ds
317 3875 405 3922 esseest
419 3873 502 3936 pineis
519 3871 605 3931 Iters'5
632 3868 700 3919 Vino
719 3869 894 3934 quinquenni,
920 3883 1011 3919 terrun
1029 3873 1099 3919 eitra
1115 3885 1190 3921 mare
1207 3874 1299 3921 nato.“

181 3943 255 3994 Certe
272 3940 316 3990 ubi
333 3939 410 3991 semel
427 3937 553 3989 Librariis
576 3951 723 4003 persuasum
747 3942 814 3997 erat,
840 3931 872 3986 ris
896 3939 1005 3989 munere
1022 3952 1107 3987 oasum
1123 3936 1297 3989 amnsatirum

181 4016 240 4078 post
257 4026 283 4059 se
300 4007 442 4071 requirere;
460 4007 527 4057 nihil
544 4006 650 4071 propius
668 4012 729 4066 erat,
747 4021 822 4070 quam
841 4011 870 4054 ut
884 4007 1051 4070 quinquenni
1066 4006 1094 4055 in
1112 4006 1185 4070 quod
1201 4009 1299 4072 pingui

181 4081 371 4129 eommutarent.
399 4075 566 4131 Quamobrem
583 4090 668 4123 omnes
685 4080 790 4138 rogatos
807 4073 890 4134 velim,
908 4072 1000 4137 quibus
1018 4072 1132 4125 oodioum
1141 4080 1294 4124 vetustorum

182 4147 257 4212 eopia
274 4150 325 4193 est.
353 4147 383 4191 ut
405 4144 433 4192 in
457 4142 504 4192 boc
527 4142 584 4192 loeo
602 4141 710 4203 aliisque
727 4142 824 4206 pariter
841 4141 965 4204 suspeetis
983 4141 1099 4204 videant,
1123 4157 1209 4192 annon
1227 4142 1295 4192 aliud

183 4213 243 4273 elim
261 4210 339 4260 luerit
356 4224 370 4257 a
387 4209 469 4274 primo
487 4210 619 4273 scriptore,
637 4208 707 4257 aliud
724 4224 792 4258 nnno
809 4213 869 4274 post
881 4223 994 4258 rmuram
1005 4208 1045 4259 vel
1058 4208 1161 4259 linirem
1172 4209 1204 4260 ab
1217 4211 1295 4261 altera
