2834 4758
580 246 613 306 q.
634 246 777 294 nonnum
797 247 921 297 susem

702 434 790 499 XIV.

501 552 571 617 AD
599 551 997 618 ΜΑΕΟΕΝΑΤΕΜ.

272 687 380 755 Mollis
401 687 517 753 inertia
538 708 595 752 cur
616 693 737 752 tantam
761 686 924 752 diffuderit
945 685 1018 751 imis

320 772 519 840 Oblivionem
542 773 700 849 sensibus,

273 858 398 926 Pocula
419 857 579 923 Lethaeos
601 864 637 921 ut
658 857 686 922 si
708 857 857 922 ducentia
880 876 1008 921 somnos

258 967 263 974 ·
315 946 435 1009 Arente
457 942 550 1008 fauce
573 942 734 1019 traxerim,

244 1028 421 1095 scandide
441 1028 620 1104 Maecenas,
643 1026 762 1092 occidis
784 1045 882 1112 saepe
904 1025 1063 1107 rogando:

316 1116 416 1189 Deus,
438 1114 529 1179 Deus
551 1132 627 1176 nam
648 1132 699 1176 me
721 1118 809 1178 vetat

187 1266 408 1318 eonsiderandnm.
443 1265 479 1313 Et
496 1265 579 1329 primo
596 1263 724 1314 commode
742 1264 907 1329 interpretari
925 1264 1021 1328 possis,
1047 1261 1169 1313 dulcibus
1186 1264 1320 1315 sodalium

186 1336 327 1399 alloquiis3
354 1333 521 1398 nequeenim
541 1332 624 1393 solus,
649 1333 758 1396 opinor,
785 1337 811 1381 et
828 1332 885 1381 sine
902 1332 1008 1382 consiva
1026 1334 1088 1383 aino
1112 1348 1139 1381 se
1162 1332 1319 1383 invitaverit

187 1402 309 1456 Achilles.
336 1401 438 1467 Quippe
456 1401 549 1450 iocosis
567 1400 691 1449 sodalium
708 1399 962 1451 confabulationibus
975 1399 1104 1449 miscenda
1113 1405 1139 1449 et
1148 1403 1318 1466 temperanda

186 1474 260 1520 erant
277 1469 373 1519 Bacchi
390 1483 508 1517 munera:
527 1473 556 1517 ut
575 1469 667 1518 Noster
686 1467 766 1517 Carm.
785 1469 807 1529 Ι,
826 1470 866 1529 27,
888 1471 928 1519 ιι).
954 1466 1045 1529 „dicat
1063 1467 1197 1533 Opuntiae
1213 1469 1318 1522 Frater

188 1537 321 1602 Megillae,
339 1551 391 1601 quo
410 1539 501 1585 beatiss
520 1535 644 1598 Vulnere,
662 1551 716 1601 qua
732 1542 827 1600 pereat
842 1539 951 1600 sagitta.
989 1535 1079 1585 Οιιιιιι
1095 1537 1240 1587 uoluntas?
1257 1555 1317 1590 non

188 1606 244 1655 ulia
271 1606 357 1654 bibam
381 1603 528 1653 Mercede.“
565 1606 646 1668 Atque
675 1605 712 1652 ita
730 1605 808 1652 Sorm.
828 1605 849 1664 Ι,
867 1607 892 1663 5,
911 1606 949 1655 ib.
987 1604 1128 1664 Sarmenti,
1155 1606 1207 1665 ait,
1228 1612 1255 1655 et
1271 1605 1318 1657 Ci-

182 1675 252 1722 cerri
274 1672 376 1722 iacebis
397 1672 540 1733 exhilarati,
564 1673 696 1735 „Prorsus
713 1672 829 1721 iucunde
847 1687 957 1722 caenum
973 1672 1148 1736 producimus
1165 1673 1269 1724 etiams
1289 1681 1317 1726 et

186 1742 264 1792 Serm.
283 1741 318 1802 ΙΙ,
336 1743 360 1805 6,
378 1742 420 1793 b'l.
456 1755 544 1789 suaves
570 1756 696 1789 sermones
723 1740 791 1788 inter
817 1740 877 1790 rina
901 1738 1103 1804 spargebantur3
1133 1747 1234 1804 „prout
1257 1747 1316 1793 cui-

187 1824 239 1874 que
257 1808 339 1858 iibido
357 1814 403 1872 esi,
422 1807 515 1859 Siccut
531 1809 685 1872 inaequales
703 1809 800 1857 calices
818 1812 938 1871 concion,
955 1808 1060 1858 solutus
1076 1808 1190 1872 [regim
1198 1813 1315 1875 ιἰιιαιιὶι,
1411 1812 1412 1817 ’

186 1893 233 1927 seu
251 1880 310 1941 quis
328 1880 403 1942 capit
425 1879 503 1926 aeria
525 1875 607 1936 fortis
625 1876 740 1933 Pocula,
766 1891 812 1925 seu
835 1875 947 1925 modieis
971 1878 1074 1926 uaucit
1097 1877 1200 1926 laetius.
1235 1878 1314 1944 Ergo

188 1946 275 1995 Semne
293 1947 396 2008 amiur,
421 1960 475 1994 non
494 1944 526 1994 de
543 1944 615 1993 uillis
632 1943 784 1993 domibusve
802 1945 915 1993 alienie“
933 1949 980 1993 etc.
1016 1944 1086 2008 Ergo
1104 1949 1206 2008 praeter
1222 1948 1315 1997 sinum

186 2018 212 2062 et
229 2018 340 2072 cantum,
359 2012 450 2062 dulcia
473 2014 550 2061 etiam
569 2011 688 2076 alloquia
712 2011 740 2060 in
764 2012 885 2061 maeroris
910 2012 1028 2061 solatium
1052 2010 1117 2061 bene
1142 2013 1184 2062 bic
1205 2015 1315 2065 advocat

186 2080 295 2131 Chiron:
313 2080 389 2147 plane
406 2085 436 2130 ιιι
453 2080 571 2129 Valerius
588 2078 695 2128 Flaccus
713 2081 734 2143 l,
753 2082 812 2130 251.
829 2080 923 2142 „Hane
940 2095 1012 2141 uero,
1031 2095 1046 2129 a
1064 2079 1144 2142 Socii,
1163 2086 1314 2133 uenientem

186 2151 216 2198 in
235 2149 313 2199 litore
332 2148 397 2199 laeti
412 2148 537 2198 Dulcibus
555 2147 675 2210 alloquiis
694 2153 719 2197 ei
743 2147 805 2196 iudo
831 2148 934 2197 educite
958 2151 1088 2197 noctem.“
1124 2149 1176 2198 Nec
1203 2152 1314 2201 multum

186 2216 303 2267 absimile
320 2215 386 2266 illud
402 2217 513 2266 Ausonii
530 2216 558 2265 in
577 2216 737 2281 Protreptioo
759 2215 842 2280 [Idyll.
861 2216 906 2277 IV,
924 2218 982 2278 231:
1008 2216 1071 2278 „Sic
1094 2232 1179 2281 neque
1203 2219 1313 2270 Peliden

187 2285 306 2335 terrebat
323 2284 444 2334 Acbillea
464 2283 563 2335 Obiron
585 2281 733 2333 Thessalico
751 2287 901 2346 pernotabis
924 2299 1007 2348 equo,·
1034 2299 1083 2333 nee
1104 2283 1210 2348 pinifer
1235 2287 1313 2337 Atlas

187 2352 450 2418 Amphitryoniaden
465 2367 597 2418 puerum:
615 2351 662 2400 sed
680 2351 793 2401 blandus
812 2358 924 2416 uterque
941 2351 1050 2401 Mitibus
1068 2351 1188 2416 alloquiis
1209 2360 1314 2406 teneros
1410 2374 1411 2411 ;

186 2422 318 2470 mulcebat
335 2421 483 2470 alumnos.“
507 2426 533 2470 et
552 2420 664 2469 eiusdem
682 2418 779 2468 Valerii
796 2420 854 2480 VIl,
873 2422 931 2471 373.
968 2419 1042 2482 „Dat
1064 2419 1187 2470 deseram
1213 2438 1314 2474 uocem-

186 2504 238 2554 que
257 2489 354 2550 Venus,
377 2488 527 2552 blandisque
545 2493 684 2552 pauentem
701 2486 835 2550 Alloquiis,
862 2490 1005 2552 iunctoque
1031 2489 1115 2537 trabit
1137 2505 1188 2553 per
1206 2494 1312 2542 moenia

184 2558 292 2621 passuf‘
320 2556 366 2604 Vel
383 2556 494 2606 secundo
512 2556 655 2619 intelligere
673 2555 777 2620 poteris,
797 2556 918 2605 dulcibus
935 2555 1070 2604 mulierum
1083 2556 1220 2621 alloquiis,
1239 2559 1313 2609 blan-

185 2624 226 2673 dis
245 2624 363 2685 susauis,
381 2618 498 2677 abnuisse
514 2625 729 2672 ΟΑΡΙΣΜΟΙΣε
756 2631 783 2671 ut
801 2624 922 2673 Venerem
941 2624 1022 2687 ipsam
1040 2625 1180 2674 verecunde
1197 2628 1240 2677 his
1258 2644 1313 2677 ver·
1410 2650 1411 2669 t

185 2690 227 2740 bis
252 2691 391 2740 obumbret.
427 2691 497 2754 Ergo
522 2692 572 2739 tria
595 2691 637 2741 bie
661 2691 829 2754 aegrimoniae
853 2691 964 2741 remedia
989 2696 1180 2756 proponuntur,
1212 2698 1313 2757 uinum,

187 2764 291 2818 eunius,
316 2763 342 2807 et
366 2757 462 2809 Venus.
498 2757 567 2813 Quae
590 2759 709 2808 similiter
732 2775 784 2808 una
806 2760 893 2823 iungit
915 2765 941 2809 et
965 2758 1070 2809 Ovidius
1093 2762 1178 2812 Amor.
1202 2764 1253 2823 ΙΙΙ,
1275 2765 1312 2815 lb.

187 2828 220 2888 [v.
238 2827 280 2887 45]
299 2823 373 2888 „Cur
390 2839 439 2889 ego
456 2828 506 2875 sim
524 2826 614 2887 tristis,
633 2830 746 2876 sumsit
764 2829 813 2876 tibi
829 2833 894 2876 nata
912 2832 1033 2891 reperta,
1051 2826 1210 2893 Regnaque,
1233 2846 1313 2896 quam
1410 2806 1411 2859 l

187 2894 272 2956 luno,
295 2898 368 2942 sorte
389 2896 493 2943 minore
519 2896 616 2957 regali
658 2893 736 2945 Festa
766 2895 822 2944 dies
845 2896 1018 2959 Veneremque
1041 2901 1133 2959 uocat,
1160 2905 1310 2964 cantusque,

185 2976 347 3024 merumque:
376 2960 446 3011 llaec
462 2961 536 3011 desei
554 2963 590 3011 ad
610 2962 730 3013 dominos
747 2978 860 3013 misnens
877 2962 950 3023 serre
968 2963 1056 3013 deos.“
1082 2965 1124 3025 Et,
1144 2966 1212 3028 quod
1231 2967 1313 3017 maius

186 3035 237 3089 est,
265 3030 322 3095 ipsa
340 3028 428 3079 Thetis
446 3030 493 3079 boc
512 3030 607 3079 Achilli
626 3030 761 3079 eonsilium
780 3031 864 3091 dedit,
891 3039 919 3080 ut
937 3030 969 3080 sd
987 3031 1173 3082 sollicitudines
1190 3034 1313 3085 levandas

186 3099 311 3148 conviviis
329 3104 355 3147 et
371 3098 467 3148 Venere
486 3103 612 3159 uteretur,
640 3098 713 3147 Iliad.
731 3100 765 3147 Ω,
786 3116 807 3148 v.
829 3101 885 3152 130.
923 3098 1023 3149 Τέκνον
1041 3095 1123 3164 ἐμὸν,
1153 3099 1198 3151 τέο
1215 3102 1314 3183 μέχρις
1410 3160 1411 3167 ,

187 3160 354 3249 ὀδυρόμενος
377 3163 422 3215 καὶ
441 3161 546 3233 ἀχεύων
564 3162 622 3227 diu
639 3161 713 3216 ἔδεαι
729 3165 860 3233 κραδίην,
885 3165 1058 3234 μεμνημένος
1083 3164 1145 3218 obse
1171 3185 1199 3219 τι
1225 3186 1314 3233 octav,

185 3229 241 3282 obs
274 3229 368 3295 siurim
401 3228 511 3300 ἀγαθὸν
544 3231 572 3282 di
596 3232 706 3298 γυναικί
728 3249 778 3299 περ
808 3231 837 3285 ἒν
862 3233 990 3301 φιλότητι
1015 3233 1182 3300 Μίσγεσθαι.
1221 3239 1265 3289 Sic
1288 3243 1314 3289 et

188 3302 281 3350 Noster
298 3301 381 3351 Germ.
401 3303 421 3363 Ι,
440 3304 464 3363 9,
484 3304 523 3352 tt.
542 3303 623 3350 amico
641 3318 687 3350 suo
704 3303 824 3365 consulit,
843 3308 872 3351 ut
885 3303 975 3354 Donec
994 3306 1092 3353 uirenti
1109 3307 1220 3355 canities
1240 3308 1315 3357 abest

187 3382 292 3417 morosa
318 3368 403 3433 (plane
423 3375 452 3418 ut
474 3369 530 3429 hic,
560 3369 683 3433 Dumque
705 3373 794 3420 uiuent
815 3386 920 3434 gersus,
948 3376 974 3420 et
998 3371 1080 3425 deoeti
1105 3387 1157 3422 non
1180 3377 1314 3439 sperneret

186 3449 297 3498 mersam,
315 3451 363 3484 nec
381 3437 506 3497 eboreas,
524 3452 572 3486 nco
590 3437 680 3487 dulces
698 3453 813 3501 amores,
836 3455 884 3488 nso
902 3439 973 3489 lenes
990 3441 1038 3489 sub
1056 3445 1160 3489 noctem
1176 3457 1313 3493 susurros.

187 3502 261 3551 Tales
278 3502 407 3552 intellexit
424 3504 521 3554 Statius
540 3504 601 3555 Silv.
620 3505 654 3567 Π,
676 3508 697 3556 1.
720 3505 751 3555 de
769 3506 877 3556 Glaucia
894 3506 1009 3556 Melioris
1033 3522 1119 3573 puero,
1143 3525 1169 3559 ι.
1186 3511 1245 3561 232.
1266 3516 1314 3573 „iu

184 3576 297 3637 pectora
321 3570 421 3635 mulce,
452 3570 491 3622 Tu
513 3574 625 3637 prohibe
648 3589 759 3623 manare
780 3590 881 3638 genam·
907 3580 1048 3640 noctesque
1073 3575 1163 3625 beatas
1186 3576 1312 3628 Dulcibus

185 3638 315 3705 alloquiis,
334 3644 360 3688 ei
377 3641 444 3688 uiuis
461 3640 577 3690 vultibus
594 3641 699 3704 imple.“

255 3709 279 3759 3.
300 3705 334 3758 lli
349 3709 374 3756 si
391 3707 515 3758 ducentia
531 3711 647 3769 somnos]
678 3707 711 3760 lu
727 3712 752 3757 si
768 3709 862 3759 babent
879 3710 969 3760 Editio
987 3711 1120 3776 princeps,
1139 3711 1218 3761 codex
1235 3712 1313 3778 Regi·

187 3776 274 3825 nensis
292 3791 307 3825 a
326 3790 401 3824 mauu
419 3775 508 3840 prima,
527 3777 664 3834 Patrensis,
683 3781 708 3825 et
726 3777 887 3828 Bodleianus.
923 3778 972 3828 Sed
990 3779 1132 3829 Loscberus
1157 3796 1215 3829 cum
1239 3781 1313 3845 Mag·

186 3842 319 3893 dalenensi
336 3848 362 3893 et
381 3844 540 3905 Battelianc,
568 3844 667 3894 Pocula
685 3843 815 3895 Letbueos
832 3845 912 3895 veluti
936 3847 1061 3896 ducentia
1085 3863 1202 3897 somnos:
1233 3849 1312 3899 Grae·

186 3912 278 3960 vienus
296 3927 442 3976 perperam,
473 3912 599 3962 Leibanoi
617 3914 659 3962 uti
676 3912 816 3973 ducentia;
843 3918 869 3963 et
886 3914 1022 3973 Galeanus,
1041 3918 1084 3964 uti
1100 3918 1125 3965 si
1141 3914 1201 3966 due.
1240 3916 1312 3967 Reti·

187 3994 276 4028 nemus
293 3979 422 4043 vulgatam
441 3986 472 4030 ui
488 3983 518 4030 si.
546 3981 589 4029 Sic
607 3980 671 4029 alibi
689 3981 767 4029 Serm.
786 3982 806 4041 1,
828 3983 849 4032 l.
868 3998 891 4033 v.
911 3985 952 4034 46.
971 3987 1018 4047 „ut
1033 3981 1216 4033 silleiieuluns
1230 3987 1311 4049 panis
1409 4030 1410 4041 ,

188 4047 294 4096 venetas
318 4050 389 4096 intes·
416 4054 512 4098 onsuio
538 4047 619 4098 Foris
644 4048 720 4098 vehas
744 4049 881 4098 bumero.“
915 4051 951 4100 Et
975 4066 1039 4102 vers.
1054 4053 1099 4103 90.
1132 4057 1180 4112 „ut
1204 4053 1227 4101 si
1251 4055 1310 4118 quis

187 4114 299 4163 asellum
324 4114 355 4163 ln
380 4129 503 4180 campum
526 4116 615 4166 doceat
637 4121 777 4181 parentem
802 4132 911 4167 currem
927 4118 1062 4179 fraenis.“
1087 4123 1112 4169 et
1130 4120 1165 4181 Π,
1184 4121 1207 4172 8.
1227 4136 1249 4169 v.
1269 4121 1309 4173 58.

186 4178 293 4239 „lissiae
305 4184 397 4247 posito
416 4186 519 4247 capite,
545 4188 574 4232 nt
597 4182 620 4239 si
638 4182 725 4232 Filius
747 4185 906 4235 immaturus
929 4184 1039 4246 obisset,
1065 4188 1158 4248 liers.“
1193 4186 1310 4239 Ceterum
