2840 4762
226 238 267 300 48
620 246 651 305 o.
673 246 814 295 nortun
834 246 958 295 rancor

271 399 300 449 tt
356 380 500 450 Manebit
520 380 564 445 ad
585 382 714 465 plenum
737 381 878 461 benigno

398 466 493 533 Ruris
514 465 669 531 honorum
693 466 844 550 opulenta
866 485 974 533 cornu.

311 553 372 620 Hic
393 553 426 617 in
448 551 580 616 reducta
601 552 686 616 valle
707 551 871 616 caniculae

311 638 436 704 Vitahis
458 642 577 713 aestus,
600 642 633 702 et
654 636 716 701 fide
739 639 820 711 Teia

354 723 451 788 Dices
473 721 648 786 laborantis
669 721 704 785 in
725 740 788 787 uno

268 822 300 873 20
398 808 578 891 Penelopen
599 806 798 888 vitreamque
820 805 941 871 Circen.

311 892 371 959 Hic
393 891 569 957 innocentis
591 891 707 977 pocula
728 890 837 959 Lesbii

310 981 419 1044 Duces
441 978 501 1044 sub
524 977 652 1042 umbra:
674 994 733 1041 neo
755 974 934 1041 Semeleius

358 1064 440 1130 Cum
461 1063 562 1128 Marte
584 1060 756 1129 confundet
778 1060 952 1144 Thyoneus

396 1146 537 1215 Proelia:
560 1168 619 1213 nec
640 1153 765 1212 metues
810 1151 971 1210 rotcrvum

269 1248 300 1299 tt
315 1236 474 1320 Suspecta
496 1231 632 1317 Cyrum3
654 1251 713 1296 neo
734 1168 818 1296 maiia
840 1227 962 1315 dispari

313 1317 543 1385 lucontinentis
564 1315 685 1381 iniiciat
705 1335 831 1392 manus,

355 1405 398 1470 Et
419 1402 544 1469 scindat
565 1401 749 1467 haerentem
771 1418 919 1466 coronam

398 1486 557 1566 Crinibus,
579 1485 824 1569 inmeritamque
844 1490 977 1550 vestem

730 1653 849 1723 XVIII.
971 1700 973 1705 s

636 1775 705 1839 AD
743 1772 942 1840 VARUM.

312 1893 453 1969 Nullam,
468 1894 563 1970 Vara,
586 1911 679 1957 sacra
699 1892 764 1957 vite
786 1892 875 1978 prius
898 1890 1019 1958 severis
1040 1889 1186 1954 arborem

313 1978 407 2044 Circa
429 1977 504 2042 mite
527 1977 631 2042 solum
653 1977 792 2054 Tiburis
816 1983 848 2042 et
868 1976 996 2043 moenia
1017 1972 1123 2039 Catili.

313 2062 413 2130 Siccis
434 2062 541 2129 omnia
562 2082 636 2126 narn
660 2062 742 2127 dura
762 2064 852 2128 Deus
874 2059 1055 2147 proposuit:
1078 2077 1183 2142 neque

311 2148 477 2215 Mordaces
499 2147 593 2212 aliter
614 2146 788 2227 diffugiunt
809 2145 1048 2214 sollicitudines

285 2234 395 2313 tQuis
410 2239 484 2319 post
504 2234 580 2298 vina
601 2251 735 2313 gravem
753 2232 909 2308 militiam,
933 2238 990 2295 aut
1011 2228 1198 2316 pauperiem
1220 2231 1354 2314 erepat?

312 2319 393 2399 Quis
413 2339 478 2384 nou
499 2324 531 2384 te
551 2319 669 2404 potius,
691 2317 816 2383 Bacche
838 2325 939 2403 pater,
962 2323 1067 2398 teque,
1090 2312 1208 2379 decens
1221 2315 1354 2379 Venus?

312 2408 360 2469 Ao
382 2424 423 2469 ue
445 2404 518 2488 quis
538 2402 654 2467 modici
676 2401 836 2468 transiliat
858 2421 992 2467 munera
1012 2399 1131 2476 Liberi,

313 2490 496 2555 Centaurea
517 2495 625 2553 monet
646 2509 718 2553 cum
739 2487 887 2573 Lapithis
909 2486 981 2551 rixa
1002 2504 1101 2569 super
1120 2502 1209 2550 mero

312 2574 497 2639 Debellata:
519 2578 628 2638 monet
649 2571 804 2639 Sithoniis
826 2592 890 2637 non
912 2570 993 2636 levis
1014 2569 1131 2648 Euius3

269 2672 300 2721 ro
315 2658 396 2723 (lum
418 2657 468 2723 las
490 2663 588 2740 atque
609 2658 701 2724 nefas
722 2657 839 2739 exiguo
861 2657 924 2722 fine
946 2654 1116 2722 libidinum

583 2773 606 2808 v.
626 2761 649 2809 7.
667 2758 743 2824 Vulg.
762 2759 799 2809 Aa
815 2775 857 2810 ne.

227 2895 259 2975 oh
274 2895 402 2959 pietatem
418 2907 524 2974 pacatam
546 2894 618 2957 atqui
644 2910 674 2944 eo
691 2898 768 2959 pacto
791 2892 927 2945 dicendum
944 2892 1032 2958 potius
1057 2889 1123 2970 iuret
1139 2888 1209 2939 Iliae
1227 2889 1294 2968 mihi
1311 2905 1353 2940 co-

225 2961 552 3090 ltttltbtttttlt,
565 2956 1352 3091 titulabitstitttstlttissltttlhttt{tlt

225 3113 284 3148 mox
301 3097 424 3162 sequitur,
444 3098 667 3161 rrtmhonorum,
684 3104 715 3148 ut
732 3098 861 3163 eleganter
877 3097 975 3147 dictum
992 3095 1048 3145 iure
1066 3092 1173 3145 laudant
1185 3093 1352 3158 interpretes:

225 3171 346 3231 poterant
363 3164 440 3216 etiam
457 3169 483 3213 at
499 3164 621 3230 exemplis
639 3166 780 3217 illustrare:
806 3181 866 3215 nam
889 3165 1005 3214 imitatus
1029 3166 1068 3212 est
1084 3162 1153 3212 clere
1172 3161 1273 3212 Statius
1292 3160 1352 3213 Sila.

225 3235 270 3297 IV,
285 3237 309 3296 5,
331 3237 351 3285 l.
390 3233 492 3298 „Parui
514 3233 605 3283 esaar
627 3233 694 3284 ruris
717 3234 885 3285 honoribus“
912 3238 937 3282 et
961 3231 1087 3295 occultius
1104 3230 1131 3281 iu
1150 3228 1230 3279 Theb.
1245 3229 1279 3291 X,
1296 3230 1352 3281 788.

156 3339 159 3342 .
225 3304 275 3421 thp'
295 3304 389 3421 salpha,
415 3302 445 3352 hi
468 3300 534 3351 veris
562 3302 657 3352 honore
681 3302 769 3421 {pluto
792 3301 997 3419 Αοῐυιῒιῃιιῖιὶαηίμ
1021 3304 1048 3395 pt
1074 3297 1154 3348 Silius
1176 3296 1287 3348 Italicus
1305 3297 1352 3359 111,

278 3407 284 3420 .
339 3383 617 3420 uumccruauam
663 3385 681 3419 ιι
836 3386 851 3418 a
921 3384 954 3418 on
999 3384 1019 3417 s.

299 3440 338 3489 19.
362 3436 429 3489 Fide
449 3435 512 3486 Teio
530 3385 837 3491 pices,pboppppoeaopn
861 3385 926 3500 ppno]
953 3384 1057 3485 abdices
1074 3431 1171 3494 nostri,
1196 3431 1286 3493 Geloi,
1304 3432 1353 3482 Zu-

225 3504 286 3554 lioh.
313 3509 339 3554 et
356 3520 371 3552 a
389 3504 499 3555 monada
516 3521 593 3555 manu
601 3505 761 3570 Reginansis,
780 3506 879 3557 discas:
896 3511 926 3555 ut
943 3504 1006 3554 alibi
1015 3506 1101 3553 noster
1109 3501 1190 3571 Carni.
1200 3500 1246 3563 IV,
1258 3503 1300 3564 ll,
1313 3502 1351 3552 34.

226 3571 258 3622 ad
275 3571 401 3638 Phyllida.
432 3572 568 3637 „condisce
590 3574 696 3638 modos,
722 3574 838 3625 amanda
856 3572 928 3625 Voce
952 3587 1017 3638 quoe
1039 3571 1163 3622 reddar.“
1186 3572 1210 3618 et
1229 3569 1264 3632 ΙΙ,
1277 3570 1317 3622 19.
1330 3570 1352 3620 3.

226 3639 379 3706 ,staccbum
402 3643 432 3690 iu
456 3644 564 3691 amotis
587 3645 710 3692 carmina
733 3643 845 3707 rupibus
863 3641 929 3692 Vidi
950 3640 1086 3690 docentem
1110 3635 1219 3695 (credite
1241 3638 1352 3703 posunt

226 3707 418 3775 Nymphaeque
435 3708 587 3761 discentes.“
623 3709 672 3759 Sed
690 3709 756 3759 nihil
773 3710 936 3760 mutandumr
962 3724 1020 3757 nam
1040 3707 1102 3770 qnid
1120 3711 1159 3756 est
1176 3705 1283 3755 discere
1300 3702 1352 3766 fide

229 3775 313 3829 Peter
330 3775 457 3826 Nimirum
465 3776 590 3842 Tyndaris
606 3776 700 3827 fidibus
718 3782 820 3827 atroce
837 3793 928 3827 cauare
946 3776 1049 3838 sciehat,
1067 3780 1097 3825 ut
1114 3772 1192 3840 Lyde,
1211 3771 1295 3824 earm„
1306 3771 1352 3832 111.

226 3847 267 3909 28,
287 3846 326 3896 11.
344 3841 405 3908 „Tu
423 3859 505 3895 curua
522 3848 625 3895 recinas
642 3845 705 3911 lyra
722 3844 862 3909 Latonam,
881 3849 907 3894 et
924 3843 1017 3895 celarit
1032 3842 1137 3908 apiendo
1157 3840 1316 3908 Cynthiae.“

295 3916 319 3964 l.
345 3912 382 3962 At
398 3927 432 3961 ae
449 3915 509 3976 qut's
525 3913 635 3975 modica]
661 3913 817 3963 Graeviauus
841 3917 929 3963 noster
954 3928 1014 3962 ,oum
1031 3910 1167 3972 Leidensi,
1194 3910 1352 3971 Bamaliana,

225 3980 350 4042 Patrensi,
369 3983 395 4029 et
410 3980 483 4029 Galei
501 3995 541 4030 ac.
566 3982 603 4031 Et
619 3976 783 4045 sic,'opinor,
800 3980 1036 4046 aliorum'aliquot3
1055 3979 1098 4029 sed
1115 3980 1186 4041 haec,
1204 3982 1234 4028 ut
1251 3982 1352 4044 putant,

225 4048 292 4098 levia
309 4047 374 4099 male
392 4051 565 4111 praetereunt.
598 4048 664 4097 Sane
684 4050 720 4099 sio
739 4049 819 4099 editio
835 4048 959 4100 Loscheri
982 4049 1052 4100 1498.
1080 4046 1191 4097 Omnino
1209 4043 1352 4110 elegantius

226 4120 272 4179 est,
291 4122 317 4168 et
333 4115 511 4167 Horatiorum.
539 4115 582 4165 Sic
591 4116 676 4181 Epist.
686 4118 708 4177 1,
727 4118 765 4168 19.
784 4134 806 4166 v.
826 4119 868 4170 26.
894 4119 947 4181 „Aa
965 4132 1000 4166 m
1016 4130 1058 4166 me
1074 4114 1150 4176 foliis
1173 4113 1233 4165 ideo
1252 4116 1353 4165 brevio·

225 4185 301 4234 ribus
318 4186 422 4248 accerst
439 4188 469 4234 ut
486 4182 524 4233 ibi
541 4199 627 4235 omnes
644 4183 696 4235 iera
714 4185 829 4237 codices:
849 4189 934 4235 tamen
952 4188 979 4234 et
996 4182 1051 4233 illie
1070 4198 1170 4248 quoque
1187 4186 1217 4233 al
1225 4180 1352 4235 editiones
