<?xml version="1.0" encoding="UTF-8"?>
<!DOCTYPE html PUBLIC "-//W3C//DTD XHTML 1.0 Transitional//EN"
    "http://www.w3.org/TR/xhtml1/DTD/xhtml1-transitional.dtd">
<html xmlns="http://www.w3.org/1999/xhtml" xml:lang="en" lang="en">
 <head>
  <title>
</title>
<meta http-equiv="Content-Type" content="text/html;charset=utf-8" />
  <meta name='ocr-system' content='tesseract 3.04.00' />
  <meta name='ocr-capabilities' content='ocr_page ocr_carea ocr_par ocr_line ocrx_word'/>
</head>
<body>
  <div class='ocr_page' id='page_1' title='image "./qhoratiusflaccu02bentgoog_0023.png"; bbox 0 0 2840 4762; ppageno 0'>
   <div class='ocr_carea' id='block_1_1' title="bbox 456 259 1118 311">
    <p class='ocr_par' dir='ltr' id='par_1_1' title="bbox 456 259 1118 311">
     <span class='ocr_line' id='line_1_1' title="bbox 456 259 1118 311; baseline 0.005 -3"><span class='ocrx_word' id='word_1_1' title='bbox 456 259 654 309; x_wconf 69' lang='lat' dir='ltr'><strong>PRAEFATIO.</strong></span> <span class='ocrx_word' id='word_1_2' title='bbox 1042 263 1118 311; x_wconf 78' lang='lat' dir='ltr'><strong>xvir</strong></span> 
     </span>
    </p>
   </div>
   <div class='ocr_carea' id='block_1_2' title="bbox 78 391 1191 3202">
    <p class='ocr_par' dir='ltr' id='par_1_2' title="bbox 78 391 1191 3202">
     <span class='ocr_line' id='line_1_2' title="bbox 80 391 1121 479; baseline 0.003 -20"><span class='ocrx_word' id='word_1_3' title='bbox 80 393 161 459; x_wconf 85' lang='lat' dir='ltr'><strong>rn&#39;rni</strong></span> <span class='ocrx_word' id='word_1_4' title='bbox 181 391 240 458; x_wconf 85' lang='lat' dir='ltr'><strong>viri</strong></span> <span class='ocrx_word' id='word_1_5' title='bbox 260 394 397 457; x_wconf 69' lang='lat' dir='ltr'><strong>sitriaco</strong></span> <span class='ocrx_word' id='word_1_6' title='bbox 416 395 627 458; x_wconf 73' lang='lat' dir='ltr'><strong>Ptrcibetmcri.</strong></span> <span class='ocrx_word' id='word_1_7' title='bbox 671 393 819 460; x_wconf 81' lang='lat' dir='ltr'><strong>Ceterum</strong></span> <span class='ocrx_word' id='word_1_8' title='bbox 849 395 1040 479; x_wconf 88' lang='lat' dir='ltr'><strong>ubicumque</strong></span> <span class='ocrx_word' id='word_1_9' title='bbox 1068 397 1121 463; x_wconf 87' lang='lat' dir='ltr'><strong>vel</strong></span> 
     </span>
     <span class='ocr_line' id='line_1_3' title="bbox 78 489 1119 573; baseline 0.003 -18"><span class='ocrx_word' id='word_1_10' title='bbox 78 490 223 557; x_wconf 71' lang='lat' dir='ltr'><strong>codicibus</strong></span> <span class='ocrx_word' id='word_1_11' title='bbox 244 489 379 556; x_wconf 87' lang='lat' dir='ltr'><strong>vetustis</strong></span> <span class='ocrx_word' id='word_1_12' title='bbox 400 491 451 555; x_wconf 85' lang='lat' dir='ltr'><strong>vel</strong></span> <span class='ocrx_word' id='word_1_13' title='bbox 474 511 514 556; x_wconf 83' lang='lat' dir='ltr'><strong>ex</strong></span> <span class='ocrx_word' id='word_1_14' title='bbox 534 491 663 573; x_wconf 83' lang='lat' dir='ltr'><strong>iugenio</strong></span> <span class='ocrx_word' id='word_1_15' title='bbox 685 491 731 556; x_wconf 91' lang='lat' dir='ltr'><strong>sic</strong></span> <span class='ocrx_word' id='word_1_16' title='bbox 753 492 839 558; x_wconf 88' lang='lat' dir='ltr'><strong>clere</strong></span> <span class='ocrx_word' id='word_1_17' title='bbox 859 494 958 559; x_wconf 84' lang='lat' dir='ltr'><strong>rerba</strong></span> <span class='ocrx_word' id='word_1_18' title='bbox 979 494 1119 560; x_wconf 88' lang='lat' dir='ltr'><strong>restitui·</strong></span> 
     </span>
     <span class='ocr_line' id='line_1_4' title="bbox 80 587 1120 677; baseline 0.003 -23"><span class='ocrx_word' id='word_1_19' title='bbox 80 639 86 665; x_wconf 94' lang='lat'><strong>,</strong></span> <span class='ocrx_word' id='word_1_20' title='bbox 118 595 150 654; x_wconf 91' lang='lat' dir='ltr'><strong>ut</strong></span> <span class='ocrx_word' id='word_1_21' title='bbox 170 589 295 653; x_wconf 92' lang='lat' dir='ltr'><strong>omnino</strong></span> <span class='ocrx_word' id='word_1_22' title='bbox 315 587 352 653; x_wconf 92' lang='lat' dir='ltr'><strong>in</strong></span> <span class='ocrx_word' id='word_1_23' title='bbox 369 587 475 673; x_wconf 90' lang='lat' dir='ltr'><strong>ipsum</strong></span> <span class='ocrx_word' id='word_1_24' title='bbox 495 608 590 671; x_wconf 90' lang='lat' dir='ltr'><strong>quem</strong></span> <span class='ocrx_word' id='word_1_25' title='bbox 611 596 727 656; x_wconf 84' lang='lat' dir='ltr'><strong>vocant</strong></span> <span class='ocrx_word' id='word_1_26' title='bbox 748 588 937 655; x_wconf 82' lang='lat' dir='ltr'><strong>Contextum</strong></span> <span class='ocrx_word' id='word_1_27' title='bbox 961 609 1000 654; x_wconf 86' lang='lat' dir='ltr'><strong>ea</strong></span> <span class='ocrx_word' id='word_1_28' title='bbox 1020 592 1120 677; x_wconf 91' lang='lat' dir='ltr'><strong>recipi</strong></span> 
     </span>
     <span class='ocr_line' id='line_1_5' title="bbox 78 686 1120 771; baseline 0.002 -21"><span class='ocrx_word' id='word_1_29' title='bbox 78 692 175 752; x_wconf 78' lang='lat' dir='ltr'><strong>teret:</strong></span> <span class='ocrx_word' id='word_1_30' title='bbox 203 686 249 751; x_wconf 81' lang='lat' dir='ltr'><strong>ita</strong></span> <span class='ocrx_word' id='word_1_31' title='bbox 270 692 363 751; x_wconf 80' lang='lat' dir='ltr'><strong>caute</strong></span> <span class='ocrx_word' id='word_1_32' title='bbox 385 693 417 751; x_wconf 87' lang='lat' dir='ltr'><strong>et</strong></span> <span class='ocrx_word' id='word_1_33' title='bbox 436 686 594 771; x_wconf 88' lang='lat' dir='ltr'><strong>pudenter</strong></span> <span class='ocrx_word' id='word_1_34' title='bbox 614 705 681 751; x_wconf 88' lang='lat' dir='ltr'><strong>rem</strong></span> <span class='ocrx_word' id='word_1_35' title='bbox 704 686 873 768; x_wconf 78' lang='lat' dir='ltr'>gessimus,</span> <span class='ocrx_word' id='word_1_36' title='bbox 895 694 931 753; x_wconf 91' lang='lat' dir='ltr'><strong>ut</strong></span> <span class='ocrx_word' id='word_1_37' title='bbox 957 708 999 754; x_wconf 89' lang='lat' dir='ltr'><strong>ne</strong></span> <span class='ocrx_word' id='word_1_38' title='bbox 1026 689 1120 753; x_wconf 89' lang='lat' dir='ltr'><strong>mini·</strong></span> 
     </span>
     <span class='ocr_line' id='line_1_6' title="bbox 78 782 1120 870; baseline 0.003 -23"><span class='ocrx_word' id='word_1_39' title='bbox 78 806 91 847; x_wconf 91' lang='lat' dir='ltr'><strong>n</strong></span> <span class='ocrx_word' id='word_1_40' title='bbox 112 783 234 866; x_wconf 91' lang='lat' dir='ltr'><strong>quidem</strong></span> <span class='ocrx_word' id='word_1_41' title='bbox 255 805 276 849; x_wconf 86' lang='lat' dir='ltr'><strong>u</strong></span> <span class='ocrx_word' id='word_1_42' title='bbox 298 782 531 870; x_wconf 74' lang='lat' dir='ltr'><strong>probatissimis</strong></span> <span class='ocrx_word' id='word_1_43' title='bbox 553 783 745 850; x_wconf 83' lang='lat' dir='ltr'><strong>editionibus</strong></span> <span class='ocrx_word' id='word_1_44' title='bbox 766 784 923 851; x_wconf 82' lang='lat' dir='ltr'><strong>deflexum</strong></span> <span class='ocrx_word' id='word_1_45' title='bbox 949 784 1042 853; x_wconf 90' lang='lat' dir='ltr'><strong>nobis</strong></span> <span class='ocrx_word' id='word_1_46' title='bbox 1065 786 1120 864; x_wconf 87' lang='lat' dir='ltr'><strong>sit,</strong></span> 
     </span>
     <span class='ocr_line' id='line_1_7' title="bbox 78 881 1108 968; baseline 0.004 -23"><span class='ocrx_word' id='word_1_47' title='bbox 78 905 83 945; x_wconf 88' lang='grc' dir='ltr'>ι</span> <span class='ocrx_word' id='word_1_48' title='bbox 109 893 263 966; x_wconf 83' lang='lat' dir='ltr'><strong>receptam</strong></span> <span class='ocrx_word' id='word_1_49' title='bbox 290 881 383 945; x_wconf 88' lang='lat' dir='ltr'><strong>simui</strong></span> <span class='ocrx_word' id='word_1_50' title='bbox 412 881 576 946; x_wconf 85' lang='lat' dir='ltr'><strong>lectionem</strong></span> <span class='ocrx_word' id='word_1_51' title='bbox 605 881 637 945; x_wconf 91' lang='lat' dir='ltr'><strong>iu</strong></span> <span class='ocrx_word' id='word_1_52' title='bbox 666 881 731 946; x_wconf 87' lang='lat' dir='ltr'><strong>ima</strong></span> <span class='ocrx_word' id='word_1_53' title='bbox 760 883 879 967; x_wconf 81' lang='lat' dir='ltr'><strong>pagina</strong></span> <span class='ocrx_word' id='word_1_54' title='bbox 907 884 1108 968; x_wconf 87' lang='lat' dir='ltr'><strong>posuerimus</strong></span> 
     </span>
     <span class='ocr_line' id='line_1_8' title="bbox 78 979 1121 1066; baseline 0.004 -25"><span class='ocrx_word' id='word_1_55' title='bbox 78 1000 85 1041; x_wconf 90' lang='lat'>›</span> <span class='ocrx_word' id='word_1_56' title='bbox 107 985 140 1043; x_wconf 93' lang='lat' dir='ltr'><strong>ut</strong></span> <span class='ocrx_word' id='word_1_57' title='bbox 161 998 222 1044; x_wconf 92' lang='lat' dir='ltr'><strong>uno</strong></span> <span class='ocrx_word' id='word_1_58' title='bbox 243 979 342 1044; x_wconf 84' lang='lat' dir='ltr'><strong>lector</strong></span> <span class='ocrx_word' id='word_1_59' title='bbox 363 985 534 1063; x_wconf 86' lang='lat' dir='ltr'><strong>conspectu</strong></span> <span class='ocrx_word' id='word_1_60' title='bbox 556 985 621 1042; x_wconf 87' lang='lat' dir='ltr'><strong>tarn</strong></span> <span class='ocrx_word' id='word_1_61' title='bbox 641 998 755 1043; x_wconf 83' lang='lat' dir='ltr'><strong>novam</strong></span> <span class='ocrx_word' id='word_1_62' title='bbox 771 979 852 1045; x_wconf 80' lang='lat' dir='ltr'><strong>bene</strong></span> <span class='ocrx_word' id='word_1_63' title='bbox 868 1001 962 1062; x_wconf 86' lang='lat' dir='ltr'><strong>quum</strong></span> <span class='ocrx_word' id='word_1_64' title='bbox 978 980 1121 1066; x_wconf 91' lang='lat' dir='ltr'><strong>superio·</strong></span> 
     </span>
     <span class='ocr_line' id='line_1_9' title="bbox 79 1074 1122 1164; baseline 0 -22"><span class='ocrx_word' id='word_1_65' title='bbox 79 1074 229 1142; x_wconf 82' lang='lat' dir='ltr'><strong>editiones</strong></span> <span class='ocrx_word' id='word_1_66' title='bbox 250 1095 313 1140; x_wconf 90' lang='lat' dir='ltr'><strong>non</strong></span> <span class='ocrx_word' id='word_1_67' title='bbox 336 1075 407 1142; x_wconf 89' lang='lat' dir='ltr'><strong>sine</strong></span> <span class='ocrx_word' id='word_1_68' title='bbox 427 1094 545 1157; x_wconf 82' lang='lat' dir='ltr'><strong>magno</strong></span> <span class='ocrx_word' id='word_1_69' title='bbox 568 1095 626 1141; x_wconf 91' lang='lat' dir='ltr'><strong>suo</strong></span> <span class='ocrx_word' id='word_1_70' title='bbox 641 1075 805 1141; x_wconf 88' lang='lat' dir='ltr'><strong>commodo</strong></span> <span class='ocrx_word' id='word_1_71' title='bbox 823 1086 855 1143; x_wconf 89' lang='lat' dir='ltr'><strong>et</strong></span> <span class='ocrx_word' id='word_1_72' title='bbox 869 1078 1032 1164; x_wconf 88' lang='lat' dir='ltr'><strong>voluptate</strong></span> <span class='ocrx_word' id='word_1_73' title='bbox 1048 1098 1122 1143; x_wconf 90' lang='lat' dir='ltr'><strong>con·</strong></span> 
     </span>
     <span class='ocr_line' id='line_1_10' title="bbox 78 1172 1121 1260; baseline 0.002 -22"><span class='ocrx_word' id='word_1_74' title='bbox 78 1173 150 1258; x_wconf 84' lang='lat' dir='ltr'><strong>plari</strong></span> <span class='ocrx_word' id='word_1_75' title='bbox 171 1180 275 1255; x_wconf 84' lang='lat' dir='ltr'><strong>quest.</strong></span> <span class='ocrx_word' id='word_1_76' title='bbox 319 1174 363 1240; x_wconf 90' lang='lat' dir='ltr'><strong>Ut</strong></span> <span class='ocrx_word' id='word_1_77' title='bbox 390 1172 474 1238; x_wconf 90' lang='lat' dir='ltr'><strong>euim</strong></span> <span class='ocrx_word' id='word_1_78' title='bbox 503 1172 601 1238; x_wconf 85' lang='lat' dir='ltr'><strong>stulta</strong></span> <span class='ocrx_word' id='word_1_79' title='bbox 629 1192 737 1238; x_wconf 90' lang='lat' dir='ltr'><strong>eorum</strong></span> <span class='ocrx_word' id='word_1_80' title='bbox 765 1174 949 1260; x_wconf 87' lang='lat' dir='ltr'><strong>superstitio</strong></span> <span class='ocrx_word' id='word_1_81' title='bbox 972 1182 1037 1252; x_wconf 91' lang='lat' dir='ltr'><strong>est,</strong></span> <span class='ocrx_word' id='word_1_82' title='bbox 1067 1177 1121 1258; x_wconf 88' lang='lat' dir='ltr'><strong>qui</strong></span> 
     </span>
     <span class='ocr_line' id='line_1_11' title="bbox 78 1269 1122 1352; baseline 0.004 -18"><span class='ocrx_word' id='word_1_83' title='bbox 78 1269 269 1352; x_wconf 85' lang='lat' dir='ltr'><strong>iquicquam</strong></span> <span class='ocrx_word' id='word_1_84' title='bbox 290 1270 323 1334; x_wconf 89' lang='lat' dir='ltr'><strong>iu</strong></span> <span class='ocrx_word' id='word_1_85' title='bbox 347 1269 505 1335; x_wconf 84' lang='lat' dir='ltr'><strong>Contestu</strong></span> <span class='ocrx_word' id='word_1_86' title='bbox 533 1269 643 1334; x_wconf 83' lang='lat' dir='ltr'><strong>novari</strong></span> <span class='ocrx_word' id='word_1_87' title='bbox 670 1270 795 1347; x_wconf 83' lang='lat' dir='ltr'><strong>volunt,</strong></span> <span class='ocrx_word' id='word_1_88' title='bbox 824 1270 1122 1338; x_wconf 78' lang='lat' dir='ltr'><strong>manifestissimum</strong></span> 
     </span>
     <span class='ocr_line' id='line_1_12' title="bbox 78 1367 1120 1453; baseline 0.003 -22"><span class='ocrx_word' id='word_1_89' title='bbox 78 1368 142 1435; x_wconf 88' lang='lat' dir='ltr'><strong>ieet</strong></span> <span class='ocrx_word' id='word_1_90' title='bbox 162 1368 451 1449; x_wconf 77' lang='lat' dir='ltr'><strong>certissimumque3</strong></span> <span class='ocrx_word' id='word_1_91' title='bbox 479 1367 525 1431; x_wconf 87' lang='lat' dir='ltr'><strong>ita</strong></span> <span class='ocrx_word' id='word_1_92' title='bbox 554 1388 663 1433; x_wconf 89' lang='lat' dir='ltr'><strong>rursus</strong></span> <span class='ocrx_word' id='word_1_93' title='bbox 683 1368 894 1453; x_wconf 84' lang='lat' dir='ltr'><strong>improbanda</strong></span> <span class='ocrx_word' id='word_1_94' title='bbox 921 1376 970 1435; x_wconf 87' lang='lat' dir='ltr'><strong>est</strong></span> <span class='ocrx_word' id='word_1_95' title='bbox 998 1377 1030 1436; x_wconf 90' lang='lat' dir='ltr'><strong>et</strong></span> <span class='ocrx_word' id='word_1_96' title='bbox 1057 1389 1120 1435; x_wconf 95' lang='lat' dir='ltr'><strong>non</strong></span> 
     </span>
     <span class='ocr_line' id='line_1_13' title="bbox 78 1464 1120 1549; baseline 0.002 -20"><span class='ocrx_word' id='word_1_97' title='bbox 78 1465 137 1530; x_wconf 89' lang='lat' dir='ltr'><strong>nda</strong></span> <span class='ocrx_word' id='word_1_98' title='bbox 150 1464 283 1530; x_wconf 80' lang='lat' dir='ltr'><strong>aliorum</strong></span> <span class='ocrx_word' id='word_1_99' title='bbox 298 1464 423 1540; x_wconf 89' lang='lat' dir='ltr'><strong>fiducia,</strong></span> <span class='ocrx_word' id='word_1_100' title='bbox 446 1465 501 1546; x_wconf 87' lang='lat' dir='ltr'><strong>qui</strong></span> <span class='ocrx_word' id='word_1_101' title='bbox 515 1465 597 1529; x_wconf 87' lang='lat' dir='ltr'><strong>olam</strong></span> <span class='ocrx_word' id='word_1_102' title='bbox 613 1464 780 1531; x_wconf 85' lang='lat' dir='ltr'><strong>immutare</strong></span> <span class='ocrx_word' id='word_1_103' title='bbox 795 1466 962 1549; x_wconf 88' lang='lat' dir='ltr'><strong>quiequam</strong></span> <span class='ocrx_word' id='word_1_104' title='bbox 978 1474 1010 1532; x_wconf 88' lang='lat' dir='ltr'><strong>et</strong></span> <span class='ocrx_word' id='word_1_105' title='bbox 1024 1466 1120 1533; x_wconf 80' lang='lat' dir='ltr'><strong>inter-</strong></span> 
     </span>
     <span class='ocr_line' id='line_1_14' title="bbox 78 1561 1119 1643; baseline 0.003 -17"><span class='ocrx_word' id='word_1_106' title='bbox 78 1562 263 1638; x_wconf 79' lang='lat' dir='ltr'><strong>recudent,</strong></span> <span class='ocrx_word' id='word_1_107' title='bbox 285 1578 388 1643; x_wconf 88' lang='lat' dir='ltr'><strong>neque</strong></span> <span class='ocrx_word' id='word_1_108' title='bbox 410 1561 559 1628; x_wconf 89' lang='lat' dir='ltr'><strong>lectorem</strong></span> <span class='ocrx_word' id='word_1_109' title='bbox 583 1562 623 1627; x_wconf 92' lang='lat' dir='ltr'><strong>de</strong></span> <span class='ocrx_word' id='word_1_110' title='bbox 645 1582 686 1627; x_wconf 90' lang='lat' dir='ltr'><strong>ea</strong></span> <span class='ocrx_word' id='word_1_111' title='bbox 699 1584 733 1629; x_wconf 89' lang='lat' dir='ltr'><strong>re</strong></span> <span class='ocrx_word' id='word_1_112' title='bbox 753 1564 805 1629; x_wconf 87' lang='lat' dir='ltr'><strong>vel</strong></span> <span class='ocrx_word' id='word_1_113' title='bbox 826 1565 923 1629; x_wconf 83' lang='lat' dir='ltr'><strong>verbo</strong></span> <span class='ocrx_word' id='word_1_114' title='bbox 938 1563 1119 1629; x_wconf 79' lang='lat' dir='ltr'><strong>admonent</strong></span> 
     </span>
     <span class='ocr_line' id='line_1_15' title="bbox 78 1658 1121 1745; baseline 0.003 -21"><span class='ocrx_word' id='word_1_115' title='bbox 78 1666 119 1737; x_wconf 85' lang='grc' dir='ltr'><strong>ι*)</strong></span> <span class='ocrx_word' id='word_1_116' title='bbox 151 1665 257 1725; x_wconf 81' lang='lat' dir='ltr'><strong>sutem</strong></span> <span class='ocrx_word' id='word_1_117' title='bbox 289 1658 379 1744; x_wconf 94' lang='lat' dir='ltr'><strong>prius</strong></span> <span class='ocrx_word' id='word_1_118' title='bbox 410 1678 451 1723; x_wconf 85' lang='lat' dir='ltr'><strong>ex</strong></span> <span class='ocrx_word' id='word_1_119' title='bbox 483 1659 533 1724; x_wconf 93' lang='lat' dir='ltr'><strong>his</strong></span> <span class='ocrx_word' id='word_1_120' title='bbox 563 1658 689 1727; x_wconf 91' lang='lat' dir='ltr'><strong>duobus</strong></span> <span class='ocrx_word' id='word_1_121' title='bbox 711 1661 886 1739; x_wconf 86' lang='lat' dir='ltr'><strong>Volumen,</strong></span> <span class='ocrx_word' id='word_1_122' title='bbox 917 1681 980 1745; x_wconf 91' lang='lat' dir='ltr'><strong>quo</strong></span> <span class='ocrx_word' id='word_1_123' title='bbox 1002 1664 1121 1728; x_wconf 79' lang='lat' dir='ltr'><strong>Poetae</strong></span> 
     </span>
     <span class='ocr_line' id='line_1_16' title="bbox 80 1755 1121 1844; baseline 0.002 -23"><span class='ocrx_word' id='word_1_124' title='bbox 80 1755 189 1823; x_wconf 87' lang='lat' dir='ltr'><strong>asine</strong></span> <span class='ocrx_word' id='word_1_125' title='bbox 211 1756 435 1840; x_wconf 86' lang='lat' dir='ltr'><strong>commentario</strong></span> <span class='ocrx_word' id='word_1_126' title='bbox 458 1756 661 1835; x_wconf 84' lang='lat' dir='ltr'><strong>exhibentur,</strong></span> <span class='ocrx_word' id='word_1_127' title='bbox 684 1756 739 1823; x_wconf 89' lang='lat' dir='ltr'><strong>din</strong></span> <span class='ocrx_word' id='word_1_128' title='bbox 762 1764 836 1822; x_wconf 85' lang='lat' dir='ltr'><strong>ante</strong></span> <span class='ocrx_word' id='word_1_129' title='bbox 858 1759 944 1844; x_wconf 82' lang='lat' dir='ltr'><strong>typis</strong></span> <span class='ocrx_word' id='word_1_130' title='bbox 967 1777 1121 1824; x_wconf 85' lang='lat' dir='ltr'><strong>excusum</strong></span> 
     </span>
     <span class='ocr_line' id='line_1_17' title="bbox 78 1852 1122 1938; baseline 0.002 -20"><span class='ocrx_word' id='word_1_131' title='bbox 78 1862 88 1918; x_wconf 94' lang='lat' dir='ltr'><strong>t</strong></span> <span class='ocrx_word' id='word_1_132' title='bbox 133 1874 228 1938; x_wconf 86' lang='lat' dir='ltr'><strong>quarn</strong></span> <span class='ocrx_word' id='word_1_133' title='bbox 250 1852 517 1919; x_wconf 82' lang='lat' dir='ltr'><strong>Adnotstionibus</strong></span> <span class='ocrx_word' id='word_1_134' title='bbox 539 1874 667 1919; x_wconf 82' lang='lat' dir='ltr'><strong>manum</strong></span> <span class='ocrx_word' id='word_1_135' title='bbox 695 1855 916 1934; x_wconf 81' lang='lat' dir='ltr'><strong>admoverem3</strong></span> <span class='ocrx_word' id='word_1_136' title='bbox 944 1856 1001 1922; x_wconf 83' lang='lat' dir='ltr'><strong>vix</strong></span> <span class='ocrx_word' id='word_1_137' title='bbox 1028 1856 1122 1921; x_wconf 86' lang='lat' dir='ltr'><strong>aliter</strong></span> 
     </span>
     <span class='ocr_line' id='line_1_18' title="bbox 78 1906 1120 2036; baseline 0.001 -20"><span class='ocrx_word' id='word_1_138' title='bbox 78 1906 128 2016; x_wconf 51' lang='lat' dir='ltr'><strong>ub</strong></span> <span class='ocrx_word' id='word_1_139' title='bbox 135 1950 265 2036; x_wconf 87' lang='lat' dir='ltr'><strong>ancipiti</strong></span> <span class='ocrx_word' id='word_1_140' title='bbox 280 1950 388 2016; x_wconf 91' lang='lat' dir='ltr'><strong>iudicii</strong></span> <span class='ocrx_word' id='word_1_141' title='bbox 410 1951 491 2026; x_wconf 83' lang='lat' dir='ltr'><strong>alec,</strong></span> <span class='ocrx_word' id='word_1_142' title='bbox 514 1971 586 2016; x_wconf 92' lang='lat' dir='ltr'><strong>cum</strong></span> <span class='ocrx_word' id='word_1_143' title='bbox 600 1952 740 2017; x_wconf 89' lang='lat' dir='ltr'><strong>nondum</strong></span> <span class='ocrx_word' id='word_1_144' title='bbox 755 1952 831 2018; x_wconf 89' lang='lat' dir='ltr'><strong>mihi</strong></span> <span class='ocrx_word' id='word_1_145' title='bbox 846 1971 957 2019; x_wconf 88' lang='lat' dir='ltr'><strong>omnes</strong></span> <span class='ocrx_word' id='word_1_146' title='bbox 968 1952 1120 2019; x_wconf 80' lang='lat' dir='ltr'><strong>Codicum</strong></span> 
     </span>
     <span class='ocr_line' id='line_1_19' title="bbox 78 2048 1121 2136; baseline 0.003 -23"><span class='ocrx_word' id='word_1_147' title='bbox 78 2070 112 2115; x_wconf 83' lang='lat' dir='ltr'><strong>ue</strong></span> <span class='ocrx_word' id='word_1_148' title='bbox 132 2056 261 2135; x_wconf 82' lang='lat' dir='ltr'><strong>praesto</strong></span> <span class='ocrx_word' id='word_1_149' title='bbox 282 2055 401 2125; x_wconf 85' lang='lat' dir='ltr'><strong>essent,</strong></span> <span class='ocrx_word' id='word_1_150' title='bbox 425 2048 551 2114; x_wconf 90' lang='lat' dir='ltr'><strong>evenire</strong></span> <span class='ocrx_word' id='word_1_151' title='bbox 572 2050 691 2134; x_wconf 87' lang='lat' dir='ltr'><strong>potuit,</strong></span> <span class='ocrx_word' id='word_1_152' title='bbox 720 2070 817 2133; x_wconf 84' lang='lat' dir='ltr'><strong>quum</strong></span> <span class='ocrx_word' id='word_1_153' title='bbox 840 2057 876 2115; x_wconf 90' lang='lat' dir='ltr'><strong>ut</strong></span> <span class='ocrx_word' id='word_1_154' title='bbox 897 2050 1054 2136; x_wconf 86' lang='lat' dir='ltr'><strong>quasdam</strong></span> <span class='ocrx_word' id='word_1_155' title='bbox 1075 2050 1121 2116; x_wconf 90' lang='lat' dir='ltr'><strong>le·</strong></span> 
     </span>
     <span class='ocr_line' id='line_1_20' title="bbox 78 2145 1120 2231; baseline 0.002 -21"><span class='ocrx_word' id='word_1_156' title='bbox 78 2166 120 2212; x_wconf 78' lang='lat' dir='ltr'><strong>res</strong></span> <span class='ocrx_word' id='word_1_157' title='bbox 142 2146 301 2231; x_wconf 84' lang='lat' dir='ltr'><strong>prioribus</strong></span> <span class='ocrx_word' id='word_1_158' title='bbox 322 2145 469 2211; x_wconf 89' lang='lat' dir='ltr'><strong>omnibus</strong></span> <span class='ocrx_word' id='word_1_159' title='bbox 491 2147 642 2231; x_wconf 83' lang='lat' dir='ltr'><strong>probatas</strong></span> <span class='ocrx_word' id='word_1_160' title='bbox 663 2147 696 2211; x_wconf 94' lang='lat' dir='ltr'><strong>in</strong></span> <span class='ocrx_word' id='word_1_161' title='bbox 712 2147 868 2213; x_wconf 83' lang='lat' dir='ltr'><strong>Contextu</strong></span> <span class='ocrx_word' id='word_1_162' title='bbox 883 2148 958 2213; x_wconf 88' lang='lat' dir='ltr'><strong>ferri</strong></span> <span class='ocrx_word' id='word_1_163' title='bbox 973 2148 1120 2225; x_wconf 87' lang='lat' dir='ltr'><strong>sinerem,</strong></span> 
     </span>
     <span class='ocr_line' id='line_1_21' title="bbox 78 2244 1119 2332; baseline 0.004 -26"><span class='ocrx_word' id='word_1_164' title='bbox 78 2267 81 2306; x_wconf 78' lang='lat' dir='ltr'><strong>t</strong></span> <span class='ocrx_word' id='word_1_165' title='bbox 110 2251 223 2329; x_wconf 81' lang='lat' dir='ltr'><strong>postea</strong></span> <span class='ocrx_word' id='word_1_166' title='bbox 251 2264 286 2308; x_wconf 91' lang='lat' dir='ltr'><strong>re</strong></span> <span class='ocrx_word' id='word_1_167' title='bbox 313 2244 493 2310; x_wconf 79' lang='lat' dir='ltr'><strong>accuratius</strong></span> <span class='ocrx_word' id='word_1_168' title='bbox 520 2264 679 2329; x_wconf 87' lang='lat' dir='ltr'><strong>perpensa</strong></span> <span class='ocrx_word' id='word_1_169' title='bbox 707 2246 824 2311; x_wconf 84' lang='lat' dir='ltr'><strong>eiectus</strong></span> <span class='ocrx_word' id='word_1_170' title='bbox 853 2264 925 2312; x_wconf 90' lang='lat' dir='ltr'><strong>esse</strong></span> <span class='ocrx_word' id='word_1_171' title='bbox 954 2265 1119 2332; x_wconf 86' lang='lat' dir='ltr'><strong>cuperem3</strong></span> 
     </span>
     <span class='ocr_line' id='line_1_22' title="bbox 78 2339 1122 2427; baseline 0.002 -22"><span class='ocrx_word' id='word_1_172' title='bbox 78 2362 172 2426; x_wconf 77' lang='lat' dir='ltr'><strong>saque</strong></span> <span class='ocrx_word' id='word_1_173' title='bbox 194 2339 294 2406; x_wconf 82' lang='lat' dir='ltr'><strong>novas</strong></span> <span class='ocrx_word' id='word_1_174' title='bbox 315 2341 437 2423; x_wconf 81' lang='lat' dir='ltr'><strong>aliquot</strong></span> <span class='ocrx_word' id='word_1_175' title='bbox 458 2342 698 2419; x_wconf 86' lang='lat' dir='ltr'><strong>introducerem,</strong></span> <span class='ocrx_word' id='word_1_176' title='bbox 721 2362 856 2424; x_wconf 83' lang='lat' dir='ltr'><strong>querum</strong></span> <span class='ocrx_word' id='word_1_177' title='bbox 878 2348 991 2427; x_wconf 85' lang='lat' dir='ltr'><strong>postea</strong></span> <span class='ocrx_word' id='word_1_178' title='bbox 1012 2343 1122 2427; x_wconf 91' lang='lat' dir='ltr'><strong>poeni·</strong></span> 
     </span>
     <span class='ocr_line' id='line_1_23' title="bbox 78 2434 1191 2525; baseline 0.006 -22"><span class='ocrx_word' id='word_1_179' title='bbox 78 2462 91 2504; x_wconf 84' lang='grc'><strong>;.</strong></span> <span class='ocrx_word' id='word_1_180' title='bbox 121 2441 171 2504; x_wconf 84' lang='lat' dir='ltr'><strong>lta</strong></span> <span class='ocrx_word' id='word_1_181' title='bbox 187 2439 334 2504; x_wconf 78' lang='lat' dir='ltr'><strong>Carmine</strong></span> <span class='ocrx_word' id='word_1_182' title='bbox 348 2441 397 2503; x_wconf 92' lang='grc' dir='ltr'><strong>ΙΠ</strong></span> <span class='ocrx_word' id='word_1_183' title='bbox 415 2439 500 2504; x_wconf 89' lang='lat' dir='ltr'><strong>Libri</strong></span> <span class='ocrx_word' id='word_1_184' title='bbox 524 2440 617 2525; x_wconf 87' lang='lat' dir='ltr'><strong>primi</strong></span> <span class='ocrx_word' id='word_1_185' title='bbox 639 2445 678 2519; x_wconf 81' lang='lat' dir='ltr'><strong>[v.</strong></span> <span class='ocrx_word' id='word_1_186' title='bbox 697 2442 745 2519; x_wconf 81' lang='lat'><strong>18]</strong></span> <span class='ocrx_word' id='word_1_187' title='bbox 770 2441 855 2503; x_wconf 80' lang='lat' dir='ltr'><strong>Siccis</strong></span> <span class='ocrx_word' id='word_1_188' title='bbox 877 2434 965 2503; x_wconf 79' lang='lat' dir='ltr'><strong>oculis</strong></span> <span class='ocrx_word' id='word_1_189' title='bbox 986 2440 1119 2505; x_wconf 90' lang='lat' dir='ltr'><strong>nimium</strong></span> <span class='ocrx_word' id='word_1_190' title='bbox 1188 2503 1191 2510; x_wconf 90' lang='lat'><em>.</em></span> 
     </span>
     <span class='ocr_line' id='line_1_24' title="bbox 78 2536 1170 2619; baseline -0.005 -18"><span class='ocrx_word' id='word_1_191' title='bbox 78 2542 157 2602; x_wconf 72' lang='lat' dir='ltr'><strong>enter</strong></span> <span class='ocrx_word' id='word_1_192' title='bbox 176 2536 251 2614; x_wconf 89' lang='lat' dir='ltr'><strong>tuli;</strong></span> <span class='ocrx_word' id='word_1_193' title='bbox 282 2536 372 2602; x_wconf 89' lang='lat' dir='ltr'><strong>ouius</strong></span> <span class='ocrx_word' id='word_1_194' title='bbox 393 2537 472 2614; x_wconf 92' lang='lat' dir='ltr'><strong>loco,</strong></span> <span class='ocrx_word' id='word_1_195' title='bbox 496 2537 596 2604; x_wconf 91' lang='lat' dir='ltr'><strong>sires</strong></span> <span class='ocrx_word' id='word_1_196' title='bbox 618 2557 700 2602; x_wconf 87' lang='lat' dir='ltr'><strong>nuno</strong></span> <span class='ocrx_word' id='word_1_197' title='bbox 721 2538 731 2619; x_wconf 85' lang='lat' dir='ltr'><strong>i</strong></span> <span class='ocrx_word' id='word_1_198' title='bbox 754 2537 880 2618; x_wconf 85' lang='lat' dir='ltr'><strong>integra</strong></span> <span class='ocrx_word' id='word_1_199' title='bbox 902 2542 997 2613; x_wconf 90' lang='lat' dir='ltr'><strong>esset,</strong></span> <span class='ocrx_word' id='word_1_200' title='bbox 1023 2537 1117 2601; x_wconf 76' lang='lat' dir='ltr'><strong>flectis</strong></span> <span class='ocrx_word' id='word_1_201' title='bbox 1139 2542 1146 2595; x_wconf 73' lang='grc' dir='ltr'><em>ῑ</em></span> <span class='ocrx_word' id='word_1_202' title='bbox 1165 2572 1170 2584; x_wconf 88' lang='lat'>·</span> 
     </span>
     <span class='ocr_line' id='line_1_25' title="bbox 78 2634 1118 2713; baseline 0.004 -17"><span class='ocrx_word' id='word_1_203' title='bbox 78 2642 95 2696; x_wconf 87' lang='lat' dir='ltr'><strong>&#39;s</strong></span> <span class='ocrx_word' id='word_1_204' title='bbox 122 2634 189 2701; x_wconf 90' lang='lat' dir='ltr'><strong>sine</strong></span> <span class='ocrx_word' id='word_1_205' title='bbox 218 2634 415 2700; x_wconf 89' lang='lat' dir='ltr'><strong>dubitatione</strong></span> <span class='ocrx_word' id='word_1_206' title='bbox 438 2635 631 2701; x_wconf 86' lang='lat' dir='ltr'><strong>substituere</strong></span> <span class='ocrx_word' id='word_1_207' title='bbox 651 2634 762 2700; x_wconf 85' lang='lat' dir='ltr'><strong>velim:</strong></span> <span class='ocrx_word' id='word_1_208' title='bbox 791 2654 919 2713; x_wconf 90' lang='lat' dir='ltr'><strong>rursus,</strong></span> <span class='ocrx_word' id='word_1_209' title='bbox 950 2635 1054 2701; x_wconf 76' lang='lat' dir='ltr'><strong>Carni.</strong></span> <span class='ocrx_word' id='word_1_210' title='bbox 1076 2636 1118 2713; x_wconf 85' lang='lat'><strong>11,</strong></span> 
     </span>
     <span class='ocr_line' id='line_1_26' title="bbox 87 2731 1121 2814; baseline 0.003 -21"><span class='ocrx_word' id='word_1_211' title='bbox 87 2734 164 2813; x_wconf 71' lang='lat' dir='ltr'><strong>spot,</strong></span> <span class='ocrx_word' id='word_1_212' title='bbox 190 2731 294 2797; x_wconf 86' lang='lat' dir='ltr'><strong>Carm.</strong></span> <span class='ocrx_word' id='word_1_213' title='bbox 317 2732 370 2808; x_wconf 91' lang='lat' dir='ltr'><strong>IV,</strong></span> <span class='ocrx_word' id='word_1_214' title='bbox 393 2735 478 2809; x_wconf 88' lang='grc'><strong>9,18</strong></span> <span class='ocrx_word' id='word_1_215' title='bbox 501 2732 578 2809; x_wconf 81' lang='lat' dir='ltr'><strong>ilios,</strong></span> <span class='ocrx_word' id='word_1_216' title='bbox 603 2732 707 2798; x_wconf 81' lang='lat' dir='ltr'><strong>Oarrn.</strong></span> <span class='ocrx_word' id='word_1_217' title='bbox 723 2732 778 2807; x_wconf 86' lang='lat' dir='ltr'><strong>IV,</strong></span> <span class='ocrx_word' id='word_1_218' title='bbox 795 2735 824 2810; x_wconf 91' lang='grc'>9,</span> <span class='ocrx_word' id='word_1_219' title='bbox 840 2737 881 2799; x_wconf 83' lang='lat'><strong>43</strong></span> <span class='ocrx_word' id='word_1_220' title='bbox 908 2733 993 2797; x_wconf 80' lang='lat' dir='ltr'><strong>Vultu</strong></span> <span class='ocrx_word' id='word_1_221' title='bbox 1016 2745 1041 2796; x_wconf 87' lang='lat' dir='ltr'><strong>et</strong></span> <span class='ocrx_word' id='word_1_222' title='bbox 1056 2753 1121 2814; x_wconf 82' lang='lat' dir='ltr'><strong>per,</strong></span> 
     </span>
     <span class='ocr_line' id='line_1_27' title="bbox 78 2830 1122 2914; baseline 0 -22"><span class='ocrx_word' id='word_1_223' title='bbox 78 2830 99 2892; x_wconf 93' lang='grc' dir='ltr'><strong>Ι.</strong></span> <span class='ocrx_word' id='word_1_224' title='bbox 117 2836 147 2905; x_wconf 88' lang='grc'><strong>5,</strong></span> <span class='ocrx_word' id='word_1_225' title='bbox 164 2833 205 2894; x_wconf 86' lang='grc'><strong>80</strong></span> <span class='ocrx_word' id='word_1_226' title='bbox 230 2830 372 2901; x_wconf 83' lang='lat' dir='ltr'><strong>Porrecto,</strong></span> <span class='ocrx_word' id='word_1_227' title='bbox 394 2830 497 2914; x_wconf 83' lang='lat' dir='ltr'><strong>Epod.</strong></span> <span class='ocrx_word' id='word_1_228' title='bbox 513 2835 561 2908; x_wconf 90' lang='grc'><strong>16,</strong></span> <span class='ocrx_word' id='word_1_229' title='bbox 584 2833 624 2896; x_wconf 86' lang='grc'><strong>63</strong></span> <span class='ocrx_word' id='word_1_230' title='bbox 646 2831 778 2903; x_wconf 85' lang='lat' dir='ltr'><strong>Scoreoit,</strong></span> <span class='ocrx_word' id='word_1_231' title='bbox 808 2831 909 2914; x_wconf 83' lang='lat' dir='ltr'><strong>Epod.</strong></span> <span class='ocrx_word' id='word_1_232' title='bbox 931 2834 978 2909; x_wconf 88' lang='grc'><strong>16,</strong></span> <span class='ocrx_word' id='word_1_233' title='bbox 995 2834 1035 2895; x_wconf 81' lang='grc'><strong>65</strong></span> <span class='ocrx_word' id='word_1_234' title='bbox 1052 2832 1122 2893; x_wconf 79' lang='lat' dir='ltr'><strong>Aere</strong></span> 
     </span>
     <span class='ocr_line' id='line_1_28' title="bbox 79 2925 1122 3010; baseline 0.003 -22"><span class='ocrx_word' id='word_1_235' title='bbox 79 2946 241 3007; x_wconf 81' lang='lat' dir='ltr'><strong>equorum,</strong></span> <span class='ocrx_word' id='word_1_236' title='bbox 264 2925 363 2991; x_wconf 84' lang='lat' dir='ltr'><strong>Serm.</strong></span> <span class='ocrx_word' id='word_1_237' title='bbox 379 2926 404 3004; x_wconf 94' lang='lat' dir='ltr'><strong>I,</strong></span> <span class='ocrx_word' id='word_1_238' title='bbox 423 2932 449 3004; x_wconf 90' lang='lat'><strong>1,</strong></span> <span class='ocrx_word' id='word_1_239' title='bbox 469 2931 526 2992; x_wconf 79' lang='lat'><strong>105</strong></span> <span class='ocrx_word' id='word_1_240' title='bbox 546 2928 698 3003; x_wconf 81' lang='lat' dir='ltr'><strong>Qniddom,</strong></span> <span class='ocrx_word' id='word_1_241' title='bbox 715 2926 816 2993; x_wconf 82' lang='lat' dir='ltr'><strong>Serm.</strong></span> <span class='ocrx_word' id='word_1_242' title='bbox 831 2929 857 3004; x_wconf 89' lang='grc' dir='ltr'><strong>Ι,</strong></span> <span class='ocrx_word' id='word_1_243' title='bbox 875 2930 904 3008; x_wconf 84' lang='grc'>3,</span> <span class='ocrx_word' id='word_1_244' title='bbox 923 2931 982 2994; x_wconf 86' lang='grc'>133</span> <span class='ocrx_word' id='word_1_245' title='bbox 1002 2927 1122 3010; x_wconf 80' lang='lat' dir='ltr'><strong>Vellent,</strong></span> 
     </span>
     <span class='ocr_line' id='line_1_29' title="bbox 78 3023 1121 3107; baseline 0 -21"><span class='ocrx_word' id='word_1_246' title='bbox 78 3046 98 3087; x_wconf 77' lang='lat' dir='ltr'><strong>r,</strong></span> <span class='ocrx_word' id='word_1_247' title='bbox 114 3025 142 3099; x_wconf 95' lang='grc' dir='ltr'><strong>Ι,</strong></span> <span class='ocrx_word' id='word_1_248' title='bbox 159 3029 191 3101; x_wconf 89' lang='grc'><strong>4,</strong></span> <span class='ocrx_word' id='word_1_249' title='bbox 206 3028 247 3089; x_wconf 90' lang='grc'><strong>48</strong></span> <span class='ocrx_word' id='word_1_250' title='bbox 270 3025 367 3087; x_wconf 86' lang='lat' dir='ltr'><strong>Sermo</strong></span> <span class='ocrx_word' id='word_1_251' title='bbox 389 3044 493 3097; x_wconf 79' lang='lat' dir='ltr'><strong>ments,</strong></span> <span class='ocrx_word' id='word_1_252' title='bbox 517 3025 617 3089; x_wconf 80' lang='lat' dir='ltr'><strong>Serm.</strong></span> <span class='ocrx_word' id='word_1_253' title='bbox 633 3024 657 3100; x_wconf 87' lang='lat' dir='ltr'><strong>i,</strong></span> <span class='ocrx_word' id='word_1_254' title='bbox 674 3029 703 3107; x_wconf 82' lang='lat'><strong>6,</strong></span> <span class='ocrx_word' id='word_1_255' title='bbox 726 3029 766 3089; x_wconf 82' lang='lat'><strong>20</strong></span> <span class='ocrx_word' id='word_1_256' title='bbox 791 3025 957 3106; x_wconf 79' lang='lat' dir='ltr'><strong>Censorpue,</strong></span> <span class='ocrx_word' id='word_1_257' title='bbox 980 3024 1080 3089; x_wconf 87' lang='lat' dir='ltr'><strong>Serm.</strong></span> <span class='ocrx_word' id='word_1_258' title='bbox 1095 3023 1121 3099; x_wconf 90' lang='lat' dir='ltr'><strong>I,</strong></span> 
     </span>
     <span class='ocr_line' id='line_1_30' title="bbox 78 3121 1125 3202; baseline -0.003 -17"><span class='ocrx_word' id='word_1_259' title='bbox 78 3127 89 3185; x_wconf 85' lang='lat' dir='ltr'><strong>i</strong></span> <span class='ocrx_word' id='word_1_260' title='bbox 119 3121 268 3202; x_wconf 80' lang='lat' dir='ltr'><strong>Utrasque,</strong></span> <span class='ocrx_word' id='word_1_261' title='bbox 292 3122 392 3187; x_wconf 86' lang='lat' dir='ltr'><strong>Serm.</strong></span> <span class='ocrx_word' id='word_1_262' title='bbox 414 3123 440 3198; x_wconf 88' lang='lat' dir='ltr'><strong>l,</strong></span> <span class='ocrx_word' id='word_1_263' title='bbox 464 3125 491 3194; x_wconf 92' lang='grc'><strong>8,</strong></span> <span class='ocrx_word' id='word_1_264' title='bbox 509 3124 549 3187; x_wconf 86' lang='grc'><strong>28</strong></span> <span class='ocrx_word' id='word_1_265' title='bbox 574 3122 727 3202; x_wconf 78' lang='lat' dir='ltr'><strong>Confusus,</strong></span> <span class='ocrx_word' id='word_1_266' title='bbox 751 3121 850 3186; x_wconf 82' lang='lat' dir='ltr'><strong>Serm.</strong></span> <span class='ocrx_word' id='word_1_267' title='bbox 872 3123 915 3199; x_wconf 87' lang='lat'><strong>11,</strong></span> <span class='ocrx_word' id='word_1_268' title='bbox 938 3125 967 3200; x_wconf 82' lang='lat'><strong>2,</strong></span> <span class='ocrx_word' id='word_1_269' title='bbox 984 3125 1023 3186; x_wconf 88' lang='grc'><strong>85</strong></span> <span class='ocrx_word' id='word_1_270' title='bbox 1046 3122 1125 3183; x_wconf 78' lang='lat' dir='ltr'><strong>Anat</strong></span> 
     </span>
    </p>
   </div>
   <div class='ocr_carea' id='block_1_3' title="bbox 78 3217 1242 3299">
    <p class='ocr_par' dir='ltr' id='par_1_3' title="bbox 78 3217 1242 3299">
     <span class='ocr_line' id='line_1_31' title="bbox 78 3217 1242 3299; baseline -0.002 -17"><span class='ocrx_word' id='word_1_271' title='bbox 78 3238 157 3282; x_wconf 89' lang='lat' dir='ltr'><strong>erm.</strong></span> <span class='ocrx_word' id='word_1_272' title='bbox 179 3219 222 3294; x_wconf 94' lang='grc' dir='ltr'><strong>ΙΙ,</strong></span> <span class='ocrx_word' id='word_1_273' title='bbox 245 3222 274 3293; x_wconf 82' lang='lat'><strong>2,</strong></span> <span class='ocrx_word' id='word_1_274' title='bbox 290 3220 330 3282; x_wconf 85' lang='grc'><strong>95</strong></span> <span class='ocrx_word' id='word_1_275' title='bbox 355 3220 486 3299; x_wconf 85' lang='lat' dir='ltr'><strong>Occupat,</strong></span> <span class='ocrx_word' id='word_1_276' title='bbox 510 3217 609 3282; x_wconf 88' lang='lat' dir='ltr'><strong>Serm.</strong></span> <span class='ocrx_word' id='word_1_277' title='bbox 625 3219 667 3294; x_wconf 90' lang='lat' dir='ltr'><strong>II,</strong></span> <span class='ocrx_word' id='word_1_278' title='bbox 683 3224 711 3289; x_wconf 88' lang='grc'><strong>4,</strong></span> <span class='ocrx_word' id='word_1_279' title='bbox 729 3222 769 3283; x_wconf 88' lang='grc'><strong>66</strong></span> <span class='ocrx_word' id='word_1_280' title='bbox 798 3220 864 3282; x_wconf 85' lang='lat' dir='ltr'><strong>Post</strong></span> <span class='ocrx_word' id='word_1_281' title='bbox 885 3225 995 3291; x_wconf 73' lang='lat' dir='ltr'><strong>crurum,</strong></span> <span class='ocrx_word' id='word_1_282' title='bbox 1019 3219 1120 3285; x_wconf 86' lang='lat' dir='ltr'><strong>Serm.</strong></span> <span class='ocrx_word' id='word_1_283' title='bbox 1239 3220 1242 3227; x_wconf 77' lang='grc'><strong>’</strong></span> 
     </span>
    </p>
   </div>
   <div class='ocr_carea' id='block_1_4' title="bbox 78 3315 1123 4083">
    <p class='ocr_par' dir='ltr' id='par_1_4' title="bbox 78 3315 1123 4083">
     <span class='ocr_line' id='line_1_32' title="bbox 78 3315 1118 3400; baseline 0 -22"><span class='ocrx_word' id='word_1_284' title='bbox 78 3315 287 3392; x_wconf 52' lang='lat' dir='ltr'><strong>‚23¹Romoe,</strong></span> <span class='ocrx_word' id='word_1_285' title='bbox 310 3316 409 3380; x_wconf 85' lang='lat' dir='ltr'><strong>Serm.</strong></span> <span class='ocrx_word' id='word_1_286' title='bbox 432 3316 473 3391; x_wconf 92' lang='grc' dir='ltr'><strong>ΙΙ,</strong></span> <span class='ocrx_word' id='word_1_287' title='bbox 499 3319 527 3390; x_wconf 89' lang='grc'><strong>6,</strong></span> <span class='ocrx_word' id='word_1_288' title='bbox 549 3319 589 3381; x_wconf 79' lang='lat'><strong>32</strong></span> <span class='ocrx_word' id='word_1_289' title='bbox 613 3317 678 3379; x_wconf 84' lang='lat' dir='ltr'><strong>Non</strong></span> <span class='ocrx_word' id='word_1_290' title='bbox 699 3323 831 3389; x_wconf 73' lang='lat' dir='ltr'><strong>mentior,</strong></span> <span class='ocrx_word' id='word_1_291' title='bbox 853 3315 955 3400; x_wconf 84' lang='lat' dir='ltr'><strong>Epist.</strong></span> <span class='ocrx_word' id='word_1_292' title='bbox 978 3317 1004 3391; x_wconf 95' lang='lat' dir='ltr'><strong>I,</strong></span> <span class='ocrx_word' id='word_1_293' title='bbox 1027 3321 1057 3392; x_wconf 87' lang='lat'><strong>5,</strong></span> <span class='ocrx_word' id='word_1_294' title='bbox 1085 3319 1118 3379; x_wconf 92' lang='lat'><strong>11</strong></span> 
     </span>
     <span class='ocr_line' id='line_1_33' title="bbox 78 3411 1122 3498; baseline 0.001 -24"><span class='ocrx_word' id='word_1_295' title='bbox 78 3433 131 3487; x_wconf 86' lang='lat' dir='ltr'><strong>ere,</strong></span> <span class='ocrx_word' id='word_1_296' title='bbox 156 3411 261 3497; x_wconf 85' lang='lat' dir='ltr'><strong>Epist.</strong></span> <span class='ocrx_word' id='word_1_297' title='bbox 278 3414 300 3488; x_wconf 91' lang='grc' dir='ltr'>Ι,</span> <span class='ocrx_word' id='word_1_298' title='bbox 318 3416 402 3487; x_wconf 87' lang='grc'>14,5</span> <span class='ocrx_word' id='word_1_299' title='bbox 428 3412 490 3490; x_wconf 81' lang='lat' dir='ltr'><strong>Res,</strong></span> <span class='ocrx_word' id='word_1_300' title='bbox 513 3411 614 3497; x_wconf 81' lang='lat' dir='ltr'><strong>Epist.</strong></span> <span class='ocrx_word' id='word_1_301' title='bbox 630 3414 655 3490; x_wconf 89' lang='lat' dir='ltr'><strong>I,</strong></span> <span class='ocrx_word' id='word_1_302' title='bbox 680 3417 728 3491; x_wconf 89' lang='grc'><strong>16,</strong></span> <span class='ocrx_word' id='word_1_303' title='bbox 751 3417 791 3478; x_wconf 86' lang='grc'><strong>67</strong></span> <span class='ocrx_word' id='word_1_304' title='bbox 814 3415 950 3489; x_wconf 80' lang='lat' dir='ltr'><strong>Perdidit,</strong></span> <span class='ocrx_word' id='word_1_305' title='bbox 972 3412 1074 3498; x_wconf 84' lang='lat' dir='ltr'><strong>Epist.</strong></span> <span class='ocrx_word' id='word_1_306' title='bbox 1097 3412 1122 3490; x_wconf 92' lang='grc' dir='ltr'><strong>Ι,</strong></span> 
     </span>
     <span class='ocr_line' id='line_1_34' title="bbox 81 3509 1123 3594; baseline 0.002 -21"><span class='ocrx_word' id='word_1_307' title='bbox 81 3514 101 3573; x_wconf 89' lang='grc'>9</span> <span class='ocrx_word' id='word_1_308' title='bbox 125 3510 185 3572; x_wconf 80' lang='lat' dir='ltr'><strong>Sed</strong></span> <span class='ocrx_word' id='word_1_309' title='bbox 205 3512 297 3581; x_wconf 84' lang='lat' dir='ltr'><strong>rebus,</strong></span> <span class='ocrx_word' id='word_1_310' title='bbox 320 3528 402 3590; x_wconf 87' lang='lat' dir='ltr'><strong>quae</strong></span> <span class='ocrx_word' id='word_1_311' title='bbox 424 3528 508 3574; x_wconf 91' lang='lat' dir='ltr'><strong>nuno</strong></span> <span class='ocrx_word' id='word_1_312' title='bbox 529 3509 627 3573; x_wconf 93' lang='lat' dir='ltr'><strong>imum</strong></span> <span class='ocrx_word' id='word_1_313' title='bbox 650 3509 756 3574; x_wconf 81' lang='lat' dir='ltr'><strong>folium</strong></span> <span class='ocrx_word' id='word_1_314' title='bbox 781 3516 946 3594; x_wconf 88' lang='lat' dir='ltr'><strong>occupant,</strong></span> <span class='ocrx_word' id='word_1_315' title='bbox 970 3511 1010 3574; x_wconf 83' lang='lat' dir='ltr'><strong>ad</strong></span> <span class='ocrx_word' id='word_1_316' title='bbox 1027 3509 1123 3575; x_wconf 86' lang='lat' dir='ltr'><strong>sedes</strong></span> 
     </span>
     <span class='ocr_line' id='line_1_35' title="bbox 95 3607 1122 3691; baseline 0.002 -21"><span class='ocrx_word' id='word_1_317' title='bbox 95 3608 242 3671; x_wconf 84' lang='lat' dir='ltr'><strong>revocari</strong></span> <span class='ocrx_word' id='word_1_318' title='bbox 265 3607 399 3691; x_wconf 85' lang='lat' dir='ltr'><strong>cupiam.</strong></span> <span class='ocrx_word' id='word_1_319' title='bbox 429 3609 566 3671; x_wconf 86' lang='lat' dir='ltr'><strong>Tantum</strong></span> <span class='ocrx_word' id='word_1_320' title='bbox 589 3612 696 3671; x_wconf 88' lang='lat' dir='ltr'><strong>autem</strong></span> <span class='ocrx_word' id='word_1_321' title='bbox 718 3607 819 3682; x_wconf 86' lang='lat' dir='ltr'><strong>abest,</strong></span> <span class='ocrx_word' id='word_1_322' title='bbox 843 3613 877 3672; x_wconf 88' lang='lat' dir='ltr'><strong>ut</strong></span> <span class='ocrx_word' id='word_1_323' title='bbox 899 3607 1122 3672; x_wconf 82' lang='lat' dir='ltr'><strong>occultandum</strong></span> 
     </span>
     <span class='ocr_line' id='line_1_36' title="bbox 96 3704 1123 3782; baseline 0.002 -15"><span class='ocrx_word' id='word_1_324' title='bbox 96 3704 160 3768; x_wconf 91' lang='lat' dir='ltr'><strong>hoc</strong></span> <span class='ocrx_word' id='word_1_325' title='bbox 184 3711 242 3769; x_wconf 88' lang='lat' dir='ltr'><strong>aut</strong></span> <span class='ocrx_word' id='word_1_326' title='bbox 264 3704 515 3770; x_wconf 89' lang='lat' dir='ltr'><strong>erubescendum</strong></span> <span class='ocrx_word' id='word_1_327' title='bbox 538 3723 609 3769; x_wconf 90' lang='lat' dir='ltr'><strong>esse</strong></span> <span class='ocrx_word' id='word_1_328' title='bbox 632 3704 775 3782; x_wconf 81' lang='lat' dir='ltr'><strong>credam3</strong></span> <span class='ocrx_word' id='word_1_329' title='bbox 798 3711 834 3769; x_wconf 91' lang='lat' dir='ltr'><strong>ut</strong></span> <span class='ocrx_word' id='word_1_330' title='bbox 855 3705 937 3769; x_wconf 90' lang='lat' dir='ltr'><strong>uitro</strong></span> <span class='ocrx_word' id='word_1_331' title='bbox 960 3705 1054 3770; x_wconf 85' lang='lat' dir='ltr'><strong>etiam</strong></span> <span class='ocrx_word' id='word_1_332' title='bbox 1077 3705 1123 3769; x_wconf 91' lang='lat' dir='ltr'><strong>le·</strong></span> 
     </span>
     <span class='ocr_line' id='line_1_37' title="bbox 86 3800 1122 3886; baseline 0.002 -21"><span class='ocrx_word' id='word_1_333' title='bbox 86 3802 258 3886; x_wconf 90' lang='lat' dir='ltr'><strong>imputem,</strong></span> <span class='ocrx_word' id='word_1_334' title='bbox 274 3822 389 3886; x_wconf 88' lang='lat' dir='ltr'><strong>meque</strong></span> <span class='ocrx_word' id='word_1_335' title='bbox 403 3802 511 3868; x_wconf 83' lang='lat' dir='ltr'><strong>vineta</strong></span> <span class='ocrx_word' id='word_1_336' title='bbox 524 3822 596 3866; x_wconf 86' lang='lat' dir='ltr'><strong>mec</strong></span> <span class='ocrx_word' id='word_1_337' title='bbox 611 3801 774 3866; x_wconf 84' lang='lat' dir='ltr'><strong>caedendo</strong></span> <span class='ocrx_word' id='word_1_338' title='bbox 789 3800 920 3883; x_wconf 84' lang='lat' dir='ltr'><strong>ingenui</strong></span> <span class='ocrx_word' id='word_1_339' title='bbox 931 3802 1122 3883; x_wconf 86' lang='lat' dir='ltr'><strong>candidique</strong></span> 
     </span>
     <span class='ocr_line' id='line_1_38' title="bbox 80 3898 1121 3985; baseline 0.001 -22"><span class='ocrx_word' id='word_1_340' title='bbox 80 3899 134 3963; x_wconf 92' lang='lat' dir='ltr'><strong>nis</strong></span> <span class='ocrx_word' id='word_1_341' title='bbox 147 3918 266 3965; x_wconf 90' lang='lat' dir='ltr'><strong>nomen</strong></span> <span class='ocrx_word' id='word_1_342' title='bbox 278 3900 366 3985; x_wconf 88' lang='lat' dir='ltr'><strong>apud</strong></span> <span class='ocrx_word' id='word_1_343' title='bbox 377 3918 497 3981; x_wconf 87' lang='lat' dir='ltr'><strong>aequos</strong></span> <span class='ocrx_word' id='word_1_344' title='bbox 508 3898 629 3964; x_wconf 89' lang='lat' dir='ltr'><strong>iudices</strong></span> <span class='ocrx_word' id='word_1_345' title='bbox 641 3899 822 3964; x_wconf 86' lang='lat' dir='ltr'><strong>habiturum</strong></span> <span class='ocrx_word' id='word_1_346' title='bbox 835 3919 908 3966; x_wconf 89' lang='lat' dir='ltr'><strong>esse</strong></span> <span class='ocrx_word' id='word_1_347' title='bbox 918 3898 1074 3965; x_wconf 87' lang='lat' dir='ltr'><strong>confidam</strong></span> <span class='ocrx_word' id='word_1_348' title='bbox 1081 3903 1121 3976; x_wconf 77' lang='grc'>*1.</span> 
     </span>
     <span class='ocr_line' id='line_1_39' title="bbox 78 3996 1122 4083; baseline 0 -23"><span class='ocrx_word' id='word_1_349' title='bbox 78 4018 92 4060; x_wconf 76' lang='lat' dir='ltr'><strong>r</strong></span> <span class='ocrx_word' id='word_1_350' title='bbox 129 4002 244 4062; x_wconf 84' lang='lat' dir='ltr'><strong>autern</strong></span> <span class='ocrx_word' id='word_1_351' title='bbox 273 3996 529 4083; x_wconf 82' lang='lat' dir='ltr'><strong>Ortbographise</strong></span> <span class='ocrx_word' id='word_1_352' title='bbox 561 3997 716 4062; x_wconf 86' lang='lat' dir='ltr'><strong>rationem</strong></span> <span class='ocrx_word' id='word_1_353' title='bbox 750 3997 872 4063; x_wconf 90' lang='lat' dir='ltr'><strong>institui</strong></span> <span class='ocrx_word' id='word_1_354' title='bbox 907 3997 950 4062; x_wconf 85' lang='lat' dir='ltr'><strong>ad</strong></span> <span class='ocrx_word' id='word_1_355' title='bbox 984 3996 1122 4078; x_wconf 83' lang='lat' dir='ltr'><strong>Augusti</strong></span> 
     </span>
    </p>
   </div>
   <div class='ocr_carea' id='block_1_5' title="bbox 79 4146 1123 4281">
    <p class='ocr_par' dir='ltr' id='par_1_5' title="bbox 79 4146 1123 4281">
     <span class='ocr_line' id='line_1_40' title="bbox 79 4146 1123 4217; baseline 0.001 -17"><span class='ocrx_word' id='word_1_356' title='bbox 79 4161 154 4212; x_wconf 73' lang='lat' dir='ltr'><strong>[Haec</strong></span> <span class='ocrx_word' id='word_1_357' title='bbox 171 4146 238 4202; x_wconf 82' lang='lat' dir='ltr'><strong>Cum</strong></span> <span class='ocrx_word' id='word_1_358' title='bbox 247 4178 279 4186; x_wconf 90' lang='lat'>-</span> <span class='ocrx_word' id='word_1_359' title='bbox 290 4148 424 4217; x_wconf 72' lang='lat' dir='ltr'><strong>confidam</strong></span> <span class='ocrx_word' id='word_1_360' title='bbox 438 4159 505 4202; x_wconf 76' lang='lat' dir='ltr'><strong>editio</strong></span> <span class='ocrx_word' id='word_1_361' title='bbox 518 4172 537 4202; x_wconf 86' lang='lat' dir='ltr'><strong>a.</strong></span> <span class='ocrx_word' id='word_1_362' title='bbox 553 4159 602 4202; x_wconf 81' lang='grc'>1119</span> <span class='ocrx_word' id='word_1_363' title='bbox 616 4160 788 4211; x_wconf 83' lang='lat' dir='ltr'><strong>posterioresque</strong></span> <span class='ocrx_word' id='word_1_364' title='bbox 807 4160 862 4210; x_wconf 87' lang='lat' dir='ltr'><strong>quod</strong></span> <span class='ocrx_word' id='word_1_365' title='bbox 876 4160 942 4201; x_wconf 78' lang='lat' dir='ltr'><strong>seium</strong></span> <span class='ocrx_word' id='word_1_366' title='bbox 956 4170 1040 4207; x_wconf 86' lang='lat' dir='ltr'><strong>omnes,</strong></span> <span class='ocrx_word' id='word_1_367' title='bbox 1058 4159 1123 4201; x_wconf 86' lang='lat' dir='ltr'><strong>lecti·</strong></span> 
     </span>
     <span class='ocr_line' id='line_1_41' title="bbox 84 4227 405 4281; baseline 0.003 -13"><span class='ocrx_word' id='word_1_368' title='bbox 84 4228 137 4268; x_wconf 80' lang='lat' dir='ltr'><strong>iliis</strong></span> <span class='ocrx_word' id='word_1_369' title='bbox 150 4228 264 4279; x_wconf 81' lang='lat' dir='ltr'><strong>repositis,</strong></span> <span class='ocrx_word' id='word_1_370' title='bbox 278 4227 405 4281; x_wconf 85' lang='lat' dir='ltr'><strong>omiserunt]</strong></span> 
     </span>
    </p>
   </div>
   <div class='ocr_carea' id='block_1_6' title="bbox 78 4295 916 4353">
    <p class='ocr_par' dir='ltr' id='par_1_6' title="bbox 78 4295 916 4353">
     <span class='ocr_line' id='line_1_42' title="bbox 78 4295 916 4353; baseline -0.01 0"><span class='ocrx_word' id='word_1_371' title='bbox 78 4313 160 4353; x_wconf 81' lang='lat' dir='ltr'><strong>ratius.</strong></span> <span class='ocrx_word' id='word_1_372' title='bbox 176 4312 193 4352; x_wconf 91' lang='lat'><strong>1.</strong></span> <span class='ocrx_word' id='word_1_373' title='bbox 901 4295 916 4329; x_wconf 85' lang='lat'>*</span> 
     </span>
    </p>
   </div>
   <div class='ocr_carea' id='block_1_7' title="bbox 0 0 1425 4762">
    <p class='ocr_par' dir='ltr' id='par_1_7' title="bbox 0 0 1425 4762">
     <span class='ocr_line' id='line_1_43' title="bbox 0 0 1425 4762; baseline 0 0"><span class='ocrx_word' id='word_1_374' title='bbox 0 0 1425 4762; x_wconf 95' lang='lat' dir='ltr'><strong> </strong></span> 
     </span>
    </p>
   </div>
  </div>
 </body>
</html>
