<?xml version="1.0" encoding="UTF-8"?>
<!DOCTYPE html PUBLIC "-//W3C//DTD XHTML 1.0 Transitional//EN"
    "http://www.w3.org/TR/xhtml1/DTD/xhtml1-transitional.dtd">
<html xmlns="http://www.w3.org/1999/xhtml" xml:lang="en" lang="en">
 <head>
  <title>
</title>
<meta http-equiv="Content-Type" content="text/html;charset=utf-8" />
  <meta name='ocr-system' content='tesseract 3.04.00' />
  <meta name='ocr-capabilities' content='ocr_page ocr_carea ocr_par ocr_line ocrx_word'/>
</head>
<body>
  <div class='ocr_page' id='page_1' title='image "./qhoratiusflaccu02bentgoog_0303.png"; bbox 0 0 2842 4758; ppageno 0'>
   <div class='ocr_carea' id='block_1_1' title="bbox 233 197 956 267">
    <p class='ocr_par' dir='ltr' id='par_1_1' title="bbox 233 197 956 267">
     <span class='ocr_line' id='line_1_1' title="bbox 233 197 956 267; baseline -0.008 -8"><span class='ocrx_word' id='word_1_1' title='bbox 233 197 294 259; x_wconf 80' lang='lat'><em>372</em></span> <span class='ocrx_word' id='word_1_2' title='bbox 617 207 649 267; x_wconf 82' lang='lat' dir='ltr'><em>o.</em></span> <span class='ocrx_word' id='word_1_3' title='bbox 671 206 812 255; x_wconf 78' lang='lat' dir='ltr'><em>noman</em></span> <span class='ocrx_word' id='word_1_4' title='bbox 833 205 956 254; x_wconf 75' lang='lat' dir='ltr'><em>roseos</em></span> 
     </span>
    </p>
   </div>
   <div class='ocr_carea' id='block_1_2' title="bbox 294 339 1155 513">
    <p class='ocr_par' dir='ltr' id='par_1_2' title="bbox 294 339 1155 513">
     <span class='ocr_line' id='line_1_2' title="bbox 296 339 1093 423; baseline -0.001 -15"><span class='ocrx_word' id='word_1_5' title='bbox 296 345 398 409; x_wconf 83' lang='lat' dir='ltr'><em>Sanos</em></span> <span class='ocrx_word' id='word_1_6' title='bbox 421 341 554 407; x_wconf 83' lang='lat' dir='ltr'><em>dinatus.</em></span> <span class='ocrx_word' id='word_1_7' title='bbox 599 346 718 423; x_wconf 85' lang='lat' dir='ltr'><em>quanto</em></span> <span class='ocrx_word' id='word_1_8' title='bbox 740 341 801 406; x_wconf 92' lang='lat' dir='ltr'><em>hoc</em></span> <span class='ocrx_word' id='word_1_9' title='bbox 823 339 975 406; x_wconf 75' lang='lat' dir='ltr'><em>bonosius</em></span> <span class='ocrx_word' id='word_1_10' title='bbox 996 344 1093 423; x_wconf 87' lang='lat' dir='ltr'><em>atque</em></span> 
     </span>
     <span class='ocr_line' id='line_1_3' title="bbox 294 424 1155 513; baseline -0.001 -20"><span class='ocrx_word' id='word_1_11' title='bbox 294 427 398 494; x_wconf 88' lang='lat' dir='ltr'><em>Maius</em></span> <span class='ocrx_word' id='word_1_12' title='bbox 420 434 584 513; x_wconf 89' lang='lat' dir='ltr'><em>peecatum</em></span> <span class='ocrx_word' id='word_1_13' title='bbox 608 429 679 491; x_wconf 76' lang='lat' dir='ltr'><em>esti</em></span> <span class='ocrx_word' id='word_1_14' title='bbox 701 425 844 511; x_wconf 91' lang='lat' dir='ltr'><em>paullum</em></span> <span class='ocrx_word' id='word_1_15' title='bbox 866 424 1002 507; x_wconf 82' lang='lat' dir='ltr'>deliquit</span> <span class='ocrx_word' id='word_1_16' title='bbox 1022 425 1155 504; x_wconf 88' lang='lat' dir='ltr'><em>amicus,</em></span> 
     </span>
    </p>
   </div>
   <div class='ocr_carea' id='block_1_3' title="bbox 226 609 1360 4213">
    <p class='ocr_par' dir='ltr' id='par_1_3' title="bbox 226 609 1360 4213">
     <span class='ocr_line' id='line_1_4' title="bbox 233 609 1360 679; baseline 0 -14"><span class='ocrx_word' id='word_1_17' title='bbox 233 615 390 679; x_wconf 81' lang='lat' dir='ltr'><em>dignatione</em></span> <span class='ocrx_word' id='word_1_18' title='bbox 407 616 464 664; x_wconf 85' lang='lat' dir='ltr'><em>eius</em></span> <span class='ocrx_word' id='word_1_19' title='bbox 480 615 655 677; x_wconf 71' lang='lat' dir='ltr'><em>magistratus</em></span> <span class='ocrx_word' id='word_1_20' title='bbox 673 612 793 661; x_wconf 83' lang='lat' dir='ltr'><em>anteiret.</em></span> <span class='ocrx_word' id='word_1_21' title='bbox 828 609 950 675; x_wconf 86' lang='lat' dir='ltr'><em>Namque</em></span> <span class='ocrx_word' id='word_1_22' title='bbox 974 610 1022 661; x_wconf 90' lang='lat' dir='ltr'><em>illa</em></span> <span class='ocrx_word' id='word_1_23' title='bbox 1048 617 1121 662; x_wconf 83' lang='lat' dir='ltr'><em>aetas</em></span> <span class='ocrx_word' id='word_1_24' title='bbox 1145 613 1200 663; x_wconf 76' lang='lat' dir='ltr'><em>dero</em></span> <span class='ocrx_word' id='word_1_25' title='bbox 1218 617 1300 679; x_wconf 83' lang='lat' dir='ltr'><em>pacis</em></span> <span class='ocrx_word' id='word_1_26' title='bbox 1318 615 1360 665; x_wconf 76' lang='lat' dir='ltr'><em>de</em></span> 
     </span>
     <span class='ocr_line' id='line_1_5' title="bbox 234 679 1358 744; baseline 0 -11"><span class='ocrx_word' id='word_1_27' title='bbox 234 698 297 733; x_wconf 87' lang='lat' dir='ltr'><em>cora</em></span> <span class='ocrx_word' id='word_1_28' title='bbox 315 683 395 732; x_wconf 83' lang='lat' dir='ltr'><em>stnml</em></span> <span class='ocrx_word' id='word_1_29' title='bbox 413 683 482 733; x_wconf 88' lang='lat' dir='ltr'><em>tulit.</em></span> <span class='ocrx_word' id='word_1_30' title='bbox 508 682 562 732; x_wconf 80' lang='lat' dir='ltr'><em>Sed</em></span> <span class='ocrx_word' id='word_1_31' title='bbox 578 681 663 731; x_wconf 80' lang='lat' dir='ltr'><strong>Labeo</strong></span> <span class='ocrx_word' id='word_1_32' title='bbox 680 681 839 744; x_wconf 84' lang='lat' dir='ltr'><em>incorrupto</em></span> <span class='ocrx_word' id='word_1_33' title='bbox 857 679 986 742; x_wconf 85' lang='lat' dir='ltr'><em>libertate,</em></span> <span class='ocrx_word' id='word_1_34' title='bbox 1006 684 1033 729; x_wconf 91' lang='lat' dir='ltr'><em>et</em></span> <span class='ocrx_word' id='word_1_35' title='bbox 1049 681 1080 729; x_wconf 92' lang='lat' dir='ltr'><em>ob</em></span> <span class='ocrx_word' id='word_1_36' title='bbox 1098 681 1128 730; x_wconf 87' lang='lat' dir='ltr'><em>id</em></span> <span class='ocrx_word' id='word_1_37' title='bbox 1144 680 1224 742; x_wconf 71' lang='lat' dir='ltr'><em>forna</em></span> <span class='ocrx_word' id='word_1_38' title='bbox 1242 683 1358 733; x_wconf 69' lang='lat' dir='ltr'><em>celem</em></span> 
     </span>
     <span class='ocr_line' id='line_1_6' title="bbox 233 746 1358 816; baseline 0 -15"><span class='ocrx_word' id='word_1_39' title='bbox 233 754 301 802; x_wconf 87' lang='lat' dir='ltr'><em>tior:</em></span> <span class='ocrx_word' id='word_1_40' title='bbox 330 748 466 815; x_wconf 79' lang='lat' dir='ltr'><em>Capitonis</em></span> <span class='ocrx_word' id='word_1_41' title='bbox 491 751 643 814; x_wconf 79' lang='lat' dir='ltr'><em>obsequium</em></span> <span class='ocrx_word' id='word_1_42' title='bbox 667 746 865 797; x_wconf 72' lang='lat' dir='ltr'><em>dominantibus</em></span> <span class='ocrx_word' id='word_1_43' title='bbox 887 749 974 810; x_wconf 84' lang='lat' dir='ltr'><em>magis</em></span> <span class='ocrx_word' id='word_1_44' title='bbox 989 749 1169 812; x_wconf 78' lang='lat' dir='ltr'><strong><em>probabatur,</em></strong></span> <span class='ocrx_word' id='word_1_45' title='bbox 1193 749 1257 812; x_wconf 93' lang='lat' dir='ltr'><em>Illi,</em></span> <span class='ocrx_word' id='word_1_46' title='bbox 1285 750 1358 816; x_wconf 82' lang='lat' dir='ltr'><em>quoi</em></span> 
     </span>
     <span class='ocr_line' id='line_1_7' title="bbox 228 815 1358 886; baseline 0 -17"><span class='ocrx_word' id='word_1_47' title='bbox 228 823 387 886; x_wconf 87' lang='lat' dir='ltr'><em>praeturam</em></span> <span class='ocrx_word' id='word_1_48' title='bbox 404 821 478 868; x_wconf 88' lang='lat' dir='ltr'><em>intro</em></span> <span class='ocrx_word' id='word_1_49' title='bbox 495 819 575 878; x_wconf 85' lang='lat' dir='ltr'><em>stetit,</em></span> <span class='ocrx_word' id='word_1_50' title='bbox 593 815 785 866; x_wconf 77' lang='lat' dir='ltr'><em>commendatio</em></span> <span class='ocrx_word' id='word_1_51' title='bbox 803 830 837 865; x_wconf 80' lang='lat' dir='ltr'><em>ea</em></span> <span class='ocrx_word' id='word_1_52' title='bbox 855 818 975 865; x_wconf 81' lang='lat' dir='ltr'><em>iniuria:</em></span> <span class='ocrx_word' id='word_1_53' title='bbox 998 816 1075 880; x_wconf 76' lang='lat' dir='ltr'><em>bute,</em></span> <span class='ocrx_word' id='word_1_54' title='bbox 1092 817 1166 882; x_wconf 87' lang='lat' dir='ltr'><em>quod</em></span> <span class='ocrx_word' id='word_1_55' title='bbox 1182 820 1358 869; x_wconf 85' lang='lat' dir='ltr'><em>consulatum</em></span> 
     </span>
     <span class='ocr_line' id='line_1_8' title="bbox 232 882 1357 952; baseline 0.001 -16"><span class='ocrx_word' id='word_1_56' title='bbox 232 888 343 952; x_wconf 87' lang='lat' dir='ltr'><em>adeptus</em></span> <span class='ocrx_word' id='word_1_57' title='bbox 360 891 406 949; x_wconf 86' lang='lat' dir='ltr'><em>est,</em></span> <span class='ocrx_word' id='word_1_58' title='bbox 424 885 514 935; x_wconf 82' lang='lat' dir='ltr'><em>odium</em></span> <span class='ocrx_word' id='word_1_59' title='bbox 532 899 566 934; x_wconf 82' lang='lat' dir='ltr'><em>ac</em></span> <span class='ocrx_word' id='word_1_60' title='bbox 584 883 688 949; x_wconf 81' lang='lat' dir='ltr'><em>inuidia</em></span> <span class='ocrx_word' id='word_1_61' title='bbox 705 884 867 933; x_wconf 86' lang='lat' dir='ltr'><em>oriebatur.“</em></span> <span class='ocrx_word' id='word_1_62' title='bbox 893 882 963 932; x_wconf 89' lang='lat' dir='ltr'><em>Idem</em></span> <span class='ocrx_word' id='word_1_63' title='bbox 978 887 1023 944; x_wconf 91' lang='lat' dir='ltr'><em>est,</em></span> <span class='ocrx_word' id='word_1_64' title='bbox 1042 885 1087 948; x_wconf 91' lang='lat' dir='ltr'><em>qui</em></span> <span class='ocrx_word' id='word_1_65' title='bbox 1104 885 1181 934; x_wconf 86' lang='lat' dir='ltr'><em>toties</em></span> <span class='ocrx_word' id='word_1_66' title='bbox 1197 887 1276 948; x_wconf 87' lang='lat' dir='ltr'><em>quasi</em></span> <span class='ocrx_word' id='word_1_67' title='bbox 1293 887 1357 936; x_wconf 87' lang='lat' dir='ltr'><em>iuris</em></span> 
     </span>
     <span class='ocr_line' id='line_1_9' title="bbox 232 950 1358 1019; baseline 0.001 -16"><span class='ocrx_word' id='word_1_68' title='bbox 232 954 356 1019; x_wconf 83' lang='lat' dir='ltr'><strong>quoddam</strong></span> <span class='ocrx_word' id='word_1_69' title='bbox 373 953 511 1014; x_wconf 78' lang='lat' dir='ltr'><em>omculum,</em></span> <span class='ocrx_word' id='word_1_70' title='bbox 534 953 562 1002; x_wconf 87' lang='lat' dir='ltr'><em>in</em></span> <span class='ocrx_word' id='word_1_71' title='bbox 579 952 692 1016; x_wconf 83' lang='lat' dir='ltr'><em>DIgestis</em></span> <span class='ocrx_word' id='word_1_72' title='bbox 710 950 835 1000; x_wconf 88' lang='lat' dir='ltr'><em>laudatur.</em></span> <span class='ocrx_word' id='word_1_73' title='bbox 862 950 1018 1015; x_wconf 76' lang='lat' dir='ltr'><em>Pomponius</em></span> <span class='ocrx_word' id='word_1_74' title='bbox 1036 952 1063 1013; x_wconf 94' lang='lat'><em>1,</em></span> <span class='ocrx_word' id='word_1_75' title='bbox 1081 954 1112 1014; x_wconf 79' lang='lat'><em>2,</em></span> <span class='ocrx_word' id='word_1_76' title='bbox 1130 955 1176 1015; x_wconf 78' lang='lat'><em>[2,]</em></span> <span class='ocrx_word' id='word_1_77' title='bbox 1194 956 1239 1005; x_wconf 78' lang='lat'><em>47.</em></span> <span class='ocrx_word' id='word_1_78' title='bbox 1275 956 1358 1018; x_wconf 82' lang='lat' dir='ltr'><em>„Post</em></span> 
     </span>
     <span class='ocr_line' id='line_1_10' title="bbox 232 1017 1355 1084; baseline 0 -12"><span class='ocrx_word' id='word_1_79' title='bbox 232 1023 302 1072; x_wconf 88' lang='lat' dir='ltr'><em>bunc</em></span> <span class='ocrx_word' id='word_1_80' title='bbox 325 1024 459 1072; x_wconf 79' lang='lat' dir='ltr'><em>monimus</em></span> <span class='ocrx_word' id='word_1_81' title='bbox 481 1023 651 1071; x_wconf 77' lang='lat' dir='ltr'><em>aucwritatis</em></span> <span class='ocrx_word' id='word_1_82' title='bbox 673 1019 785 1080; x_wconf 72' lang='lat' dir='ltr'><em>fumant</em></span> <span class='ocrx_word' id='word_1_83' title='bbox 801 1020 895 1069; x_wconf 81' lang='lat' dir='ltr'><em>Ateirss</em></span> <span class='ocrx_word' id='word_1_84' title='bbox 914 1017 1024 1084; x_wconf 81' lang='lat' dir='ltr'><em>Capito,</em></span> <span class='ocrx_word' id='word_1_85' title='bbox 1051 1025 1079 1070; x_wconf 88' lang='lat' dir='ltr'><em>et</em></span> <span class='ocrx_word' id='word_1_86' title='bbox 1099 1021 1230 1071; x_wconf 78' lang='lat' dir='ltr'>Antistius</span> <span class='ocrx_word' id='word_1_87' title='bbox 1257 1023 1355 1083; x_wconf 88' lang='lat' dir='ltr'><em>Labeo,</em></span> 
     </span>
     <span class='ocr_line' id='line_1_11' title="bbox 232 1084 1356 1155; baseline 0.001 -15"><span class='ocrx_word' id='word_1_88' title='bbox 232 1094 279 1155; x_wconf 85' lang='lat' dir='ltr'><em>qui</em></span> <span class='ocrx_word' id='word_1_89' title='bbox 296 1105 385 1138; x_wconf 83' lang='lat' dir='ltr'><em>omncs</em></span> <span class='ocrx_word' id='word_1_90' title='bbox 402 1091 449 1140; x_wconf 82' lang='lat' dir='ltr'><em>bos</em></span> <span class='ocrx_word' id='word_1_91' title='bbox 466 1089 585 1138; x_wconf 81' lang='lat' dir='ltr'><em>audiuit:</em></span> <span class='ocrx_word' id='word_1_92' title='bbox 609 1090 748 1138; x_wconf 86' lang='lat' dir='ltr'><em>institutus</em></span> <span class='ocrx_word' id='word_1_93' title='bbox 766 1091 804 1136; x_wconf 88' lang='lat' dir='ltr'><em>est</em></span> <span class='ocrx_word' id='word_1_94' title='bbox 821 1092 909 1137; x_wconf 75' lang='lat' dir='ltr'><em>autem</em></span> <span class='ocrx_word' id='word_1_95' title='bbox 927 1103 943 1136; x_wconf 86' lang='lat' dir='ltr'><em>a</em></span> <span class='ocrx_word' id='word_1_96' title='bbox 966 1084 1095 1140; x_wconf 77' lang='lat' dir='ltr'><em>Trebatio.</em></span> <span class='ocrx_word' id='word_1_97' title='bbox 1132 1088 1178 1138; x_wconf 76' lang='lat' dir='ltr'><em>tta</em></span> <span class='ocrx_word' id='word_1_98' title='bbox 1196 1089 1240 1139; x_wconf 79' lang='lat' dir='ltr'><em>bis</em></span> <span class='ocrx_word' id='word_1_99' title='bbox 1258 1091 1356 1141; x_wconf 73' lang='lat' dir='ltr'><em>Ateim</em></span> 
     </span>
     <span class='ocr_line' id='line_1_12' title="bbox 233 1152 1355 1224; baseline 0 -17"><span class='ocrx_word' id='word_1_100' title='bbox 233 1157 331 1209; x_wconf 82' lang='lat' dir='ltr'><em>Consul</em></span> <span class='ocrx_word' id='word_1_101' title='bbox 346 1157 418 1218; x_wconf 79' lang='lat' dir='ltr'><em>fuit:</em></span> <span class='ocrx_word' id='word_1_102' title='bbox 435 1157 521 1207; x_wconf 88' lang='lat' dir='ltr'><em>Labeo</em></span> <span class='ocrx_word' id='word_1_103' title='bbox 539 1152 633 1219; x_wconf 89' lang='lat' dir='ltr'><em>noluit,</em></span> <span class='ocrx_word' id='word_1_104' title='bbox 652 1170 712 1204; x_wconf 89' lang='lat' dir='ltr'><em>cum</em></span> <span class='ocrx_word' id='word_1_105' title='bbox 730 1154 875 1217; x_wconf 76' lang='lat' dir='ltr'><em>offerretur</em></span> <span class='ocrx_word' id='word_1_106' title='bbox 892 1157 918 1203; x_wconf 89' lang='lat' dir='ltr'><em>ei</em></span> <span class='ocrx_word' id='word_1_107' title='bbox 934 1156 967 1204; x_wconf 93' lang='lat' dir='ltr'><em>ab</em></span> <span class='ocrx_word' id='word_1_108' title='bbox 976 1156 1098 1220; x_wconf 77' lang='lat' dir='ltr'><em>Angusto</em></span> <span class='ocrx_word' id='word_1_109' title='bbox 1118 1157 1284 1222; x_wconf 74' lang='lat' dir='ltr'><em>comatulus,</em></span> <span class='ocrx_word' id='word_1_110' title='bbox 1304 1175 1355 1224; x_wconf 81' lang='lat' dir='ltr'><em>quo</em></span> 
     </span>
     <span class='ocr_line' id='line_1_13' title="bbox 230 1221 1357 1289; baseline 0.003 -15"><span class='ocrx_word' id='word_1_111' title='bbox 230 1226 357 1287; x_wconf 71' lang='lat' dir='ltr'><em>suffectura</em></span> <span class='ocrx_word' id='word_1_112' title='bbox 373 1226 464 1286; x_wconf 83' lang='lat' dir='ltr'><em>fieret,</em></span> <span class='ocrx_word' id='word_1_113' title='bbox 483 1226 609 1275; x_wconf 88' lang='lat' dir='ltr'><em>bonorem</em></span> <span class='ocrx_word' id='word_1_114' title='bbox 625 1224 766 1288; x_wconf 74' lang='lat' dir='ltr'><em>suscipere.</em></span> <span class='ocrx_word' id='word_1_115' title='bbox 801 1221 856 1273; x_wconf 84' lang='lat' dir='ltr'><em>Sed</em></span> <span class='ocrx_word' id='word_1_116' title='bbox 870 1222 1017 1288; x_wconf 87' lang='lat' dir='ltr'><em>plurimum</em></span> <span class='ocrx_word' id='word_1_117' title='bbox 1034 1223 1131 1273; x_wconf 80' lang='lat' dir='ltr'><em>studia&#39;s</em></span> <span class='ocrx_word' id='word_1_118' title='bbox 1149 1240 1261 1289; x_wconf 89' lang='lat' dir='ltr'><em>operam</em></span> <span class='ocrx_word' id='word_1_119' title='bbox 1281 1227 1357 1277; x_wconf 78' lang='lat' dir='ltr'><em>dedit</em></span> 
     </span>
     <span class='ocr_line' id='line_1_14' title="bbox 230 1290 1355 1360; baseline 0.002 -17"><span class='ocrx_word' id='word_1_120' title='bbox 230 1297 363 1358; x_wconf 85' lang='lat' dir='ltr'><em>-ttoqae</em></span> <span class='ocrx_word' id='word_1_121' title='bbox 379 1292 489 1358; x_wconf 88' lang='lat' dir='ltr'><em>reliquit</em></span> <span class='ocrx_word' id='word_1_122' title='bbox 506 1291 704 1358; x_wconf 79' lang='lat' dir='ltr'><em>quadringenta</em></span> <span class='ocrx_word' id='word_1_123' title='bbox 721 1290 872 1353; x_wconf 85' lang='lat' dir='ltr'><em>volumino,·</em></span> <span class='ocrx_word' id='word_1_124' title='bbox 890 1291 1156 1360; x_wconf 71' lang='lat' dir='ltr'><em>exquibusplurima</em></span> <span class='ocrx_word' id='word_1_125' title='bbox 1168 1295 1243 1343; x_wconf 84' lang='lat' dir='ltr'><em>inter</em></span> <span class='ocrx_word' id='word_1_126' title='bbox 1255 1310 1355 1345; x_wconf 82' lang='lat' dir='ltr'><em>manas</em></span> 
     </span>
     <span class='ocr_line' id='line_1_15' title="bbox 231 1358 1354 1425; baseline 0.003 -15"><span class='ocrx_word' id='word_1_127' title='bbox 231 1366 373 1410; x_wconf 64' lang='lat' dir='ltr'><em>curantur</em></span> <span class='ocrx_word' id='word_1_128' title='bbox 389 1389 423 1399; x_wconf 84' lang='lat'><em>-</em></span> <span class='ocrx_word' id='word_1_129' title='bbox 440 1359 526 1411; x_wconf 90' lang='lat' dir='ltr'><em>Labeo</em></span> <span class='ocrx_word' id='word_1_130' title='bbox 544 1362 649 1424; x_wconf 83' lang='lat' dir='ltr'><em>ingenii</em></span> <span class='ocrx_word' id='word_1_131' title='bbox 664 1359 802 1424; x_wconf 79' lang='lat' dir='ltr'><em>qualitate,</em></span> <span class='ocrx_word' id='word_1_132' title='bbox 820 1364 847 1408; x_wconf 90' lang='lat' dir='ltr'><em>et-</em></span> <span class='ocrx_word' id='word_1_133' title='bbox 861 1358 964 1420; x_wconf 79' lang='lat' dir='ltr'><em>fiducio</em></span> <span class='ocrx_word' id='word_1_134' title='bbox 982 1359 1128 1420; x_wconf 81' lang='lat' dir='ltr'><em>doctrinae,</em></span> <span class='ocrx_word' id='word_1_135' title='bbox 1146 1363 1241 1425; x_wconf 86' lang='lat' dir='ltr'><em>quiet</em></span> <span class='ocrx_word' id='word_1_136' title='bbox 1259 1366 1354 1413; x_wconf 69' lang='lat' dir='ltr'><em>corma</em></span> 
     </span>
     <span class='ocr_line' id='line_1_16' title="bbox 231 1426 1356 1494; baseline 0.001 -16"><span class='ocrx_word' id='word_1_137' title='bbox 231 1431 319 1494; x_wconf 87' lang='lat' dir='ltr'><em>operis</em></span> <span class='ocrx_word' id='word_1_138' title='bbox 336 1431 484 1493; x_wconf 84' lang='lat' dir='ltr'><em>sapientiae</em></span> <span class='ocrx_word' id='word_1_139' title='bbox 501 1443 608 1493; x_wconf 88' lang='lat' dir='ltr'><em>operam</em></span> <span class='ocrx_word' id='word_1_140' title='bbox 626 1426 750 1487; x_wconf 75' lang='lat' dir='ltr'><em>dederat,</em></span> <span class='ocrx_word' id='word_1_141' title='bbox 767 1426 886 1491; x_wconf 86' lang='lat' dir='ltr'><em>plurima</em></span> <span class='ocrx_word' id='word_1_142' title='bbox 903 1429 1033 1476; x_wconf 85' lang='lat' dir='ltr'><em>innovare</em></span> <span class='ocrx_word' id='word_1_143' title='bbox 1050 1430 1193 1478; x_wconf 84' lang='lat' dir='ltr'><em>instituit.“</em></span> <span class='ocrx_word' id='word_1_144' title='bbox 1230 1430 1356 1481; x_wconf 87' lang='lat' dir='ltr'><em>Iustinia-</em></span> 
     </span>
     <span class='ocr_line' id='line_1_17' title="bbox 230 1494 1355 1564; baseline 0.001 -18"><span class='ocrx_word' id='word_1_145' title='bbox 230 1512 278 1546; x_wconf 90' lang='lat' dir='ltr'><em>nus</em></span> <span class='ocrx_word' id='word_1_146' title='bbox 296 1496 380 1545; x_wconf 88' lang='lat' dir='ltr'><em>Iustit.</em></span> <span class='ocrx_word' id='word_1_147' title='bbox 400 1497 440 1559; x_wconf 93' lang='lat' dir='ltr'><em>II,</em></span> <span class='ocrx_word' id='word_1_148' title='bbox 464 1498 505 1547; x_wconf 79' lang='lat'><em>25.</em></span> <span class='ocrx_word' id='word_1_149' title='bbox 529 1496 559 1545; x_wconf 93' lang='lat' dir='ltr'><em>de</em></span> <span class='ocrx_word' id='word_1_150' title='bbox 576 1494 757 1545; x_wconf 82' lang='lat' dir='ltr'><em>Godioillorum</em></span> <span class='ocrx_word' id='word_1_151' title='bbox 779 1509 828 1544; x_wconf 86' lang='lat' dir='ltr'><em>usu</em></span> <span class='ocrx_word' id='word_1_152' title='bbox 851 1499 876 1544; x_wconf 89' lang='lat' dir='ltr'><em>et</em></span> <span class='ocrx_word' id='word_1_153' title='bbox 899 1494 999 1558; x_wconf 80' lang='lat' dir='ltr'><em>origine</em></span> <span class='ocrx_word' id='word_1_154' title='bbox 1016 1494 1155 1558; x_wconf 87' lang='lat' dir='ltr'><em>disserens,</em></span> <span class='ocrx_word' id='word_1_155' title='bbox 1183 1497 1271 1562; x_wconf 88' lang='lat' dir='ltr'><em>„Post</em></span> <span class='ocrx_word' id='word_1_156' title='bbox 1286 1514 1355 1564; x_wconf 83' lang='lat' dir='ltr'><em>quos</em></span> 
     </span>
     <span class='ocr_line' id='line_1_18' title="bbox 232 1561 1355 1629; baseline 0.003 -16"><span class='ocrx_word' id='word_1_157' title='bbox 232 1571 363 1629; x_wconf 90' lang='lat' dir='ltr'><em>tempora,</em></span> <span class='ocrx_word' id='word_1_158' title='bbox 389 1564 487 1628; x_wconf 85' lang='lat' dir='ltr'><em>inquit,</em></span> <span class='ocrx_word' id='word_1_159' title='bbox 513 1579 572 1613; x_wconf 77' lang='lat' dir='ltr'><em>cram</em></span> <span class='ocrx_word' id='word_1_160' title='bbox 596 1568 623 1613; x_wconf 85' lang='lat' dir='ltr'><em>ct</em></span> <span class='ocrx_word' id='word_1_161' title='bbox 638 1562 723 1613; x_wconf 87' lang='lat' dir='ltr'><em>Labeo</em></span> <span class='ocrx_word' id='word_1_162' title='bbox 741 1561 878 1612; x_wconf 81' lang='lat' dir='ltr'><em>codicillos</em></span> <span class='ocrx_word' id='word_1_163' title='bbox 895 1561 1015 1624; x_wconf 71' lang='lat' dir='ltr'><em>seuseu,-</em></span> <span class='ocrx_word' id='word_1_164' title='bbox 1041 1565 1096 1613; x_wconf 88' lang='lat' dir='ltr'><em>iam</em></span> <span class='ocrx_word' id='word_1_165' title='bbox 1119 1567 1221 1614; x_wconf 87' lang='lat' dir='ltr'><em>nemini</em></span> <span class='ocrx_word' id='word_1_166' title='bbox 1241 1565 1355 1616; x_wconf 80' lang='lat' dir='ltr'><em>dubium</em></span> 
     </span>
     <span class='ocr_line' id='line_1_19' title="bbox 231 1630 1353 1697; baseline 0.002 -15"><span class='ocrx_word' id='word_1_167' title='bbox 231 1637 302 1694; x_wconf 86' lang='lat' dir='ltr'><em>erat,</em></span> <span class='ocrx_word' id='word_1_168' title='bbox 326 1635 391 1697; x_wconf 87' lang='lat' dir='ltr'><em>quin</em></span> <span class='ocrx_word' id='word_1_169' title='bbox 414 1632 533 1682; x_wconf 83' lang='lat' dir='ltr'><em>codicilli</em></span> <span class='ocrx_word' id='word_1_170' title='bbox 549 1634 608 1680; x_wconf 88' lang='lat' dir='ltr'><em>iure</em></span> <span class='ocrx_word' id='word_1_171' title='bbox 625 1633 724 1695; x_wconf 87' lang='lat' dir='ltr'><em>optimo</em></span> <span class='ocrx_word' id='word_1_172' title='bbox 743 1630 973 1680; x_wconf 80' lang='lat' dir='ltr'><em>admitterentur.“</em></span> <span class='ocrx_word' id='word_1_173' title='bbox 1007 1630 1075 1686; x_wconf 81' lang='lat' dir='ltr'><em>Quid</em></span> <span class='ocrx_word' id='word_1_174' title='bbox 1093 1633 1144 1681; x_wconf 91' lang='lat' dir='ltr'><em>iam</em></span> <span class='ocrx_word' id='word_1_175' title='bbox 1161 1632 1287 1683; x_wconf 78' lang='lat' dir='ltr'><em>videtur?</em></span> <span class='ocrx_word' id='word_1_176' title='bbox 1316 1636 1353 1683; x_wconf 78' lang='lat' dir='ltr'><em>to</em></span> 
     </span>
     <span class='ocr_line' id='line_1_20' title="bbox 230 1696 1354 1766; baseline 0.003 -17"><span class='ocrx_word' id='word_1_177' title='bbox 230 1700 276 1764; x_wconf 89' lang='lat' dir='ltr'><em>qui</em></span> <span class='ocrx_word' id='word_1_178' title='bbox 291 1702 366 1766; x_wconf 86' lang='lat' dir='ltr'><em>pacis</em></span> <span class='ocrx_word' id='word_1_179' title='bbox 384 1706 513 1765; x_wconf 80' lang='lat' dir='ltr'><em>togaeque</em></span> <span class='ocrx_word' id='word_1_180' title='bbox 530 1699 609 1749; x_wconf 60' lang='lat' dir='ltr'><em>mesas</em></span> <span class='ocrx_word' id='word_1_181' title='bbox 626 1707 652 1749; x_wconf 89' lang='lat' dir='ltr'><em>et</em></span> <span class='ocrx_word' id='word_1_182' title='bbox 668 1714 714 1748; x_wconf 90' lang='lat' dir='ltr'><em>suo</em></span> <span class='ocrx_word' id='word_1_183' title='bbox 731 1713 792 1747; x_wconf 86' lang='lat' dir='ltr'><em>aevo</em></span> <span class='ocrx_word' id='word_1_184' title='bbox 810 1703 836 1747; x_wconf 91' lang='lat' dir='ltr'><em>et</em></span> <span class='ocrx_word' id='word_1_185' title='bbox 853 1698 921 1763; x_wconf 89' lang='lat' dir='ltr'><em>apud</em></span> <span class='ocrx_word' id='word_1_186' title='bbox 938 1696 1052 1762; x_wconf 85' lang='lat' dir='ltr'><em>posteros</em></span> <span class='ocrx_word' id='word_1_187' title='bbox 1077 1705 1115 1748; x_wconf 90' lang='lat' dir='ltr'><em>est</em></span> <span class='ocrx_word' id='word_1_188' title='bbox 1139 1699 1261 1764; x_wconf 90' lang='lat' dir='ltr'><em>habitus,</em></span> <span class='ocrx_word' id='word_1_189' title='bbox 1288 1703 1354 1752; x_wconf 89' lang='lat' dir='ltr'><em>idem</em></span> 
     </span>
     <span class='ocr_line' id='line_1_21' title="bbox 229 1765 1354 1836; baseline 0.002 -18"><span class='ocrx_word' id='word_1_190' title='bbox 229 1774 283 1819; x_wconf 87' lang='lat' dir='ltr'><em>tum</em></span> <span class='ocrx_word' id='word_1_191' title='bbox 300 1773 384 1817; x_wconf 87' lang='lat' dir='ltr'><em>mente</em></span> <span class='ocrx_word' id='word_1_192' title='bbox 401 1772 490 1832; x_wconf 91' lang='lat' dir='ltr'><em>captus</em></span> <span class='ocrx_word' id='word_1_193' title='bbox 507 1767 584 1832; x_wconf 84' lang='lat' dir='ltr'><em>vulgo</em></span> <span class='ocrx_word' id='word_1_194' title='bbox 601 1765 761 1816; x_wconf 83' lang='lat' dir='ltr'><em>habebatur?</em></span> <span class='ocrx_word' id='word_1_195' title='bbox 787 1765 837 1815; x_wconf 85' lang='lat' dir='ltr'><em>Sed</em></span> <span class='ocrx_word' id='word_1_196' title='bbox 854 1766 1020 1830; x_wconf 78' lang='lat' dir='ltr'><em>gratificatur,</em></span> <span class='ocrx_word' id='word_1_197' title='bbox 1039 1767 1118 1827; x_wconf 88' lang='lat' dir='ltr'><em>aiunt,</em></span> <span class='ocrx_word' id='word_1_198' title='bbox 1135 1768 1246 1818; x_wconf 81' lang='lat' dir='ltr'><em>Flaccus</em></span> <span class='ocrx_word' id='word_1_199' title='bbox 1267 1774 1354 1836; x_wconf 82' lang='lat' dir='ltr'><em>Augu·</em></span> 
     </span>
     <span class='ocr_line' id='line_1_22' title="bbox 230 1833 1354 1902; baseline 0.002 -16"><span class='ocrx_word' id='word_1_200' title='bbox 230 1841 276 1898; x_wconf 89' lang='lat' dir='ltr'><em>sto,</em></span> <span class='ocrx_word' id='word_1_201' title='bbox 295 1835 337 1885; x_wconf 88' lang='lat' dir='ltr'><em>cui</em></span> <span class='ocrx_word' id='word_1_202' title='bbox 355 1836 441 1886; x_wconf 84' lang='lat' dir='ltr'><em>Labeo</em></span> <span class='ocrx_word' id='word_1_203' title='bbox 459 1840 564 1901; x_wconf 88' lang='lat' dir='ltr'><em>propter</em></span> <span class='ocrx_word' id='word_1_204' title='bbox 580 1836 684 1884; x_wconf 81' lang='lat' dir='ltr'><strong>nimiam</strong></span> <span class='ocrx_word' id='word_1_205' title='bbox 703 1833 845 1883; x_wconf 89' lang='lat' dir='ltr'><em>libertatem</em></span> <span class='ocrx_word' id='word_1_206' title='bbox 862 1835 971 1884; x_wconf 84' lang='lat' dir='ltr'><em>offensus</em></span> <span class='ocrx_word' id='word_1_207' title='bbox 989 1840 1049 1883; x_wconf 85' lang='lat' dir='ltr'><em>erat</em></span> <span class='ocrx_word' id='word_1_208' title='bbox 1083 1835 1134 1890; x_wconf 77' lang='lat' dir='ltr'><em>Qus</em></span> <span class='ocrx_word' id='word_1_209' title='bbox 1151 1836 1246 1886; x_wconf 88' lang='lat' dir='ltr'><em>malum</em></span> <span class='ocrx_word' id='word_1_210' title='bbox 1264 1840 1354 1902; x_wconf 82' lang='lat' dir='ltr'><em>groti·</em></span> 
     </span>
     <span class='ocr_line' id='line_1_23' title="bbox 228 1900 1354 1969; baseline 0.002 -15"><span class='ocrx_word' id='word_1_211' title='bbox 228 1904 345 1966; x_wconf 79' lang='lat' dir='ltr'><em>ficator?</em></span> <span class='ocrx_word' id='word_1_212' title='bbox 372 1907 412 1953; x_wconf 81' lang='lat' dir='ltr'><em>An</em></span> <span class='ocrx_word' id='word_1_213' title='bbox 430 1903 551 1953; x_wconf 82' lang='lat' dir='ltr'><em>credibile</em></span> <span class='ocrx_word' id='word_1_214' title='bbox 569 1910 620 1963; x_wconf 90' lang='lat' dir='ltr'><em>est,</em></span> <span class='ocrx_word' id='word_1_215' title='bbox 645 1907 696 1951; x_wconf 89' lang='lat' dir='ltr'><em>tam</em></span> <span class='ocrx_word' id='word_1_216' title='bbox 721 1902 793 1951; x_wconf 84' lang='lat' dir='ltr'><em>laeda</em></span> <span class='ocrx_word' id='word_1_217' title='bbox 810 1907 835 1950; x_wconf 89' lang='lat' dir='ltr'><em>et</em></span> <span class='ocrx_word' id='word_1_218' title='bbox 852 1900 961 1951; x_wconf 86' lang='lat' dir='ltr'><em>absurda</em></span> <span class='ocrx_word' id='word_1_219' title='bbox 978 1903 1124 1953; x_wconf 83' lang='lat' dir='ltr'><em>adulatione</em></span> <span class='ocrx_word' id='word_1_220' title='bbox 1142 1909 1187 1953; x_wconf 87' lang='lat' dir='ltr'><em>aut</em></span> <span class='ocrx_word' id='word_1_221' title='bbox 1205 1907 1354 1969; x_wconf 85' lang='lat' dir='ltr'><em>Augustum</em></span> 
     </span>
     <span class='ocr_line' id='line_1_24' title="bbox 230 1969 1354 2040; baseline 0.001 -18"><span class='ocrx_word' id='word_1_222' title='bbox 230 1974 287 2037; x_wconf 90' lang='lat' dir='ltr'><em>capi</em></span> <span class='ocrx_word' id='word_1_223' title='bbox 305 1973 426 2037; x_wconf 89' lang='lat' dir='ltr'><em>potuisse,</em></span> <span class='ocrx_word' id='word_1_224' title='bbox 445 1975 489 2021; x_wconf 89' lang='lat' dir='ltr'><em>aut</em></span> <span class='ocrx_word' id='word_1_225' title='bbox 499 1971 619 2021; x_wconf 81' lang='lat' dir='ltr'><em>Flaccum</em></span> <span class='ocrx_word' id='word_1_226' title='bbox 637 1974 738 2035; x_wconf 87' lang='lat' dir='ltr'><em>captare</em></span> <span class='ocrx_word' id='word_1_227' title='bbox 757 1970 926 2019; x_wconf 82' lang='lat' dir='ltr'><em>ausumessel</em></span> <span class='ocrx_word' id='word_1_228' title='bbox 945 1969 1232 2033; x_wconf 78' lang='lat' dir='ltr'><em>Quiautemolp&#39;ensnsl</em></span> <span class='ocrx_word' id='word_1_229' title='bbox 1251 1974 1354 2040; x_wconf 80' lang='lat' dir='ltr'><em>Nempe</em></span> 
     </span>
     <span class='ocr_line' id='line_1_25' title="bbox 229 2037 1355 2107; baseline 0.003 -18"><span class='ocrx_word' id='word_1_230' title='bbox 229 2045 268 2100; x_wconf 77' lang='lat' dir='ltr'><em>tut</em></span> <span class='ocrx_word' id='word_1_231' title='bbox 291 2040 345 2089; x_wconf 87' lang='lat' dir='ltr'><em>eius</em></span> <span class='ocrx_word' id='word_1_232' title='bbox 371 2039 483 2089; x_wconf 89' lang='lat' dir='ltr'><em>aemulus</em></span> <span class='ocrx_word' id='word_1_233' title='bbox 501 2038 589 2088; x_wconf 89' lang='lat' dir='ltr'><em>Ateius</em></span> <span class='ocrx_word' id='word_1_234' title='bbox 608 2037 699 2103; x_wconf 82' lang='lat' dir='ltr'><em>Capito</em></span> <span class='ocrx_word' id='word_1_235' title='bbox 724 2038 792 2102; x_wconf 89' lang='lat' dir='ltr'><em>apud</em></span> <span class='ocrx_word' id='word_1_236' title='bbox 810 2037 920 2087; x_wconf 76' lang='lat' dir='ltr'><em>Sellium</em></span> <span class='ocrx_word' id='word_1_237' title='bbox 937 2037 1016 2100; x_wconf 85' lang='lat' dir='ltr'><strong>XIII,</strong></span> <span class='ocrx_word' id='word_1_238' title='bbox 1043 2041 1079 2090; x_wconf 83' lang='lat'><em>12.</em></span> <span class='ocrx_word' id='word_1_239' title='bbox 1100 2042 1126 2103; x_wconf 64' lang='grc' dir='ltr'><em>[ξ</em></span> <span class='ocrx_word' id='word_1_240' title='bbox 1146 2038 1180 2107; x_wconf 73' lang='lat' dir='ltr'><em>²ll</em></span> <span class='ocrx_word' id='word_1_241' title='bbox 1207 2044 1355 2105; x_wconf 81' lang='lat' dir='ltr'><em>„agitabat</em></span> 
     </span>
     <span class='ocr_line' id='line_1_26' title="bbox 230 2106 1352 2173; baseline 0.001 -15"><span class='ocrx_word' id='word_1_242' title='bbox 230 2110 361 2158; x_wconf 75' lang='lat' dir='ltr'><em>homiaem</em></span> <span class='ocrx_word' id='word_1_243' title='bbox 380 2108 488 2157; x_wconf 87' lang='lat' dir='ltr'><em>libertas</em></span> <span class='ocrx_word' id='word_1_244' title='bbox 505 2106 635 2171; x_wconf 84' lang='lat' dir='ltr'><em>quaedam</em></span> <span class='ocrx_word' id='word_1_245' title='bbox 653 2107 736 2155; x_wconf 86' lang='lat' dir='ltr'><em>nimia</em></span> <span class='ocrx_word' id='word_1_246' title='bbox 755 2111 781 2155; x_wconf 91' lang='lat' dir='ltr'><em>et</em></span> <span class='ocrx_word' id='word_1_247' title='bbox 796 2120 903 2168; x_wconf 87' lang='lat' dir='ltr'><em>oecars,·</em></span> <span class='ocrx_word' id='word_1_248' title='bbox 922 2111 1056 2170; x_wconf 85' lang='lat' dir='ltr'><em>tamquam,</em></span> <span class='ocrx_word' id='word_1_249' title='bbox 1074 2108 1142 2157; x_wconf 84' lang='lat' dir='ltr'><em>Dino</em></span> <span class='ocrx_word' id='word_1_250' title='bbox 1153 2107 1280 2173; x_wconf 79' lang='lat' dir='ltr'><em>Attgasto</em></span> <span class='ocrx_word' id='word_1_251' title='bbox 1299 2113 1352 2159; x_wconf 88' lang='lat' dir='ltr'><em>iam</em></span> 
     </span>
     <span class='ocr_line' id='line_1_27' title="bbox 226 2175 1352 2241; baseline 0.002 -15"><span class='ocrx_word' id='word_1_252' title='bbox 226 2178 351 2241; x_wconf 86' lang='lat' dir='ltr'><em>principe</em></span> <span class='ocrx_word' id='word_1_253' title='bbox 369 2180 394 2224; x_wconf 89' lang='lat' dir='ltr'><em>et</em></span> <span class='ocrx_word' id='word_1_254' title='bbox 410 2175 599 2239; x_wconf 79' lang='lat' dir='ltr'><em>rempublicam</em></span> <span class='ocrx_word' id='word_1_255' title='bbox 617 2176 757 2236; x_wconf 88' lang='lat' dir='ltr'><em>obtinente,</em></span> <span class='ocrx_word' id='word_1_256' title='bbox 775 2178 864 2223; x_wconf 87' lang='lat' dir='ltr'><em>ratum</em></span> <span class='ocrx_word' id='word_1_257' title='bbox 883 2179 970 2224; x_wconf 74' lang='lat' dir='ltr'><em>mman</em></span> <span class='ocrx_word' id='word_1_258' title='bbox 983 2190 1144 2239; x_wconf 85' lang='lat' dir='ltr'><em>pensumque</em></span> <span class='ocrx_word' id='word_1_259' title='bbox 1155 2177 1225 2226; x_wconf 85' lang='lat' dir='ltr'><em>nibil</em></span> <span class='ocrx_word' id='word_1_260' title='bbox 1232 2177 1352 2240; x_wconf 82' lang='lat' dir='ltr'><em>baberet,</em></span> 
     </span>
     <span class='ocr_line' id='line_1_28' title="bbox 228 2239 1352 2309; baseline 0.003 -16"><span class='ocrx_word' id='word_1_261' title='bbox 228 2246 283 2293; x_wconf 89' lang='lat' dir='ltr'><em>nisi</em></span> <span class='ocrx_word' id='word_1_262' title='bbox 305 2243 378 2308; x_wconf 84' lang='lat' dir='ltr'><em>quod</em></span> <span class='ocrx_word' id='word_1_263' title='bbox 398 2243 496 2293; x_wconf 75' lang='lat' dir='ltr'><em>ireseum</em></span> <span class='ocrx_word' id='word_1_264' title='bbox 519 2248 692 2307; x_wconf 84' lang='lat' dir='ltr'><em>sanctamque</em></span> <span class='ocrx_word' id='word_1_265' title='bbox 716 2258 769 2291; x_wconf 87' lang='lat' dir='ltr'><em>csse</em></span> <span class='ocrx_word' id='word_1_266' title='bbox 792 2244 820 2291; x_wconf 88' lang='lat' dir='ltr'><em>in</em></span> <span class='ocrx_word' id='word_1_267' title='bbox 838 2239 964 2291; x_wconf 77' lang='lat' dir='ltr'><em>Romanis</em></span> <span class='ocrx_word' id='word_1_268' title='bbox 988 2244 1193 2308; x_wconf 75' lang='lat' dir='ltr'><em>antiquitatibus</em></span> <span class='ocrx_word' id='word_1_269' title='bbox 1217 2245 1352 2309; x_wconf 80' lang='lat' dir='ltr'><em>legisset.“</em></span> 
     </span>
     <span class='ocr_line' id='line_1_29' title="bbox 228 2309 1352 2378; baseline 0.002 -17"><span class='ocrx_word' id='word_1_270' title='bbox 228 2312 273 2361; x_wconf 88' lang='lat' dir='ltr'><em>Ita·</em></span> <span class='ocrx_word' id='word_1_271' title='bbox 285 2310 369 2361; x_wconf 87' lang='lat' dir='ltr'><em>obiter</em></span> <span class='ocrx_word' id='word_1_272' title='bbox 393 2310 583 2374; x_wconf 69' lang='lat' dir='ltr'><em>corrigendum</em></span> <span class='ocrx_word' id='word_1_273' title='bbox 610 2310 675 2359; x_wconf 87' lang='lat' dir='ltr'><em>illud</em></span> <span class='ocrx_word' id='word_1_274' title='bbox 699 2325 730 2359; x_wconf 86' lang='lat' dir='ltr'><em>ex</em></span> <span class='ocrx_word' id='word_1_275' title='bbox 754 2309 841 2359; x_wconf 89' lang='lat' dir='ltr'><em>codice</em></span> <span class='ocrx_word' id='word_1_276' title='bbox 858 2309 939 2373; x_wconf 86' lang='lat' dir='ltr'><em>Regio</em></span> <span class='ocrx_word' id='word_1_277' title='bbox 956 2311 1075 2360; x_wconf 86' lang='lat' dir='ltr'><em>Lutetiae</em></span> <span class='ocrx_word' id='word_1_278' title='bbox 1098 2312 1212 2361; x_wconf 88' lang='lat' dir='ltr'><em>omnium</em></span> <span class='ocrx_word' id='word_1_279' title='bbox 1236 2315 1352 2378; x_wconf 66' lang='lat' dir='ltr'><em>optima</em></span> 
     </span>
     <span class='ocr_line' id='line_1_30' title="bbox 228 2378 1353 2442; baseline 0.001 -12"><span class='ocrx_word' id='word_1_280' title='bbox 228 2381 277 2430; x_wconf 92' lang='lat' dir='ltr'><em>hoc</em></span> <span class='ocrx_word' id='word_1_281' title='bbox 300 2395 331 2429; x_wconf 84' lang='lat' dir='ltr'><em>ex</em></span> <span class='ocrx_word' id='word_1_282' title='bbox 354 2379 512 2429; x_wconf 83' lang='lat' dir='ltr'><em>coniectura:</em></span> <span class='ocrx_word' id='word_1_283' title='bbox 539 2378 615 2442; x_wconf 83' lang='lat' dir='ltr'><em>vulgo</em></span> <span class='ocrx_word' id='word_1_284' title='bbox 639 2378 718 2428; x_wconf 84' lang='lat' dir='ltr'><em>edunt</em></span> <span class='ocrx_word' id='word_1_285' title='bbox 740 2393 823 2442; x_wconf 85' lang='lat' dir='ltr'><em>usque</em></span> <span class='ocrx_word' id='word_1_286' title='bbox 840 2393 870 2427; x_wconf 90' lang='lat' dir='ltr'><em>eo</em></span> <span class='ocrx_word' id='word_1_287' title='bbox 893 2380 937 2438; x_wconf 89' lang='lat' dir='ltr'><em>ut,</em></span> <span class='ocrx_word' id='word_1_288' title='bbox 963 2384 988 2427; x_wconf 91' lang='lat' dir='ltr'><em>et</em></span> <span class='ocrx_word' id='word_1_289' title='bbox 1011 2381 1117 2428; x_wconf 85' lang='lat' dir='ltr'><em>iustum.</em></span> <span class='ocrx_word' id='word_1_290' title='bbox 1151 2380 1188 2428; x_wconf 79' lang='lat' dir='ltr'><em>ut</em></span> <span class='ocrx_word' id='word_1_291' title='bbox 1204 2378 1353 2431; x_wconf 76' lang='lat' dir='ltr'><em>Libertatis</em></span> 
     </span>
     <span class='ocr_line' id='line_1_31' title="bbox 229 2446 1350 2512; baseline 0 -15"><span class='ocrx_word' id='word_1_292' title='bbox 229 2448 329 2512; x_wconf 88' lang='lat' dir='ltr'><em>quidem</em></span> <span class='ocrx_word' id='word_1_293' title='bbox 348 2448 401 2496; x_wconf 90' lang='lat' dir='ltr'><em>eius</em></span> <span class='ocrx_word' id='word_1_294' title='bbox 419 2446 560 2511; x_wconf 86' lang='lat' dir='ltr'><em>exemplum</em></span> <span class='ocrx_word' id='word_1_295' title='bbox 577 2447 686 2496; x_wconf 81' lang='lat' dir='ltr'><em>afferunt</em></span> <span class='ocrx_word' id='word_1_296' title='bbox 703 2446 840 2495; x_wconf 79' lang='lat' dir='ltr'><em>Suetonius</em></span> <span class='ocrx_word' id='word_1_297' title='bbox 858 2446 974 2510; x_wconf 79' lang='lat' dir='ltr'><em>Augusto</em></span> <span class='ocrx_word' id='word_1_298' title='bbox 992 2462 1012 2495; x_wconf 91' lang='lat' dir='ltr'><em>c.</em></span> <span class='ocrx_word' id='word_1_299' title='bbox 1031 2449 1072 2498; x_wconf 78' lang='lat'><em>54.</em></span> <span class='ocrx_word' id='word_1_300' title='bbox 1097 2451 1123 2496; x_wconf 90' lang='lat' dir='ltr'><em>et</em></span> <span class='ocrx_word' id='word_1_301' title='bbox 1139 2448 1207 2497; x_wconf 90' lang='lat' dir='ltr'><em>Dion</em></span> <span class='ocrx_word' id='word_1_302' title='bbox 1225 2449 1241 2498; x_wconf 91' lang='lat' dir='ltr'><em>l.</em></span> <span class='ocrx_word' id='word_1_303' title='bbox 1261 2450 1350 2499; x_wconf 90' lang='lat' dir='ltr'><strong>LIIII.</strong></span> 
     </span>
     <span class='ocr_line' id='line_1_32' title="bbox 230 2513 1351 2583; baseline 0.003 -20"><span class='ocrx_word' id='word_1_304' title='bbox 230 2518 261 2578; x_wconf 84' lang='lat' dir='ltr'><em>[c.</em></span> <span class='ocrx_word' id='word_1_305' title='bbox 282 2518 331 2578; x_wconf 82' lang='lat' dir='ltr'><em>tb].</em></span> <span class='ocrx_word' id='word_1_306' title='bbox 359 2515 440 2569; x_wconf 80' lang='lat' dir='ltr'><em>Quam</em></span> <span class='ocrx_word' id='word_1_307' title='bbox 457 2520 540 2564; x_wconf 89' lang='lat' dir='ltr'><em>tamen</em></span> <span class='ocrx_word' id='word_1_308' title='bbox 559 2518 654 2578; x_wconf 84' lang='lat' dir='ltr'><em>negant</em></span> <span class='ocrx_word' id='word_1_309' title='bbox 677 2519 784 2579; x_wconf 91' lang='lat' dir='ltr'><em>uterque</em></span> <span class='ocrx_word' id='word_1_310' title='bbox 807 2513 891 2563; x_wconf 81' lang='lat' dir='ltr'><em>fraudi</em></span> <span class='ocrx_word' id='word_1_311' title='bbox 909 2519 954 2563; x_wconf 91' lang='lat' dir='ltr'><em>aut</em></span> <span class='ocrx_word' id='word_1_312' title='bbox 972 2514 1123 2564; x_wconf 88' lang='lat' dir='ltr'><em>detrimento</em></span> <span class='ocrx_word' id='word_1_313' title='bbox 1141 2516 1165 2564; x_wconf 92' lang='lat' dir='ltr'><em>ei</em></span> <span class='ocrx_word' id='word_1_314' title='bbox 1182 2515 1261 2565; x_wconf 81' lang='lat' dir='ltr'><em>fuisse</em></span> <span class='ocrx_word' id='word_1_315' title='bbox 1281 2517 1351 2583; x_wconf 87' lang='lat' dir='ltr'><em>apud</em></span> 
     </span>
     <span class='ocr_line' id='line_1_33' title="bbox 228 2581 1349 2647; baseline 0.002 -14"><span class='ocrx_word' id='word_1_316' title='bbox 228 2586 385 2647; x_wconf 67' lang='lat' dir='ltr'><em>Augustum</em></span> <span class='ocrx_word' id='word_1_317' title='bbox 412 2583 479 2646; x_wconf 89' lang='lat' dir='ltr'><em>apud</em></span> <span class='ocrx_word' id='word_1_318' title='bbox 497 2583 564 2632; x_wconf 82' lang='lat' dir='ltr'><em>cives</em></span> <span class='ocrx_word' id='word_1_319' title='bbox 582 2586 666 2632; x_wconf 88' lang='lat' dir='ltr'><em>autem</em></span> <span class='ocrx_word' id='word_1_320' title='bbox 683 2585 792 2631; x_wconf 83' lang='lat' dir='ltr'><em>maxImo</em></span> <span class='ocrx_word' id='word_1_321' title='bbox 810 2582 901 2630; x_wconf 89' lang='lat' dir='ltr'><em>honori</em></span> <span class='ocrx_word' id='word_1_322' title='bbox 919 2581 1004 2642; x_wconf 84' lang='lat' dir='ltr'><em>luisse,</em></span> <span class='ocrx_word' id='word_1_323' title='bbox 1023 2584 1073 2632; x_wconf 84' lang='lat' dir='ltr'><em>Iam</em></span> <span class='ocrx_word' id='word_1_324' title='bbox 1092 2599 1122 2633; x_wconf 84' lang='lat' dir='ltr'><em>ex</em></span> <span class='ocrx_word' id='word_1_325' title='bbox 1140 2583 1229 2633; x_wconf 86' lang='lat' dir='ltr'><em>Tacito</em></span> <span class='ocrx_word' id='word_1_326' title='bbox 1246 2586 1349 2635; x_wconf 76' lang='lat' dir='ltr'><em>audiri·</em></span> 
     </span>
     <span class='ocr_line' id='line_1_34' title="bbox 228 2649 1350 2715; baseline 0.003 -16"><span class='ocrx_word' id='word_1_327' title='bbox 228 2667 291 2701; x_wconf 87' lang='lat' dir='ltr'><em>mus.</em></span> <span class='ocrx_word' id='word_1_328' title='bbox 317 2650 382 2698; x_wconf 87' lang='lat' dir='ltr'><em>Nam</em></span> <span class='ocrx_word' id='word_1_329' title='bbox 400 2656 426 2699; x_wconf 91' lang='lat' dir='ltr'><em>et</em></span> <span class='ocrx_word' id='word_1_330' title='bbox 436 2652 558 2700; x_wconf 85' lang='lat' dir='ltr'><em>Praetura</em></span> <span class='ocrx_word' id='word_1_331' title='bbox 575 2656 601 2700; x_wconf 91' lang='lat' dir='ltr'><em>et</em></span> <span class='ocrx_word' id='word_1_332' title='bbox 618 2650 798 2715; x_wconf 84' lang='lat' dir='ltr'><em>proconsulatu</em></span> <span class='ocrx_word' id='word_1_333' title='bbox 816 2649 963 2714; x_wconf 86' lang='lat' dir='ltr'><em>provinciae</em></span> <span class='ocrx_word' id='word_1_334' title='bbox 981 2650 1155 2700; x_wconf 83' lang='lat' dir='ltr'><em>Narbonensis</em></span> <span class='ocrx_word' id='word_1_335' title='bbox 1173 2650 1277 2702; x_wconf 82' lang='lat' dir='ltr'><em>iunctus</em></span> <span class='ocrx_word' id='word_1_336' title='bbox 1297 2658 1350 2715; x_wconf 78' lang='lat' dir='ltr'><em>est3</em></span> 
     </span>
     <span class='ocr_line' id='line_1_35' title="bbox 229 2717 1349 2782; baseline 0.004 -15"><span class='ocrx_word' id='word_1_337' title='bbox 229 2724 255 2767; x_wconf 91' lang='lat' dir='ltr'><em>et</em></span> <span class='ocrx_word' id='word_1_338' title='bbox 271 2717 303 2766; x_wconf 90' lang='lat' dir='ltr'><em>ab</em></span> <span class='ocrx_word' id='word_1_339' title='bbox 321 2717 378 2782; x_wconf 89' lang='lat' dir='ltr'><em>ipso</em></span> <span class='ocrx_word' id='word_1_340' title='bbox 396 2721 511 2782; x_wconf 82' lang='lat' dir='ltr'><em>Augusto</em></span> <span class='ocrx_word' id='word_1_341' title='bbox 528 2718 597 2766; x_wconf 88' lang='lat' dir='ltr'><em>inter</em></span> <span class='ocrx_word' id='word_1_342' title='bbox 614 2717 750 2782; x_wconf 71' lang='lat' dir='ltr'><em>&#39;tringinta</em></span> <span class='ocrx_word' id='word_1_343' title='bbox 768 2718 912 2768; x_wconf 89' lang='lat' dir='ltr'><em>nominatus</em></span> <span class='ocrx_word' id='word_1_344' title='bbox 930 2723 982 2779; x_wconf 89' lang='lat' dir='ltr'><em>est,</em></span> <span class='ocrx_word' id='word_1_345' title='bbox 1002 2733 1107 2782; x_wconf 89' lang='lat' dir='ltr'><em>quorum</em></span> <span class='ocrx_word' id='word_1_346' title='bbox 1125 2720 1251 2770; x_wconf 87' lang='lat' dir='ltr'><em>arbitratu</em></span> <span class='ocrx_word' id='word_1_347' title='bbox 1270 2722 1349 2772; x_wconf 85' lang='lat' dir='ltr'><em>Sena·</em></span> 
     </span>
     <span class='ocr_line' id='line_1_36' title="bbox 229 2785 1349 2854; baseline 0.003 -19"><span class='ocrx_word' id='word_1_348' title='bbox 229 2793 269 2835; x_wconf 88' lang='lat' dir='ltr'><em>tus</em></span> <span class='ocrx_word' id='word_1_349' title='bbox 287 2785 420 2849; x_wconf 78' lang='lat' dir='ltr'><em>legeretur.</em></span> <span class='ocrx_word' id='word_1_350' title='bbox 455 2785 592 2835; x_wconf 81' lang='lat' dir='ltr'><em>Enimvero</em></span> <span class='ocrx_word' id='word_1_351' title='bbox 610 2787 653 2850; x_wconf 88' lang='lat' dir='ltr'><em>qui</em></span> <span class='ocrx_word' id='word_1_352' title='bbox 671 2786 718 2835; x_wconf 89' lang='lat' dir='ltr'><em>tali</em></span> <span class='ocrx_word' id='word_1_353' title='bbox 735 2785 789 2835; x_wconf 83' lang='lat' dir='ltr'><em>viro</em></span> <span class='ocrx_word' id='word_1_354' title='bbox 807 2801 945 2849; x_wconf 84' lang='lat' dir='ltr'><em>cognomen</em></span> <span class='ocrx_word' id='word_1_355' title='bbox 964 2787 1062 2836; x_wconf 88' lang='lat' dir='ltr'><em>Insono</em></span> <span class='ocrx_word' id='word_1_356' title='bbox 1086 2787 1233 2852; x_wconf 88' lang='lat' dir='ltr'><em>posuerint,</em></span> <span class='ocrx_word' id='word_1_357' title='bbox 1257 2788 1279 2838; x_wconf 91' lang='lat' dir='ltr'><em>ii</em></span> <span class='ocrx_word' id='word_1_358' title='bbox 1298 2790 1349 2854; x_wconf 87' lang='lat' dir='ltr'><em>ipsi</em></span> 
     </span>
     <span class='ocr_line' id='line_1_37' title="bbox 228 2853 1349 2921; baseline 0.004 -18"><span class='ocrx_word' id='word_1_359' title='bbox 228 2853 405 2916; x_wconf 82' lang='lat' dir='ltr'><em>multomagis</em></span> <span class='ocrx_word' id='word_1_360' title='bbox 423 2853 504 2902; x_wconf 80' lang='lat' dir='ltr'><em>lusere</em></span> <span class='ocrx_word' id='word_1_361' title='bbox 523 2859 548 2902; x_wconf 92' lang='lat' dir='ltr'><em>et</em></span> <span class='ocrx_word' id='word_1_362' title='bbox 564 2853 678 2919; x_wconf 85' lang='lat' dir='ltr'><em>desipere</em></span> <span class='ocrx_word' id='word_1_363' title='bbox 686 2853 827 2903; x_wconf 83' lang='lat' dir='ltr'><em>uideantur.</em></span> <span class='ocrx_word' id='word_1_364' title='bbox 855 2853 1029 2914; x_wconf 78' lang='lat' dir='ltr'><em>Quamobrem,</em></span> <span class='ocrx_word' id='word_1_365' title='bbox 1047 2856 1070 2904; x_wconf 86' lang='lat' dir='ltr'><em>si</em></span> <span class='ocrx_word' id='word_1_366' title='bbox 1083 2860 1210 2919; x_wconf 88' lang='lat' dir='ltr'><em>receptam</em></span> <span class='ocrx_word' id='word_1_367' title='bbox 1219 2858 1349 2921; x_wconf 84' lang='lat' dir='ltr'><em>sequimur</em></span> 
     </span>
     <span class='ocr_line' id='line_1_38' title="bbox 227 2920 1348 2989; baseline 0.004 -18"><span class='ocrx_word' id='word_1_368' title='bbox 227 2921 375 2982; x_wconf 88' lang='lat' dir='ltr'><em>lectionem,</em></span> <span class='ocrx_word' id='word_1_369' title='bbox 394 2921 459 2971; x_wconf 86' lang='lat' dir='ltr'><em>alius</em></span> <span class='ocrx_word' id='word_1_370' title='bbox 482 2921 574 2985; x_wconf 85' lang='lat' dir='ltr'><em>opinor</em></span> <span class='ocrx_word' id='word_1_371' title='bbox 595 2922 777 2985; x_wconf 86' lang='lat' dir='ltr'><em>intelligendus</em></span> <span class='ocrx_word' id='word_1_372' title='bbox 803 2920 852 2972; x_wconf 84' lang='lat' dir='ltr'><em>erit</em></span> <span class='ocrx_word' id='word_1_373' title='bbox 869 2922 969 2982; x_wconf 88' lang='lat' dir='ltr'><em>Labeo,</em></span> <span class='ocrx_word' id='word_1_374' title='bbox 993 2922 1065 2971; x_wconf 90' lang='lat' dir='ltr'><em>cuius</em></span> <span class='ocrx_word' id='word_1_375' title='bbox 1091 2922 1167 2972; x_wconf 92' lang='lat' dir='ltr'><em>hodie</em></span> <span class='ocrx_word' id='word_1_376' title='bbox 1184 2923 1248 2974; x_wconf 89' lang='lat' dir='ltr'><em>licet</em></span> <span class='ocrx_word' id='word_1_377' title='bbox 1263 2925 1348 2989; x_wconf 87' lang='lat' dir='ltr'><em>ignoti</em></span> 
     </span>
     <span class='ocr_line' id='line_1_39' title="bbox 228 2989 1347 3055; baseline 0.003 -15"><span class='ocrx_word' id='word_1_378' title='bbox 228 2990 323 3040; x_wconf 78' lang='lat' dir='ltr'><em>famosa</em></span> <span class='ocrx_word' id='word_1_379' title='bbox 347 2994 402 3038; x_wconf 88' lang='lat' dir='ltr'><em>tum</em></span> <span class='ocrx_word' id='word_1_380' title='bbox 425 2989 503 3039; x_wconf 84' lang='lat' dir='ltr'><em>luerit</em></span> <span class='ocrx_word' id='word_1_381' title='bbox 528 2989 637 3039; x_wconf 90' lang='lat' dir='ltr'><em>insania.</em></span> <span class='ocrx_word' id='word_1_382' title='bbox 676 2990 806 3055; x_wconf 83' lang='lat' dir='ltr'><em>Frequens</em></span> <span class='ocrx_word' id='word_1_383' title='bbox 828 2990 896 3039; x_wconf 88' lang='lat' dir='ltr'><em>enim</em></span> <span class='ocrx_word' id='word_1_384' title='bbox 919 2989 1067 3040; x_wconf 76' lang='lat' dir='ltr'><em>Labeonem</em></span> <span class='ocrx_word' id='word_1_385' title='bbox 1090 3006 1244 3055; x_wconf 86' lang='lat' dir='ltr'><em>cognomen,</em></span> <span class='ocrx_word' id='word_1_386' title='bbox 1271 2998 1298 3043; x_wconf 93' lang='lat' dir='ltr'><em>et</em></span> <span class='ocrx_word' id='word_1_387' title='bbox 1321 2993 1347 3043; x_wconf 87' lang='lat' dir='ltr'><em>in</em></span> 
     </span>
     <span class='ocr_line' id='line_1_40' title="bbox 228 3055 1346 3119; baseline 0.003 -12"><span class='ocrx_word' id='word_1_388' title='bbox 228 3058 307 3107; x_wconf 91' lang='lat' dir='ltr'><em>nullis</em></span> <span class='ocrx_word' id='word_1_389' title='bbox 325 3073 377 3107; x_wconf 90' lang='lat' dir='ltr'><em>non</em></span> <span class='ocrx_word' id='word_1_390' title='bbox 395 3057 500 3109; x_wconf 83' lang='lat' dir='ltr'><em>familiis</em></span> <span class='ocrx_word' id='word_1_391' title='bbox 517 3055 600 3106; x_wconf 88' lang='lat' dir='ltr'><em>locum</em></span> <span class='ocrx_word' id='word_1_392' title='bbox 618 3056 717 3110; x_wconf 87' lang='lat' dir='ltr'><em>habuit.</em></span> <span class='ocrx_word' id='word_1_393' title='bbox 751 3056 846 3107; x_wconf 84' lang='lat' dir='ltr'><em>Fabius</em></span> <span class='ocrx_word' id='word_1_394' title='bbox 863 3056 964 3118; x_wconf 88' lang='lat' dir='ltr'><em>Labeo,</em></span> <span class='ocrx_word' id='word_1_395' title='bbox 982 3058 1085 3109; x_wconf 77' lang='lat' dir='ltr'><em>Atinius</em></span> <span class='ocrx_word' id='word_1_396' title='bbox 1103 3059 1203 3119; x_wconf 86' lang='lat' dir='ltr'><em>Labeo,</em></span> <span class='ocrx_word' id='word_1_397' title='bbox 1222 3062 1346 3111; x_wconf 79' lang='lat' dir='ltr'><em>Asconius</em></span> 
     </span>
     <span class='ocr_line' id='line_1_41' title="bbox 228 3125 1346 3193; baseline 0.004 -18"><span class='ocrx_word' id='word_1_398' title='bbox 228 3126 322 3187; x_wconf 90' lang='lat' dir='ltr'><em>Labeo,</em></span> <span class='ocrx_word' id='word_1_399' title='bbox 341 3126 460 3189; x_wconf 88' lang='lat' dir='ltr'><em>Segutius</em></span> <span class='ocrx_word' id='word_1_400' title='bbox 477 3125 571 3183; x_wconf 89' lang='lat' dir='ltr'><em>Labeo,</em></span> <span class='ocrx_word' id='word_1_401' title='bbox 590 3125 715 3189; x_wconf 78' lang='lat' dir='ltr'><em>Cethegus</em></span> <span class='ocrx_word' id='word_1_402' title='bbox 732 3125 826 3186; x_wconf 88' lang='lat' dir='ltr'><em>Labeo,</em></span> <span class='ocrx_word' id='word_1_403' title='bbox 845 3125 1000 3190; x_wconf 90' lang='lat' dir='ltr'><em>Pomponius</em></span> <span class='ocrx_word' id='word_1_404' title='bbox 1018 3126 1117 3188; x_wconf 87' lang='lat' dir='ltr'><em>Labeo,</em></span> <span class='ocrx_word' id='word_1_405' title='bbox 1134 3127 1229 3192; x_wconf 85' lang='lat' dir='ltr'><em>aliique</em></span> <span class='ocrx_word' id='word_1_406' title='bbox 1247 3135 1346 3193; x_wconf 87' lang='lat' dir='ltr'><em>praeter</em></span> 
     </span>
     <span class='ocr_line' id='line_1_42' title="bbox 228 3192 1345 3259; baseline 0.004 -17"><span class='ocrx_word' id='word_1_407' title='bbox 228 3195 375 3254; x_wconf 81' lang='lat' dir='ltr'><em>Antistium,</em></span> <span class='ocrx_word' id='word_1_408' title='bbox 394 3192 462 3259; x_wconf 87' lang='lat' dir='ltr'><em>apud</em></span> <span class='ocrx_word' id='word_1_409' title='bbox 480 3196 594 3244; x_wconf 87' lang='lat' dir='ltr'><em>auctores</em></span> <span class='ocrx_word' id='word_1_410' title='bbox 612 3198 755 3243; x_wconf 80' lang='lat' dir='ltr'><em>occurrunt.</em></span> <span class='ocrx_word' id='word_1_411' title='bbox 790 3196 842 3242; x_wconf 81' lang='lat' dir='ltr'><em>Aut</em></span> <span class='ocrx_word' id='word_1_412' title='bbox 859 3194 881 3243; x_wconf 91' lang='lat' dir='ltr'><em>si</em></span> <span class='ocrx_word' id='word_1_413' title='bbox 899 3194 1059 3244; x_wconf 87' lang='lat' dir='ltr'><em>coniecturae</em></span> <span class='ocrx_word' id='word_1_414' title='bbox 1076 3194 1146 3244; x_wconf 89' lang='lat' dir='ltr'><em>locus</em></span> <span class='ocrx_word' id='word_1_415' title='bbox 1164 3196 1206 3244; x_wconf 92' lang='lat' dir='ltr'><em>hic</em></span> <span class='ocrx_word' id='word_1_416' title='bbox 1225 3197 1345 3246; x_wconf 89' lang='lat' dir='ltr'><em>conceda·</em></span> 
     </span>
     <span class='ocr_line' id='line_1_43' title="bbox 229 3260 1345 3327; baseline 0.002 -16"><span class='ocrx_word' id='word_1_417' title='bbox 229 3267 284 3323; x_wconf 88' lang='lat' dir='ltr'><em>tur,</em></span> <span class='ocrx_word' id='word_1_418' title='bbox 309 3261 426 3325; x_wconf 86' lang='lat' dir='ltr'><em>equidem</em></span> <span class='ocrx_word' id='word_1_419' title='bbox 450 3260 580 3311; x_wconf 83' lang='lat' dir='ltr'><em>levissima</em></span> <span class='ocrx_word' id='word_1_420' title='bbox 596 3262 736 3311; x_wconf 89' lang='lat' dir='ltr'><em>mutatione</em></span> <span class='ocrx_word' id='word_1_421' title='bbox 754 3277 800 3327; x_wconf 90' lang='lat' dir='ltr'><em>pro</em></span> <span class='ocrx_word' id='word_1_422' title='bbox 819 3261 941 3311; x_wconf 79' lang='lat' dir='ltr'><em>Labeone</em></span> <span class='ocrx_word' id='word_1_423' title='bbox 958 3261 1104 3313; x_wconf 83' lang='lat' dir='ltr'><em>Labienum</em></span> <span class='ocrx_word' id='word_1_424' title='bbox 1121 3265 1290 3327; x_wconf 83' lang='lat' dir='ltr'><em>reposuerim:</em></span> <span class='ocrx_word' id='word_1_425' title='bbox 1317 3269 1345 3315; x_wconf 89' lang='lat' dir='ltr'><em>ut</em></span> 
     </span>
     <span class='ocr_line' id='line_1_44' title="bbox 228 3328 1344 3392; baseline 0.004 -16"><span class='ocrx_word' id='word_1_426' title='bbox 228 3344 287 3378; x_wconf 85' lang='lat' dir='ltr'><em>uera</em></span> <span class='ocrx_word' id='word_1_427' title='bbox 305 3329 368 3378; x_wconf 82' lang='lat' dir='ltr'><em>torte</em></span> <span class='ocrx_word' id='word_1_428' title='bbox 385 3328 462 3378; x_wconf 89' lang='lat' dir='ltr'><em>lectio</em></span> <span class='ocrx_word' id='word_1_429' title='bbox 480 3328 565 3391; x_wconf 83' lang='lat' dir='ltr'><em>luerit,</em></span> <span class='ocrx_word' id='word_1_430' title='bbox 583 3328 633 3392; x_wconf 82' lang='lat' dir='ltr'><em>„ln</em></span> <span class='ocrx_word' id='word_1_431' title='bbox 651 3344 729 3379; x_wconf 89' lang='lat' dir='ltr'><em>cruce</em></span> <span class='ocrx_word' id='word_1_432' title='bbox 745 3329 876 3392; x_wconf 75' lang='lat' dir='ltr'><em>staffigat5</em></span> <span class='ocrx_word' id='word_1_433' title='bbox 903 3328 1014 3379; x_wconf 89' lang='lat' dir='ltr'><em>Labieno</em></span> <span class='ocrx_word' id='word_1_434' title='bbox 1032 3333 1154 3380; x_wconf 84' lang='lat' dir='ltr'><em>insanior</em></span> <span class='ocrx_word' id='word_1_435' title='bbox 1171 3334 1243 3382; x_wconf 85' lang='lat' dir='ltr'><em>inter</em></span> <span class='ocrx_word' id='word_1_436' title='bbox 1260 3332 1344 3383; x_wconf 84' lang='lat' dir='ltr'><em>Sanos</em></span> 
     </span>
     <span class='ocr_line' id='line_1_45' title="bbox 229 3395 1343 3463; baseline 0.004 -18"><span class='ocrx_word' id='word_1_437' title='bbox 229 3397 362 3446; x_wconf 86' lang='lat' dir='ltr'><em>dicatur.“</em></span> <span class='ocrx_word' id='word_1_438' title='bbox 398 3395 461 3451; x_wconf 80' lang='lat' dir='ltr'><em>Quis</em></span> <span class='ocrx_word' id='word_1_439' title='bbox 479 3401 562 3446; x_wconf 90' lang='lat' dir='ltr'><em>autem</em></span> <span class='ocrx_word' id='word_1_440' title='bbox 579 3402 605 3446; x_wconf 88' lang='lat' dir='ltr'><em>et</em></span> <span class='ocrx_word' id='word_1_441' title='bbox 623 3397 705 3462; x_wconf 87' lang='lat' dir='ltr'><em>qualis</em></span> <span class='ocrx_word' id='word_1_442' title='bbox 723 3397 853 3447; x_wconf 88' lang='lat' dir='ltr'><em>Labienus</em></span> <span class='ocrx_word' id='word_1_443' title='bbox 878 3397 926 3447; x_wconf 90' lang='lat' dir='ltr'><em>iste</em></span> <span class='ocrx_word' id='word_1_444' title='bbox 951 3397 1041 3462; x_wconf 81' lang='lat' dir='ltr'><em>fuerIt,</em></span> <span class='ocrx_word' id='word_1_445' title='bbox 1069 3398 1169 3463; x_wconf 78' lang='lat' dir='ltr'><em>quique</em></span> <span class='ocrx_word' id='word_1_446' title='bbox 1185 3398 1243 3450; x_wconf 88' lang='lat' dir='ltr'><em>iure</em></span> <span class='ocrx_word' id='word_1_447' title='bbox 1261 3400 1343 3450; x_wconf 83' lang='lat' dir='ltr'><em>Insani</em></span> 
     </span>
     <span class='ocr_line' id='line_1_46' title="bbox 228 3464 1342 3534; baseline 0.004 -19"><span class='ocrx_word' id='word_1_448' title='bbox 228 3480 319 3515; x_wconf 88' lang='lat' dir='ltr'><em>nomen</em></span> <span class='ocrx_word' id='word_1_449' title='bbox 336 3464 378 3513; x_wconf 87' lang='lat' dir='ltr'><em>hie</em></span> <span class='ocrx_word' id='word_1_450' title='bbox 397 3464 460 3514; x_wconf 81' lang='lat' dir='ltr'><em>serre</em></span> <span class='ocrx_word' id='word_1_451' title='bbox 479 3465 568 3529; x_wconf 88' lang='lat' dir='ltr'><em>possit,</em></span> <span class='ocrx_word' id='word_1_452' title='bbox 586 3481 616 3514; x_wconf 87' lang='lat' dir='ltr'><em>ex</em></span> <span class='ocrx_word' id='word_1_453' title='bbox 635 3467 730 3516; x_wconf 84' lang='lat' dir='ltr'><em>Seneca</em></span> <span class='ocrx_word' id='word_1_454' title='bbox 747 3481 890 3530; x_wconf 87' lang='lat' dir='ltr'><em>cognosces,</em></span> <span class='ocrx_word' id='word_1_455' title='bbox 909 3466 1016 3515; x_wconf 83' lang='lat' dir='ltr'><em>Praefat.</em></span> <span class='ocrx_word' id='word_1_456' title='bbox 1036 3466 1067 3516; x_wconf 91' lang='lat' dir='ltr'><em>ad</em></span> <span class='ocrx_word' id='word_1_457' title='bbox 1085 3465 1170 3518; x_wconf 86' lang='lat' dir='ltr'><em>lib.V.</em></span> <span class='ocrx_word' id='word_1_458' title='bbox 1190 3467 1232 3529; x_wconf 84' lang='lat' dir='ltr'><em>[X,</em></span> <span class='ocrx_word' id='word_1_459' title='bbox 1251 3485 1275 3534; x_wconf 91' lang='lat' dir='ltr'><em>p.</em></span> <span class='ocrx_word' id='word_1_460' title='bbox 1286 3469 1342 3529; x_wconf 72' lang='lat' dir='ltr'><em>aab,</em></span> 
     </span>
     <span class='ocr_line' id='line_1_47' title="bbox 228 3530 1342 3600; baseline 0.004 -19"><span class='ocrx_word' id='word_1_461' title='bbox 228 3534 244 3586; x_wconf 83' lang='lat'>2</span> <span class='ocrx_word' id='word_1_462' title='bbox 262 3534 345 3594; x_wconf 80' lang='lat' dir='ltr'><em>Burs]</em></span> <span class='ocrx_word' id='word_1_463' title='bbox 380 3530 626 3583; x_wconf 73' lang='lat' dir='ltr'><em>Controuersiarum:</em></span> <span class='ocrx_word' id='word_1_464' title='bbox 645 3533 704 3598; x_wconf 84' lang='lat' dir='ltr'><em>„Ile</em></span> <span class='ocrx_word' id='word_1_465' title='bbox 719 3533 833 3583; x_wconf 89' lang='lat' dir='ltr'><em>Labieno</em></span> <span class='ocrx_word' id='word_1_466' title='bbox 851 3537 1047 3598; x_wconf 81' lang='lat' dir='ltr'><em>interrogatis?</em></span> <span class='ocrx_word' id='word_1_467' title='bbox 1063 3563 1097 3571; x_wconf 88' lang='lat'><em>-</em></span> <span class='ocrx_word' id='word_1_468' title='bbox 1113 3550 1229 3600; x_wconf 80' lang='lat' dir='ltr'><em>magnus</em></span> <span class='ocrx_word' id='word_1_469' title='bbox 1247 3541 1342 3597; x_wconf 88' lang='lat' dir='ltr'><em>orator,</em></span> 
     </span>
     <span class='ocr_line' id='line_1_48' title="bbox 229 3600 1342 3667; baseline 0.003 -16"><span class='ocrx_word' id='word_1_470' title='bbox 229 3604 277 3667; x_wconf 87' lang='lat' dir='ltr'><em>qui</em></span> <span class='ocrx_word' id='word_1_471' title='bbox 291 3617 341 3667; x_wconf 88' lang='lat' dir='ltr'><em>per</em></span> <span class='ocrx_word' id='word_1_472' title='bbox 357 3600 441 3650; x_wconf 76' lang='lat' dir='ltr'><em>metito</em></span> <span class='ocrx_word' id='word_1_473' title='bbox 466 3600 654 3666; x_wconf 86' lang='lat' dir='ltr'><em>impedimenta</em></span> <span class='ocrx_word' id='word_1_474' title='bbox 677 3602 821 3664; x_wconf 80' lang='lat' dir='ltr'><em>elrtctotus,</em></span> <span class='ocrx_word' id='word_1_475' title='bbox 849 3600 885 3651; x_wconf 86' lang='lat' dir='ltr'><em>ad</em></span> <span class='ocrx_word' id='word_1_476' title='bbox 907 3602 1008 3663; x_wconf 81' lang='lat' dir='ltr'><em>famam</em></span> <span class='ocrx_word' id='word_1_477' title='bbox 1031 3604 1135 3665; x_wconf 83' lang='lat' dir='ltr'><em>ingenii</em></span> <span class='ocrx_word' id='word_1_478' title='bbox 1160 3603 1342 3665; x_wconf 81' lang='lat' dir='ltr'><em>confitentibus</em></span> 
     </span>
     <span class='ocr_line' id='line_1_49' title="bbox 226 3669 1341 3736; baseline 0.003 -17"><span class='ocrx_word' id='word_1_479' title='bbox 226 3673 314 3735; x_wconf 79' lang='lat' dir='ltr'><em>magis</em></span> <span class='ocrx_word' id='word_1_480' title='bbox 340 3670 490 3719; x_wconf 84' lang='lat' dir='ltr'><em>bominibus</em></span> <span class='ocrx_word' id='word_1_481' title='bbox 515 3674 686 3733; x_wconf 85' lang='lat' dir='ltr'><em>peruenerat,</em></span> <span class='ocrx_word' id='word_1_482' title='bbox 714 3684 794 3734; x_wconf 87' lang='lat' dir='ltr'><em>quam</em></span> <span class='ocrx_word' id='word_1_483' title='bbox 820 3670 974 3719; x_wconf 86' lang='lat' dir='ltr'><em>colentibus.</em></span> <span class='ocrx_word' id='word_1_484' title='bbox 1016 3669 1125 3720; x_wconf 90' lang='lat' dir='ltr'><em>Summa</em></span> <span class='ocrx_word' id='word_1_485' title='bbox 1149 3676 1253 3736; x_wconf 83' lang='lat' dir='ltr'><em>egestas</em></span> <span class='ocrx_word' id='word_1_486' title='bbox 1279 3677 1341 3734; x_wconf 89' lang='lat' dir='ltr'><em>erat,</em></span> 
     </span>
     <span class='ocr_line' id='line_1_50' title="bbox 227 3735 1341 3802; baseline 0.003 -14"><span class='ocrx_word' id='word_1_487' title='bbox 227 3753 330 3788; x_wconf 78' lang='lat' dir='ltr'><em>mmma</em></span> <span class='ocrx_word' id='word_1_488' title='bbox 348 3735 477 3801; x_wconf 76' lang='lat' dir='ltr'><em>infamia,</em></span> <span class='ocrx_word' id='word_1_489' title='bbox 495 3752 626 3788; x_wconf 72' lang='lat' dir='ltr'><em>mmmum</em></span> <span class='ocrx_word' id='word_1_490' title='bbox 644 3736 743 3789; x_wconf 82' lang='lat' dir='ltr'><em>odium.</em></span> <span class='ocrx_word' id='word_1_491' title='bbox 760 3765 795 3774; x_wconf 94' lang='lat'>—</span> <span class='ocrx_word' id='word_1_492' title='bbox 813 3736 934 3787; x_wconf 85' lang='lat' dir='ltr'><em>Libertas</em></span> <span class='ocrx_word' id='word_1_493' title='bbox 953 3743 1036 3802; x_wconf 88' lang='lat' dir='ltr'><em>tanto,</em></span> <span class='ocrx_word' id='word_1_494' title='bbox 1054 3744 1085 3787; x_wconf 90' lang='lat' dir='ltr'><em>ut</em></span> <span class='ocrx_word' id='word_1_495' title='bbox 1102 3738 1234 3789; x_wconf 86' lang='lat' dir='ltr'><em>libertatis</em></span> <span class='ocrx_word' id='word_1_496' title='bbox 1251 3754 1341 3790; x_wconf 86' lang='lat' dir='ltr'><em>nomen</em></span> 
     </span>
     <span class='ocr_line' id='line_1_51' title="bbox 228 3805 1341 3871; baseline 0.003 -16"><span class='ocrx_word' id='word_1_497' title='bbox 228 3805 382 3867; x_wconf 54' lang='lat' dir='ltr'><em>accederem</em></span> <span class='ocrx_word' id='word_1_498' title='bbox 407 3811 445 3868; x_wconf 89' lang='lat' dir='ltr'><em>ct,</em></span> <span class='ocrx_word' id='word_1_499' title='bbox 463 3809 527 3871; x_wconf 85' lang='lat' dir='ltr'><em>quio</em></span> <span class='ocrx_word' id='word_1_500' title='bbox 542 3809 644 3871; x_wconf 87' lang='lat' dir='ltr'><em>passim</em></span> <span class='ocrx_word' id='word_1_501' title='bbox 662 3806 780 3855; x_wconf 85' lang='lat' dir='ltr'><em>bomines</em></span> <span class='ocrx_word' id='word_1_502' title='bbox 797 3806 956 3870; x_wconf 85' lang='lat' dir='ltr'><em>ordinesque</em></span> <span class='ocrx_word' id='word_1_503' title='bbox 974 3806 1102 3869; x_wconf 88' lang='lat' dir='ltr'><em>laniaret,</em></span> <span class='ocrx_word' id='word_1_504' title='bbox 1120 3806 1250 3857; x_wconf 85' lang='lat' dir='ltr'><em>Rabienus</em></span> <span class='ocrx_word' id='word_1_505' title='bbox 1268 3823 1341 3858; x_wconf 88' lang='lat' dir='ltr'><em>eoca-</em></span> 
     </span>
     <span class='ocr_line' id='line_1_52' title="bbox 227 3873 1341 3939; baseline 0.002 -15"><span class='ocrx_word' id='word_1_506' title='bbox 227 3879 309 3925; x_wconf 87' lang='lat' dir='ltr'><em>retnr.</em></span> <span class='ocrx_word' id='word_1_507' title='bbox 345 3875 458 3923; x_wconf 82' lang='lat' dir='ltr'><em>Animus</em></span> <span class='ocrx_word' id='word_1_508' title='bbox 473 3889 524 3939; x_wconf 85' lang='lat' dir='ltr'><em>per</em></span> <span class='ocrx_word' id='word_1_509' title='bbox 541 3876 607 3923; x_wconf 87' lang='lat' dir='ltr'><em>vitia</em></span> <span class='ocrx_word' id='word_1_510' title='bbox 625 3876 734 3938; x_wconf 84' lang='lat' dir='ltr'><em>ingens,</em></span> <span class='ocrx_word' id='word_1_511' title='bbox 752 3879 779 3922; x_wconf 90' lang='lat' dir='ltr'><em>et</em></span> <span class='ocrx_word' id='word_1_512' title='bbox 796 3873 833 3923; x_wconf 81' lang='lat' dir='ltr'><em>ad</em></span> <span class='ocrx_word' id='word_1_513' title='bbox 848 3873 1049 3923; x_wconf 84' lang='lat' dir='ltr'><em>similitudinem</em></span> <span class='ocrx_word' id='word_1_514' title='bbox 1067 3876 1172 3938; x_wconf 74' lang='lat' dir='ltr'><em>ingenii</em></span> <span class='ocrx_word' id='word_1_515' title='bbox 1187 3877 1233 3925; x_wconf 83' lang='lat' dir='ltr'><em>sui</em></span> <span class='ocrx_word' id='word_1_516' title='bbox 1249 3876 1341 3926; x_wconf 81' lang='lat' dir='ltr'><em>uiolen-</em></span> 
     </span>
     <span class='ocr_line' id='line_1_53' title="bbox 228 3942 1340 4007; baseline 0.002 -16"><span class='ocrx_word' id='word_1_517' title='bbox 228 3947 284 4003; x_wconf 86' lang='lat' dir='ltr'><em>tus;</em></span> <span class='ocrx_word' id='word_1_518' title='bbox 311 3947 338 3992; x_wconf 91' lang='lat' dir='ltr'><em>et</em></span> <span class='ocrx_word' id='word_1_519' title='bbox 359 3944 406 4006; x_wconf 88' lang='lat' dir='ltr'><em>qni</em></span> <span class='ocrx_word' id='word_1_520' title='bbox 429 3942 602 4007; x_wconf 86' lang='lat' dir='ltr'><em>Pompeianos</em></span> <span class='ocrx_word' id='word_1_521' title='bbox 625 3944 737 4006; x_wconf 87' lang='lat' dir='ltr'><em>spiritus</em></span> <span class='ocrx_word' id='word_1_522' title='bbox 760 3942 878 3991; x_wconf 86' lang='lat' dir='ltr'><em>nondum</em></span> <span class='ocrx_word' id='word_1_523' title='bbox 902 3943 932 3990; x_wconf 89' lang='lat' dir='ltr'><em>in</em></span> <span class='ocrx_word' id='word_1_524' title='bbox 956 3946 1032 3991; x_wconf 87' lang='lat' dir='ltr'><em>tanta</em></span> <span class='ocrx_word' id='word_1_525' title='bbox 1054 3957 1121 4007; x_wconf 90' lang='lat' dir='ltr'><em>pace</em></span> <span class='ocrx_word' id='word_1_526' title='bbox 1135 3945 1277 4007; x_wconf 85' lang='lat' dir='ltr'><em>posuisset.</em></span> <span class='ocrx_word' id='word_1_527' title='bbox 1311 3943 1340 3993; x_wconf 90' lang='lat' dir='ltr'><em>la</em></span> 
     </span>
     <span class='ocr_line' id='line_1_54' title="bbox 227 4007 1340 4076; baseline 0.002 -17"><span class='ocrx_word' id='word_1_528' title='bbox 227 4010 298 4059; x_wconf 90' lang='lat' dir='ltr'><em>bunc</em></span> <span class='ocrx_word' id='word_1_529' title='bbox 314 4013 430 4075; x_wconf 87' lang='lat' dir='ltr'><em>primum</em></span> <span class='ocrx_word' id='word_1_530' title='bbox 449 4012 603 4074; x_wconf 69' lang='lat' dir='ltr'><em>excogitata</em></span> <span class='ocrx_word' id='word_1_531' title='bbox 621 4015 661 4058; x_wconf 88' lang='lat' dir='ltr'><em>est</em></span> <span class='ocrx_word' id='word_1_532' title='bbox 676 4025 745 4060; x_wconf 69' lang='lat' dir='ltr'><em>notra</em></span> <span class='ocrx_word' id='word_1_533' title='bbox 761 4024 856 4075; x_wconf 84' lang='lat' dir='ltr'><em>poena.</em></span> <span class='ocrx_word' id='word_1_534' title='bbox 892 4007 1024 4071; x_wconf 76' lang='lat' dir='ltr'><em>Effectum</em></span> <span class='ocrx_word' id='word_1_535' title='bbox 1050 4016 1089 4060; x_wconf 89' lang='lat' dir='ltr'><em>est</em></span> <span class='ocrx_word' id='word_1_536' title='bbox 1105 4012 1173 4060; x_wconf 87' lang='lat' dir='ltr'><em>caim</em></span> <span class='ocrx_word' id='word_1_537' title='bbox 1192 4026 1242 4076; x_wconf 91' lang='lat' dir='ltr'><em>per</em></span> <span class='ocrx_word' id='word_1_538' title='bbox 1257 4013 1340 4061; x_wconf 74' lang='lat' dir='ltr'><em>inuni-</em></span> 
     </span>
     <span class='ocr_line' id='line_1_55' title="bbox 228 4075 1339 4146; baseline 0.003 -20"><span class='ocrx_word' id='word_1_539' title='bbox 228 4091 285 4140; x_wconf 88' lang='lat' dir='ltr'><em>cor,</em></span> <span class='ocrx_word' id='word_1_540' title='bbox 309 4082 341 4126; x_wconf 90' lang='lat' dir='ltr'><em>ut</em></span> <span class='ocrx_word' id='word_1_541' title='bbox 358 4092 446 4127; x_wconf 88' lang='lat' dir='ltr'><em>omnes</em></span> <span class='ocrx_word' id='word_1_542' title='bbox 463 4080 519 4127; x_wconf 85' lang='lat' dir='ltr'><em>eius</em></span> <span class='ocrx_word' id='word_1_543' title='bbox 538 4078 601 4127; x_wconf 86' lang='lat' dir='ltr'><em>libri</em></span> <span class='ocrx_word' id='word_1_544' title='bbox 618 4078 831 4128; x_wconf 85' lang='lat' dir='ltr'><em>incenderentur.</em></span> <span class='ocrx_word' id='word_1_545' title='bbox 839 4075 916 4126; x_wconf 55' lang='lat' dir='ltr'><em>*lies</em></span> <span class='ocrx_word' id='word_1_546' title='bbox 934 4091 1003 4127; x_wconf 86' lang='lat' dir='ltr'><em>noua</em></span> <span class='ocrx_word' id='word_1_547' title='bbox 1027 4083 1053 4127; x_wconf 90' lang='lat' dir='ltr'><em>et</em></span> <span class='ocrx_word' id='word_1_548' title='bbox 1070 4080 1187 4142; x_wconf 83' lang='lat' dir='ltr'><em>insueto,</em></span> <span class='ocrx_word' id='word_1_549' title='bbox 1211 4079 1339 4146; x_wconf 86' lang='lat' dir='ltr'><em>supplicia</em></span> 
     </span>
     <span class='ocr_line' id='line_1_56' title="bbox 228 4142 1339 4213; baseline 0.005 -21"><span class='ocrx_word' id='word_1_550' title='bbox 228 4142 261 4192; x_wconf 88' lang='lat' dir='ltr'><em>de</em></span> <span class='ocrx_word' id='word_1_551' title='bbox 276 4143 373 4193; x_wconf 86' lang='lat' dir='ltr'><em>studiis</em></span> <span class='ocrx_word' id='word_1_552' title='bbox 389 4147 466 4195; x_wconf 83' lang='lat' dir='ltr'><em>sumt.</em></span> <span class='ocrx_word' id='word_1_553' title='bbox 484 4172 517 4181; x_wconf 91' lang='lat'><strong>—</strong></span> <span class='ocrx_word' id='word_1_554' title='bbox 535 4143 597 4195; x_wconf 85' lang='lat' dir='ltr'><em>Non</em></span> <span class='ocrx_word' id='word_1_555' title='bbox 616 4145 680 4195; x_wconf 89' lang='lat' dir='ltr'><em>tulit</em></span> <span class='ocrx_word' id='word_1_556' title='bbox 696 4147 765 4196; x_wconf 86' lang='lat' dir='ltr'><em>banc</em></span> <span class='ocrx_word' id='word_1_557' title='bbox 782 4144 918 4196; x_wconf 83' lang='lat' dir='ltr'><em>Labienus</em></span> <span class='ocrx_word' id='word_1_558' title='bbox 937 4145 1129 4208; x_wconf 86' lang='lat' dir='ltr'><em>contumetiam,</em></span> <span class='ocrx_word' id='word_1_559' title='bbox 1147 4160 1196 4196; x_wconf 86' lang='lat' dir='ltr'><em>aec</em></span> <span class='ocrx_word' id='word_1_560' title='bbox 1212 4152 1339 4213; x_wconf 82' lang='lat' dir='ltr'><em>superstes</em></span> 
     </span>
    </p>
   </div>
   <div class='ocr_carea' id='block_1_4' title="bbox 926 4346 937 4387">
    <p class='ocr_par' dir='ltr' id='par_1_4' title="bbox 926 4346 937 4387">
     <span class='ocr_line' id='line_1_57' title="bbox 926 4346 937 4387; baseline 0 -16"><span class='ocrx_word' id='word_1_561' title='bbox 926 4346 937 4387; x_wconf 50' lang='lat' dir='ltr'><em>⁴b</em></span> 
     </span>
    </p>
   </div>
   <div class='ocr_carea' id='block_1_5' title="bbox 0 0 1426 4758">
    <p class='ocr_par' dir='ltr' id='par_1_5' title="bbox 0 0 1426 4758">
     <span class='ocr_line' id='line_1_58' title="bbox 0 0 1426 4758; baseline 0 2"><span class='ocrx_word' id='word_1_562' title='bbox 0 0 1426 4758; x_wconf 95' lang='lat' dir='ltr'><em> </em></span> 
     </span>
    </p>
   </div>
  </div>
 </body>
</html>
