2810 4764
392 243 571 294 claustrum
590 247 658 295 1113.
673 247 721 296 111.
743 242 768 295 ⁴i.
787 245 811 296 5.

128 377 194 444 Sub
216 396 293 460 rege
313 378 406 445 Mede
427 379 553 446 Marsus
575 387 607 445 et
627 381 785 467 Appulus,

83 475 115 525 to
128 461 323 541 Aneiliorum
346 471 378 530 et
398 463 535 531 nominis
558 471 590 530 et
611 471 708 548 togae

169 548 306 628 Oblitus,
329 555 542 633 aeternaeque
564 551 692 629 Vestae,

191 633 365 698 lnoolumi
385 635 461 701 Iove
483 641 515 700 et
528 636 614 700 'urbe
634 637 757 703 Roma?

125 718 194 783 Hoe
215 726 343 784 caverat
363 739 453 785 mens
474 719 608 819 provida
628 722 743 803 Reguli

125 803 352 871 Dissentientis
373 805 609 871 conditionibus

83 900 113 950 15
128 888 254 959 Foedis,
278 895 310 954 et
331 890 478 976 exemplo
500 889 639 955 trahenti

210 972 385 1040 Pernieiem
408 973 540 1041 veniens
561 975 594 1040 in
616 994 741 1054 aevum,

373 1079 412 1128 10.
429 1076 504 1142 Vulg.
523 1076 690 1139 Aneiliorunr,
708 1076 827 1128 nominis.

35 1190 165 1252 maniam
193 1192 231 1243 ita
247 1196 307 1257 pest
331 1193 428 1244 cladem
452 1193 550 1256 Cassi,
576 1210 621 1260 per
640 1194 749 1244 Mediam
774 1194 802 1244 in
820 1198 892 1246 aruir
909 1202 1108 1260 consenuerunt,
1131 1199 1159 1249 hi

34 1258 241 1323 praetermisisti,
259 1261 300 1311 illi
317 1277 432 1312 easarum
449 1261 573 1312 custodes.
611 1261 641 1311 Id
659 1265 742 1312 auum
766 1262 886 1314 sollemne
900 1263 952 1314 iere
970 1264 1038 1330 apud
1056 1271 1158 1330 veteres,

35 1333 65 1377 ut
92 1326 191 1392 captivi
215 1329 247 1378 ad
272 1345 340 1380 area
363 1329 470 1381 uolenda
493 1329 687 1380 adhiberenturr
716 1336 745 1380 ut
767 1330 907 1396 Euripides
930 1332 958 1382 in
976 1333 1059 1383 Rheso
1077 1349 1099 1387 v.
1118 1336 1157 1386 ld.

37 1390 74 1445 Oi
89 1389 117 1444 d'
134 1390 164 1446 ἰν
171 1391 298 1464 βρόχοισι
312 1395 421 1466 δέσμιοι
434 1396 591 1466 &inspiret
600 1398 717 1478 &poyeio
733 1391 853 1467 ἀρούρας
866 1394 1008 1466 tradimus
1021 1403 1159 1466 γηπονεῑν.

35 1468 61 1513 et
79 1479 141 1513 mex
157 1481 179 1514 v.
190 1468 245 1517 175.
267 1462 307 1517 od
324 1463 381 1534 μὴν
399 1461 448 1516 τὸν
459 1461 562 1521 Οἰνέως
578 1464 665 1516 παῖδα
680 1459 711 1531 μ’
731 1463 955 1533 testareturque.
973 1465 1062 1518 Karai
1073 1485 1158 1537 γεωρ-

32 1533 97 1599 γεῖν
112 1533 203 1601 χεῖρες
229 1522 258 1584 εὖ
276 1536 361 1601 tripu
382 1532 474 1602 μέναι,
511 1535 606 1584 Noster
623 1533 707 1598 Epist.
726 1534 747 1595 I,
769 1536 807 1587 le.
825 1552 849 1587 r.
867 1536 908 1589 69.
943 1535 1083 1599 „Vendere
1100 1553 1160 1588 eum

30 1604 123 1666 poesia
140 1601 268 1666 captivum
293 1605 351 1653 eeei
369 1619 413 1653 ere
436 1602 508 1653 noli:
534 1601 637 1653 Serviat
659 1603 779 1652 utiliter:
801 1606 860 1654 eine
881 1609 971 1668 paseat
988 1604 1074 1654 deeras
1090 1611 1155 1656 aret·

33 1672 115 1732 que.“
149 1667 218 1725 Quin
236 1673 261 1719 et
278 1668 340 1719 olim
357 1673 432 1720 ereis
448 1670 566 1734 legerunt
583 1674 680 1720 veteres
699 1669 868 1721 Scholiastae:
893 1688 999 1736 qnorum
1017 1673 1059 1722 hie
1076 1673 1155 1723 inter·

32 1741 162 1802 pretatur,
180 1736 299 1801 „Oblitae
310 1737 445 1788 Romanae
461 1741 569 1788 virtues
587 1738 780 1803 apudPartdes
797 1739 950 1802 resedisse‘⁴;
968 1739 1039 1805 alter,
1059 1741 1158 1803 „Velm

31 1807 158 1870 propriis
176 1808 204 1854 in
222 1805 325 1856 sedibus
343 1821 446 1856 emnem
463 1808 517 1856 iam
536 1811 649 1857 aetatem
667 1807 803 1870 agerent.“
839 1807 910 1864 Quae
929 1813 995 1858 uerte
1012 1806 1089 1859 rerba
1106 1826 1156 1861 nen

32 1887 94 1923 oum
113 1873 211 1934 Armis,
230 1873 274 1922 sed
291 1873 371 1924 Arois
389 1873 555 1924 conveniunt.

108 1942 146 1991 10.
165 1940 342 2002 Aneilierum,
360 1944 484 2007 neminie,
503 1944 635 2005 eelogae]
654 1941 695 1991 Itu
710 1940 810 1992 eodiees
828 1941 927 2006 aliquot
945 1943 1044 2008 scripti,
1063 1949 1089 1994 et
1106 1946 1157 1995 iam
1192 1962 1196 1973 ·

31 2006 172 2072 pleraeque
196 2008 328 2067 editiones.
363 2009 414 2060 Sed
437 2010 644 2060 aeniunetienem
668 2014 695 2058 et
710 2009 828 2060 inserunt
844 2009 986 2060 Leseherus
1010 2016 1035 2060 et
1051 2011 1156 2075 Veneta,

31 2075 232 2140 „Auditorum
250 2082 276 2126 et
293 2079 418 2140 neminis,
435 2083 461 2128 et
479 2080 589 2143 legau‘:
607 2081 634 2128 et
650 2076 687 2127 sie
701 2081 802 2128 uestrae
812 2077 980 2138 Membruuae,
992 2079 1156 2143 Graeviauae,

30 2144 202 2208 Regiuenses,
220 2160 278 2195 enm
294 2145 411 2211 pluribus
421 2146 492 2195 aliis:
514 2146 577 2210 quin
595 2151 621 2195 et
638 2144 675 2196 sia
692 2144 787 2208 legitur
805 2145 873 2209 apud
884 2143 1027 2196 charisium
1045 2163 1102 2213 pag.
1112 2150 1154 2201 te.

31 2211 188 2262 Oledonium
210 2229 268 2279 pag.
290 2215 354 2265 1898
378 2218 404 2263 et
426 2215 542 2264 Seruium
565 2214 598 2264 ad
620 2213 726 2279 Virgilii
749 2216 813 2263 Aen.
833 2212 897 2274 VII,
920 2215 974 2266 188.
1010 2216 1103 2273 Baete:
1127 2222 1157 2266 nt

29 2280 132 2330 vitetur
149 2280 310 2346 ambiguum,
327 2298 360 2332 ue
378 2297 474 2332 nomen
492 2282 667 2342 anciliorum,
685 2297 736 2331 non
754 2296 850 2331 nemea
867 2279 1016 2332 Romanum
1033 2282 1099 2333 forte
1116 2284 1155 2334 in·

30 2348 146 2413 telligas.
170 2349 288 2400 Imitatus
306 2355 345 2400 est
361 2351 429 2400 huna
446 2349 531 2400 loenm
548 2349 699 2413 elorensis,
712 2348 928 2401 tresenreuter
954 2348 1026 2413 „Sed
1041 2354 1156 2417 patriae,

30 2416 161 2481 neminis,
188 2421 276 2481 tegno,
300 2418 415 2478 tusciam
439 2418 551 2479 oblitus,
576 2423 648 2467 tohu
671 2420 701 2466 in
723 2422 873 2468 monstrum
891 2415 961 2467 iilud
977 2417 1155 2470 desciverat“=
1241 2438 1244 2445 ·

30 2484 113 2541 Quod
129 2489 155 2534 st
172 2491 231 2535 ante
249 2501 296 2535 nes
312 2485 379 2535 vidit
396 2487 509 2551 optimus
526 2492 553 2535 et
570 2485 732 2535 destituimus
750 2484 907 2536 Torrentius.

106 2555 144 2604 15.
164 2552 200 2603 Et
216 2554 337 2619 sumpla
356 2556 484 2617 tradenti]
519 2555 560 2604 Ita
578 2555 675 2618 primus
692 2568 722 2603 ex
740 2554 887 2604 eonieetura
909 2554 1025 2618 reposuit
1042 2555 1081 2605 vir
1098 2571 1154 2606 eru·

28 2621 107 2671 ditus
123 2621 264 2672 Gulielmus
281 2621 413 2686 deuterus,
430 2623 459 2671 in
477 2622 605 2672 Novarum
622 2621 775 2672 Lectionum
793 2621 852 2685 vlt,
868 2623 907 2673 30.
927 2637 958 2671 ex
975 2638 1025 2686 quo
1042 2628 1154 2688 tempere

27 2689 152 2755 plerique
168 2689 197 2739 in
213 2690 298 2756 ipsum
313 2690 420 2741 Versum
437 2694 600 2755 receperunt:
618 2705 676 2739 enm
693 2690 721 2738 in
738 2690 845 2740 vetustis
863 2689 1027 2751 editionibus,
1046 2696 1071 2741 et
1088 2692 1156 2743 eodi-

28 2756 117 2816 oibus,
134 2757 215 2819 eredo,
235 2759 279 2822 qui
297 2773 365 2809 nune
383 2763 480 2818 extant,
497 2758 614 2809 omnibus
627 2757 749 2807 habeatur
764 2759 902 2820 ualeatis,
919 2758 986 2808 hune
999 2760 1027 2809 in
1041 2760 1156 2811 modum:

27 2826 110 2889 „Hae
128 2831 236 2875 cauerat
251 2841 324 2876 mene
339 2826 456 2893 prouida
472 2825 570 2892 Reguli
587 2825 771 2877 Dissentieutie
788 2825 986 2876 conditionibus
1002 2825 1111 2889 Foedis,
1130 2833 1157 2878 et

27 2892 156 2958 eaemplo
173 2894 298 2945 trahentis
310 2894 460 2945 Perniciem
477 2897 584 2944 ueniens
601 2896 631 2943 in
649 2896 768 2944 aeuum.“
785 2894 856 2949 Quae
874 2895 988 2959 ineptam
1004 2894 1081 2959 plens
1098 2912 1155 2946 son·

27 2961 142 3012 tentiam
160 2961 287 3024 efficiunt,
311 2967 337 3013 et
359 2966 448 3027 poetae
471 2963 552 3012 menti
575 2977 678 3027 prorsus
696 2962 858 3013 eontrarium.
893 2962 1045 3024 Enimvero,
1071 2969 1154 3013 eunte

25 3032 80 3081 hae
99 3028 217 3093 leetione,
234 3030 273 3080 sie
291 3031 362 3080 loeus
380 3029 540 3094 refingendus
559 3033 633 3092 esset,
651 3028 772 3092 „Foedis
790 3044 836 3079 nee
855 3029 976 3094 exemplo
990 3032 1156 3081 uateuiu“:

24 3100 79 3149 hee
100 3101 151 3159 est,
169 3098 329 3164 repudiantis
347 3098 432 3148 foedas
450 3098 626 3159 uenditiones,
649 3112 734 3163 aeque
751 3096 816 3148 malo
834 3112 880 3146 suo
898 3096 1012 3162 example
1029 3098 1153 3149 trahentis

25 3164 174 3232 perniciem
195 3165 224 3215 in
242 3170 364 3231 posteros.
399 3167 449 3217 Sed
465 3166 557 3216 molins
574 3165 678 3215 omniuo
696 3163 832 3225 canterus,
859 3165 904 3230 qni
926 3163 1029 3215 literula
1046 3181 1098 3216 una
1115 3182 1153 3216 se·

24 3238 103 3284 mota
119 3232 215 3283 alarum
233 3249 333 3284 sensum
351 3233 475 3296 reddidit,
499 3234 537 3284 itu
554 3239 584 3284 nt
601 3234 767 3284 conditiones
791 3234 855 3284 illae
877 3231 973 3293 foedae
997 3233 1051 3282 sint
1068 3249 1153 3284 eaeru-

20 3302 109 3369 plum
131 3301 233 3352 trahens
257 3301 403 3368 perniciem.
438 3301 529 3353 Livius
547 3303 582 3364 Il,
600 3303 641 3354 43.
677 3301 800 3365 „laianu
823 3303 905 3365 aigne
922 3300 1057 3361 referunt,
1083 3318 1154 3353 mue·

23 3372 120 3435 suque
137 3370 252 3420 redeunt
269 3373 296 3419 ia
315 3374 424 3421 euadat
448 3385 497 3420 nee
515 3371 578 3420 daie
596 3374 649 3419 tam
674 3368 806 3435 pestilenti
830 3369 944 3435 exemplo
961 3369 1079 3420 remedia
1096 3371 1153 3421 ulla

23 3440 62 3489 ab
83 3439 248 3503 imperatore
264 3440 385 3504 quaesita
408 3440 498 3489 matf‘
532 3437 639 3488 Minime
661 3437 750 3501 itaque
773 3453 819 3487 sua
844 3437 918 3489 laude
941 3436 1098 3488 fraudandus
1115 3446 1154 3489 est

23 3506 164 3556 (lauturus.
200 3505 263 3567 Sed,
288 3521 345 3556 eum
369 3507 461 3556 mirum
484 3505 548 3556 mihi
570 3506 652 3556 visum
670 3510 735 3555 esset
752 3520 838 3556 omnes
855 3503 949 3568 ubique
968 3505 1067 3557 eediees
1088 3504 1153 3558 Tra·

24 3575 120 3625 uentu
137 3573 268 3633 exhibere;
287 3589 367 3638 neque
385 3574 521 3639 quiequam
537 3574 565 3623 in
584 3573 738 3623 Canteriuna
754 3573 877 3624 Lectione
895 3572 1056 3624 diffleultatis
1074 3590 1152 3640 appa·

22 3644 113 3703 reret,
138 3641 204 3706 quod
222 3640 350 3691 Librarius
367 3647 453 3708 posset
470 3641 609 3703 offendere,
634 3642 656 3691 si
675 3657 728 3691 earn
752 3641 781 3691 in
804 3641 856 3691 suis
880 3640 1011 3692 eodieibus
1034 3657 1153 3708 umquam

23 3709 197 3775 reperissent:
227 3709 308 3760 subiit
330 3712 443 3760 animum
465 3710 569 3759 latuisse
592 3709 657 3759 ferte
676 3709 718 3758 hie
735 3709 797 3758 elim
814 3707 938 3773 elegantis
953 3709 1052 3774 aliquid
1069 3716 1095 3760 et
1112 3725 1152 3759 re·

23 3776 150 3829 conditae
167 3777 374 3840 oenstruetionis,
392 3778 460 3843 quod
477 3793 528 3828 nou
546 3777 705 3827 intelleotum
722 3777 750 3826 in
768 3776 880 3827 fraudem
897 3793 939 3827 eos
956 3778 1081 3830 inieeerit.
1116 3779 1152 3828 Et
1229 3802 1236 3827 κ

22 3863 38 3897 e
59 3845 172 3910 vaugio
195 3845 366 3911 suspitionem
388 3850 500 3896 nostram
524 3861 563 3895 res
586 3846 644 3910 ipsa
666 3844 837 3905 oonfinuavit3
863 3844 901 3895 sie
924 3845 991 3895 enim
1015 3847 1152 3910 seripserat

22 3913 169 3976 Horatius,
187 3914 390 3976 „Disserstientd
408 3913 606 3964 conditionibus
621 3912 733 3972 Foedis,
751 3918 777 3963 et
792 3912 900 3978 exempli
919 3913 1043 3963 trahentis
1061 3914 1152 3963 Perni-

24 3986 99 4034 er'em
117 3985 223 4032 veniens
240 3985 270 4032 ia
288 3986 414 4033 aeeam“:
439 3982 558 4043 houset,
585 3980 801 4044 conditionibus,
826 3997 894 4046 quae
917 3978 1013 4040 faedus
1031 3985 1152 4030 orantei

18 4053 177 4118 perniciosi
193 4050 313 4115 aremuli.
349 4051 390 4099 lta
408 4047 522 4099 solebant
539 4050 605 4099 hane
622 4065 708 4099 veeem
725 4049 838 4114 genitivo
856 4063 915 4098 ausu
933 4047 1057 4112 proferre:
1076 4063 1151 4112 quam

22 4122 185 4169 struaturam
202 4134 258 4167 eum
276 4119 424 4182 ignorarent
440 4116 502 4167 boni
520 4117 647 4179 Librarii,
665 4118 749 4167 leeum
767 4116 978 4167 eontuminarunt.
1014 4115 1150 4166 Suetonius

22 4189 96 4250 Aug.
109 4187 151 4238 32.
169 4188 319 4251 „Pleraque
335 4186 439 4250 pessimi
457 4185 566 4251 exempli
585 4189 713 4249 eorreait,
731 4201 799 4249 quae
816 4187 845 4235 iu
861 4183 999 4249 pernitiem
1016 4183 1151 4250 publicam
