2810 4764
307 230 487 278 CARMINUM
508 233 573 279 [ΑΒ.
596 233 641 278 lv.
664 228 688 280 4.

67 367 212 445 'rateque
233 362 378 429 victrices
401 372 547 431 catervae

140 447 294 514 Consiliis
316 449 441 515 invenis
464 469 632 535 repressae

67 552 171 611 rsere,
196 533 273 616 qnid
296 555 385 599 meus
408 535 476 611 rite,
500 535 577 617 quid
599 535 724 601 indoles

68 617 147 682 trita
172 618 292 683 sanans
315 621 375 685 sub
397 621 616 704 penetralibus

223 753 246 785 r.
265 737 305 787 24.
324 736 400 802 Vulg.
420 736 549 788 Heoielaa.
585 740 626 790 26.
645 698 759 788 Faesulis.

67 904 189 954 'lonsicin
206 908 309 955 iurastis
326 908 452 969 retectae]
478 906 551 961 Quod
568 906 708 955 Lambinus
726 906 754 955 in
772 906 903 956 nonnullis
921 908 1059 958 emendatis

85 974 216 1037 reperisse
239 990 265 1022 se
288 980 388 1034 namet,
415 989 565 1039 repressam
592 974 619 1023 id
642 990 688 1038 ego
713 974 741 1022 in
766 975 899 1024 veterrimo
916 977 1058 1026 Graeciano

71 1040 158 1103 primo
177 1046 232 1091 erst
249 1045 373 1099 revictae,
391 1046 416 1089 et
434 1048 521 1105 postea
539 1057 582 1091 sex
598 1040 782 1106 posterioribus
798 1041 882 1092 literis
899 1059 945 1109 per
962 1048 1058 1107 puncta

80 1110 122 1169 (ut
134 1108 211 1172 solet)
225 1108 323 1170 deletis,
337 1109 537 1174 suprascriptum
555 1125 632 1159 manu
644 1116 670 1159 at
681 1114 822 1159 atramento
840 1109 931 1160 iisdem
941 1127 1056 1176 pressae.

67 1175 114 1224 ivis
133 1192 195 1227 sane
214 1176 292 1241 pretii
309 1191 338 1225 es
355 1176 432 1226 lectio
450 1184 501 1227 este
519 1193 578 1226 nam
595 1176 671 1241 vulgo
689 1182 791 1241 recepta
808 1178 851 1227 vix
868 1177 943 1229 nobis
957 1178 1058 1243 placere

67 1243 74 1291 i
98 1243 139 1293 rcl
164 1260 251 1294 aurem
275 1243 315 1294 vol
337 1260 428 1294 nasum
452 1245 613 1295 adhibemus:
647 1244 712 1307 „sed
734 1244 917 1311 diaboloque
941 1247 1058 1298 matrices

72 1310 201 1362 Consiliis
219 1314 322 1362 iuoeeer's
341 1314 450 1362 revictae
468 1313 587 1375 Sensere,
606 1313 672 1377 quid
688 1328 760 1362 meus
778 1316 838 1376 rite,
857 1314 924 1378 quiet
939 1314 1058 1366 indolas“

85 1395 146 1429 vero
165 1396 317 1445 repressae,
344 1385 416 1430 utet
437 1381 502 1445 legit
520 1380 672 1430 Scholiastee
689 1380 864 1447 Porphyrion:
890 1381 1057 1446 „Consilie'r‚“

70 1450 129 1496 enas
147 1463 277 1512 repressae
295 1464 325 1497 eo
347 1450 477 1513 pertinet,
501 1448 574 1513 puori
595 1447 646 1498 late
670 1451 792 1498 uictrices
816 1449 950 1501 diumatf‘
984 1451 1058 1501 Nihil

67 1516 89 1564 ci
113 1516 210 1580 potnit.
246 1516 297 1572 Qui
322 1521 397 1566 antea
422 1516 500 1580 longe
526 1516 630 1581 lateque
652 1516 846 1581 grassabantur,
865 1518 917 1567 iam
934 1522 1057 1584 repenset,

77 1588 104 1632 et
122 1585 194 1633 iutra
211 1584 273 1634 fines
291 1600 349 1634 snos
368 1585 492 1650 compulsi
516 1589 583 1634 sunt.
619 1583 707 1634 Cicero
725 1584 755 1634 dc
773 1586 917 1636 Provinciis
935 1585 1057 1637 Consulu-

68 1652 91 1701 2.
112 1651 138 1717 [ξ
150 1654 194 1713 31]
230 1650 378 1716 „Nationes
396 1669 446 1711 cers,
468 1668 536 1717 quae
553 1667 663 1702 numero
683 1653 818 1702 bominum
836 1669 869 1703 ac
886 1654 1058 1706 multitudiue

68 1724 135 1769 rant
152 1722 181 1769 in
197 1723 353 1785 prouincias
370 1726 475 1771 nostras
492 1720 648 1783 redundare,
672 1722 711 1770 itu
729 1719 762 1770 ab
780 1720 870 1770 coelom
886 1737 940 1771 csse
954 1725 1056 1787 portien

67 1789 168 1851 portien
186 1804 329 1853 remesses,-
353 1794 384 1837 ut
401 1789 480 1851 Asia,
505 1804 573 1854 qreae
590 1791 732 1852 imperium
750 1793 870 1837 nostrane
888 1795 950 1838 ante
968 1794 1056 1840 termi-

67 1870 114 1904 enc
133 1857 219 1905 tribio
235 1859 311 1906 nouis
328 1859 475 1921 prouinciis
492 1859 551 1921 ipsa
569 1857 721 1919 cingatur.“
755 1857 791 1905 Et
809 1872 866 1905 mox
884 1872 905 1907 c.
926 1859 957 1909 13
976 1858 1055 1922 [W]

67 1941 69 1963 r
91 1921 117 1973 0.
136 1921 242 1974 Marius
259 1923 395 1975 influentes
414 1928 442 1973 in
461 1924 568 1974 Italiam
589 1923 727 1974 Gallorum
750 1925 886 1974 maximas
910 1927 1000 1989 copias
1017 1941 1056 1974 re-

67 2006 117 2039 non
142 1994 199 2056 ipse
223 1992 259 2041 ad
277 2007 367 2041 cortem
392 1993 470 2041 nrbes
492 1992 617 2056 sedesque
641 1993 817 2056 penetrauit.“
853 1991 1007 2041 Claudianus
1024 1992 1056 2042 de

67 2059 132 2120 tien,
158 2076 180 2108 r.
200 2061 257 2111 400.
292 2060 366 2123 „Hoc
389 2062 493 2110 enonitu
521 2063 628 2124 pariter
656 2062 794 2109 nascentia
820 2057 886 2108 bella
909 2061 1057 2124 repressit.“

67 2127 133 2177 imus
150 2127 196 2189 VI,
214 2130 238 2189 9,
258 2130 281 2180 6.
300 2128 330 2177 de
349 2128 425 2194 Sylla.
462 2126 663 2190 „Mithridatem
681 2130 850 2192 consperserit,
868 2128 976 2178 socialis
994 2129 1057 2179 belli

67 2195 193 2257 rpressitf‘
219 2196 287 2244 Illud
305 2195 396 2245 deinde
414 2199 484 2255 nota,
502 2195 651 2246 consilis
668 2198 784 2245 iuuenis:
813 2210 872 2244 nam
890 2200 916 2244 et
933 2212 962 2245 eo
980 2195 1055 2261 longe

67 2262 129 2311 leras
148 2279 292 2328 reprressae,
311 2280 386 2326 quam
403 2266 526 2313 revictae.
563 2263 699 2313 Suetonius
717 2264 745 2312 in
764 2262 867 2312 'liberio
885 2279 906 2312 c.
918 2266 958 2315 37.
971 2266 1054 2326 [extr]

67 2331 162 2391 efestos
178 2337 364 2397 suspectosque
381 2330 621 2381 comminationibus
638 2334 726 2395 magis
744 2336 769 2380 at
786 2330 904 2394 querelis,
922 2346 1002 2395 quaen
1019 2336 1055 2395 oi,

67 2403 78 2425 '⁶
113 2398 220 2461 Contra,
246 2416 320 2464 quam
339 2399 436 2449 insulsa
458 2399 530 2449 sodes
553 2399 673 2463 repetitio
691 2406 742 2461 est,
768 2398 898 2449 Victrices
921 2401 1055 2449 revictae?

67 2482 138 2516 ,non
157 2467 224 2531 odit,
248 2469 270 2517 is
295 2472 320 2517 et
338 2471 435 2517 amatae
454 2483 513 2517 suae
530 2467 652 2532 polypum
674 2466 799 2531 depereat.
836 2466 885 2516 Sed
909 2483 1054 2532 repressae,

80 2535 160 2584 multo
178 2536 262 2585 minus
280 2535 356 2596 dicit,
376 2551 451 2599 quam
468 2551 515 2600 par
532 2540 583 2585 est:
607 2549 696 2600 parum
715 2536 783 2584 enim
801 2535 892 2584 suisset
908 2538 1054 2600 reprimere

79 2601 164 2657 Quid?
183 2619 268 2653 annon
282 2604 344 2652 satis
357 2604 413 2664 boc,
432 2603 499 2667 quod
512 2605 633 2668 repressit
648 2605 758 2663 iunonis,
778 2618 829 2651 nou
843 2602 894 2651 dux
907 2610 1054 2664 veteranus3

68 2672 150 2734 siliis,
174 2688 225 2721 non
243 2672 347 2735 praeliis
364 2672 445 2721 multo
463 2687 565 2720 suorum
583 2671 706 2734 sunguine
724 2671 812 2731 tactis3
839 2671 907 2734 qnod
925 2672 971 2720 diu
990 2672 1053 2722 late·

67 2741 122 2788 ices
140 2745 267 2803 catervas,
285 2756 337 2789 non
355 2740 453 2788 bostem
469 2755 573 2788 numero
590 2739 759 2804 spernendum
777 2745 802 2788 et
815 2737 944 2804 prioribus
956 2739 1054 2789 damnis

95 2808 173 2871 Atqui
190 2810 307 2857 revictae
325 2807 405 2856 multo
423 2807 506 2856 minus
525 2807 597 2870 dicit,
615 2808 666 2856 imo
684 2807 751 2856 nihil
768 2807 834 2856 dicit
850 2808 962 2859 omuino.
988 2809 1053 2858 Nam

67 2875 132 2923 nihil
149 2875 218 2925 aliud
235 2881 321 2938 notat,
346 2891 421 2938 qnam
439 2875 588 2937 refutatus,
613 2877 762 2934 convictum
788 2891 869 2939 neque
887 2892 1005 2939 umquam
1023 2876 1053 2926 de

70 2942 180 3006 praeliis,
199 2944 242 2993 sed
261 2943 291 2993 de
310 2943 452 3004 calunmiie,
471 2942 628 3003 criminibus,
648 2949 673 2992 et
691 2942 794 2992 iudiciis
812 2949 958 3007 usurpatur.
994 2944 1053 2992 Ori·

67 3028 77 3057 t
95 3012 138 3072 vl,
156 3013 213 3063 432.
233 3012 263 3061 de
280 3011 404 3063 Minerva.
438 3011 501 3073 „lien
519 3026 571 3075 quo
589 3009 687 3059 indicio
704 3010 793 3070 somna
811 3010 906 3060 revicta
923 3025 972 3059 suo
990 3013 1054 3059 est.“

67 3080 389 3206 asstiterant
404 3094 464 3195 u
482 3078 781 3210 attrectentur
798 3078 1054 3210 tulatus

96 3183 98 3188 ι
364 3184 370 3195 .
733 3183 738 3193 ·
773 3182 779 3193 ·
908 3183 933 3205 ’ν

70 3215 158 3264 Livius
176 3215 240 3277 [XL,
261 3218 291 3268 16
311 3216 327 3280 §
347 3217 381 3278 31,
401 3217 501 3264 erirrren
519 3216 661 3264 revictum:
688 3213 824 3262 Lucretius
843 3213 886 3274 tv,
905 3215 963 3264 489.
990 3214 1053 3275 „An

85 3283 171 3332 oculas
193 3299 272 3333 aceres
297 3283 499 3347 reprehendere?
521 3298 556 3332 an
582 3297 661 3330 aures
682 3279 797 3330 Tactus?
822 3296 858 3330 an
876 3282 947 3330 bunc
967 3297 1052 3347 porro

67 3366 139 3415 :opor
161 3356 249 3415 arguet
272 3354 344 3401 oris?
379 3352 421 3400 An
446 3348 615 3400 confutabunt
638 3355 737 3400 nares?
762 3348 864 3399 oculive
887 3349 1053 3400 revincentd‘

68 3419 153 3482 pinon,
175 3435 257 3468 veram
275 3420 351 3468 huius
366 3419 484 3469 vocabuli
500 3419 644 3477 notionem3
671 3416 702 3465 ab
720 3416 909 3466 Horatiircerto
927 3419 1054 3468 neumatis

67 3487 169 3536 dienam.
194 3488 258 3536 Nam
278 3488 344 3551 qnod
362 3504 393 3536 ex
409 3487 530 3536 Lucretio
548 3486 637 3547 citant,
656 3487 677 3546 1,
685 3486 744 3537 586.
765 3500 845 3547 „uam
862 3488 887 3535 si
900 3486 1052 3551 primordio

67 3555 205 3604 ommutnrn'
221 3556 313 3619 aliqua
329 3558 437 3620 possuit
454 3558 560 3604 ratione
576 3554 704 3604 revictu‘:
724 3559 750 3602 et
770 3553 797 3613 v,
814 3556 873 3604 tto.
909 3553 992 3617 „Inde
1009 3569 1052 3603 ca·

67 3639 91 3671 cs
108 3622 194 3687 aliqua
212 3626 317 3673 ratione
335 3623 476 3672 revictac“:
501 3623 548 3671 hoc
568 3627 620 3684 est,
638 3622 733 3683 victae,
751 3621 906 3682 labefactae,
926 3626 1052 3671 tentatae:

68 3689 160 3740 bricunr
177 3707 235 3741 sane
252 3691 427 3754 incertumque
446 3696 491 3751 est,
511 3706 568 3739 cum
585 3690 684 3739 varient
701 3689 736 3739 ibi
754 3689 855 3740 codices
869 3689 1053 3752 manuscripti3

67 3759 149 3808 tumvis
165 3760 199 3809 sit
215 3759 349 3820 sincerum,
367 3763 451 3808 tamen
463 3758 567 3807 nonnisi
580 3773 595 3807 a
610 3757 714 3807 iudiciis
726 3759 846 3809 tralatum
858 3773 910 3807 esse
922 3757 1052 3817 ridentum

68 3827 96 3876 de
113 3821 197 3877 iisdem
214 3827 372 3888 Primordiis,
389 3826 434 3875 lib.
444 3827 465 3888 Ι,
476 3829 534 3879 530.
562 3824 635 3887 „Nec
652 3826 750 3875 ratione
768 3830 869 3890 queunt
884 3825 936 3874 alia
954 3828 1052 3874 tentata

91 3895 160 3959 quale
176 3896 240 3945 illud
258 3895 348 3944 Nostri
366 3894 450 3960 Epist.
469 3896 490 3957 l,
510 3896 549 3955 18,
569 3896 610 3945 80.
646 3893 699 3956 „tu
712 3897 820 3958 penitus
842 3897 934 3942 uotum
957 3895 982 3941 si
998 3896 1053 3941 ten-

67 3963 144 4012 rina“:
166 3968 190 4014 ct
213 3964 320 4028 proinde
343 3963 409 4012 illud
432 3966 548 4013 revictae
571 3963 646 4026 louge
670 3961 737 4011 inira
759 3960 862 4012 Horatii
886 3975 1000 4019 sensum,
1026 3964 1052 4008 et

67 4032 117 4080 ades
133 4032 165 4081 sit
181 4031 387 4082 existimandum.

67 4098 170 4151 Nubila
186 4101 283 4161 lacertis
295 4101 342 4150 snb
360 4099 550 4166 penetralibus]
570 4097 724 4149 Scholiastes
732 4096 892 4162 Porphyrion
907 4094 940 4145 ad
952 4095 1050 4146 locum:

67 4213 99 4241 ns.
112 4200 126 4240 l.
816 4183 846 4232 ¹6
