2840 4752
216 272 279 334 436
608 284 640 345 o.
662 283 803 332 norrun
822 283 946 332 nascor
1001 241 1005 249 ¹

281 419 386 485 (larue
408 423 515 483 tamen
537 417 683 502 quamvis
705 417 803 484 distat
824 418 913 496 nihil,
935 418 996 484 hac
1017 420 1123 500 magis
1142 418 1216 497 illa;

237 517 268 567 eo
281 503 450 589 Inparibus
472 503 582 569 formis
604 502 772 589 deceptum
794 510 827 569 te
846 509 944 590 patet
988 510 1066 569 esto.

280 588 373 655 Unde
396 588 505 653 datum
528 588 637 666 sentis,
658 589 756 675 lupus
776 588 838 667 hic,
860 588 1041 668 Tiberinus,
1063 610 1105 652 an
1126 589 1191 652 alto

283 674 406 759 Captus
427 673 516 739 hiet?
538 674 687 758 pontisne
708 674 791 738 iuter
810 674 957 750 iactatus,
981 695 1021 737 an
1044 674 1148 738 amnis

283 759 376 826 Ostia
397 759 458 825 sub
480 758 599 825 Tusci?
627 758 751 838 laudas,
774 758 896 837 insane,
919 758 1074 824 trilibrem

280 844 432 922 Mullum;
454 844 487 907 in
509 842 638 925 singula
660 863 754 926 quem
776 844 902 909 minuas
924 844 1089 929 pulmenta
1108 861 1245 908 necesse
1270 844 1333 905 est

237 929 380 994 etDucit
401 935 432 993 te
455 928 589 1014 species,
611 928 715 994 video.
759 948 822 1012 quo
843 929 982 1014 pertinet
1003 947 1080 1011 ergo

281 1017 434 1081 Procerus
455 1014 563 1079 odisse
584 1014 702 1099 lupos‘l
723 1014 799 1096 quia
821 1014 941 1079 scilicet
965 1014 1029 1079 illis

284 1099 438 1165 Maiorem
458 1105 573 1163 natura
593 1099 723 1163 modum
744 1098 843 1174 dedit,
864 1099 915 1165 his
937 1100 1032 1165 breve
1053 1098 1192 1184 pondus.

281 1184 413 1250 Iciunus
434 1202 506 1248 raro
529 1184 712 1249 stomachus
733 1183 879 1265 volgaria
901 1185 1021 1249 temnit.

217 1317 381 1367 recuperare
398 1302 530 1352 uidetur.“
563 1302 637 1352 Nihil
662 1318 722 1367 ergo
747 1317 810 1367 opus
839 1307 878 1352 est
901 1302 1057 1367 sagacissimi
1080 1301 1137 1351 Nic.
1154 1300 1265 1350 Heinsii
1282 1313 1346 1349 con-

218 1371 329 1432 iectura,
360 1370 404 1434 qui
430 1370 462 1420 ad
488 1369 623 1420 Claudiani
639 1371 667 1419 11
691 1370 764 1419 (lons.
783 1369 841 1421 Stil.
867 1388 890 1419 v.
910 1374 966 1424 165.
991 1371 1106 1421 fortassis
1129 1369 1168 1418 ait
1191 1368 1344 1432 legendnm,

220 1435 334 1489 Goctrine
351 1437 426 1488 adest
442 1439 528 1487 honor·
545 1437 627 1498 idom3
655 1438 710 1487 sine
733 1437 828 1488 vocalis
845 1438 959 1489 elisione.
994 1439 1052 1488 Hoc
1070 1438 1137 1487 enirn
1154 1436 1237 1487 multo
1252 1436 1346 1486 adhuc

218 1506 307 1556 durius
325 1509 363 1555 est
380 1511 406 1555 et
422 1505 563 1555 horridius:
590 1506 685 1571 quippe
708 1505 802 1557 vocalis
825 1506 908 1556 brevis
931 1522 1056 1572 nusquam
1073 1506 1173 1555 hiatum
1189 1504 1267 1565 facit,
1298 1501 1346 1552 sed

219 1589 318 1639 semper
335 1573 447 1635 eliditur,
465 1578 495 1622 ut
512 1573 587 1623 docui
605 1574 637 1624 ad
655 1573 737 1626 (barm.
754 1574 803 1634 III,
824 1576 863 1626 14.
881 1591 905 1630 v.
925 1578 964 1626 ll.
996 1574 1131 1639 Equidem,
1149 1572 1237 1637 siquid
1254 1577 1346 1621 muta-

218 1645 272 1691 tum
290 1641 379 1691 vellem
397 1642 435 1691 sic
451 1643 536 1707 potius
554 1642 671 1706 legerem,
698 1640 826 1704 „iloctone
843 1642 921 1692 etiam
939 1647 977 1692 est
994 1642 1198 1692 bonoridcm?“
1216 1641 1346 1690 Etiamne

217 1714 291 1759 cocto
314 1711 396 1759 honor
418 1709 485 1759 idem
509 1710 565 1759 est?
595 1711 662 1759 Sane
684 1710 763 1759 codex
780 1711 954 1773 Battelianus,
983 1709 1061 1761 Cocio
1085 1724 1149 1758 raram
1174 1714 1214 1759 cet
1236 1710 1344 1759 honor:

220 1776 346 1828 Galeanus
363 1793 422 1827 vero
440 1783 466 1827 et
482 1777 553 1839 alter,
574 1776 651 1828 Coelo
669 1793 718 1827 nec
735 1777 818 1829 admt.

286 1847 328 1897 29.
364 1844 450 1896 Carne
473 1850 561 1896 tomen
584 1848 712 1910 quomod]
754 1845 836 1901 Quam
858 1845 951 1900 sudent
973 1846 1015 1896 hic
1040 1851 1065 1896 et
1088 1845 1174 1894 omnia
1198 1844 1345 1894 moliantur

218 1914 383 1979 interpretes,
410 1929 460 1977 quo
477 1913 609 1965 verborum
627 1914 842 1963 constructionem
859 1913 987 1978 explicent
1012 1920 1037 1963 et
1062 1912 1193 1972 evolvant,
1218 1913 1300 1973 vids,
1319 1911 1343 1960 si

217 1987 292 2032 vacat
309 1986 353 2031 aut
370 1982 445 2046 copia
462 1985 508 2043 est,
527 1981 595 2045 apud
612 1981 688 2046 ipsos.
723 1981 776 2030 Nos
794 1982 831 2031 sic
848 1982 876 2032 in
894 1982 997 2046 vulgata
1013 1982 1136 2044 lectione,
1156 1997 1234 2044 quam
1252 1994 1343 2029 omnes

217 2050 270 2100 fere
288 2050 408 2099 exhibent
425 2049 515 2114 scripti
533 2049 644 2114 editique
661 2048 736 2111 libri,
755 2049 941 2114 simplicissime
959 2049 1035 2100 verba
1053 2050 1213 2099 ordinamus:
1234 2048 1344 2112 „Cam

220 2123 308 2168 tamen
326 2120 446 2184 quumvis
464 2118 547 2167 da'etct
562 2117 644 2181 nihil,
662 2119 713 2167 hac
730 2121 817 2181 magis
834 2118 898 2178 illa,
916 2118 1067 2182 lraparibar
1084 2116 1180 2178 formis
1199 2116 1343 2181 deceptum

220 2191 245 2236 te
259 2191 343 2252 patet.
374 2185 445 2236 Esto.
474 2180 547 2237 Uada
565 2185 657 2235 dutum
674 2187 763 2248 sentis,
783 2185 861 2249 lupar
880 2188 930 2247 hic,
952 2184 1091 2236 Tiberinus
1108 2200 1145 2235 an
1163 2185 1219 2235 ulto
1240 2183 1343 2249 oppam

220 2255 308 2304 bistr‘
339 2252 479 2317 Quaraoic,
496 2254 547 2312 ait,
566 2253 633 2302 nihil
650 2252 742 2314 distat,
760 2254 827 2302 nihil
844 2253 947 2303 excellit
964 2268 1040 2302 carne
1057 2254 1104 2302 hac
1122 2253 1239 2317 pavonis,
1258 2252 1344 2316 magis

219 2321 273 2384 illa,
285 2321 409 2388 gallinae3
428 2325 512 2371 tamen
524 2324 595 2386 patet
607 2327 639 2381 te,
658 2320 790 2386 deceptum
801 2321 941 2386 imparibus
954 2322 1041 2371 formis
1053 2322 1145 2380 avium,
1155 2321 1222 2369 hano
1238 2335 1343 2370 carnem

218 2389 260 2439 illi
277 2405 439 2455 praeponere.
465 2389 602 2439 Ertoboc:
622 2389 739 2453 concedo,
757 2391 877 2455 permitto
895 2390 952 2452 tibi,
970 2389 1002 2439 do
1020 2390 1119 2438 veniam
1133 2388 1342 2448 tuaestultitisc,

219 2461 250 2509 ut
266 2458 346 2508 forma
362 2459 405 2507 hic
423 2457 567 2522 decipiaris.
602 2457 640 2507 At
655 2457 726 2506 unde
751 2457 823 2506 sodes
847 2457 975 2521 dignoscis
993 2462 1019 2506 et
1036 2457 1173 2520 discernis,
1201 2458 1245 2506 hic
1265 2456 1343 2521 lupus

218 2526 299 2592 piscis
316 2532 434 2575 utrumne
451 2526 480 2574 in
497 2524 584 2575 Tiberi
602 2541 633 2574 an
652 2526 680 2573 in
698 2525 750 2574 alto
766 2525 831 2575 mari
849 2530 938 2591 captus
956 2526 1008 2575 siti
1038 2525 1111 2575 Certe
1135 2524 1223 2574 eadem
1240 2523 1343 2573 utrobi·

220 2609 269 2658 que
287 2599 325 2644 est
341 2593 435 2643 forma:
463 2608 545 2658 neque
561 2592 628 2642 idem
647 2593 675 2642 in
692 2593 767 2658 lupo,
792 2593 859 2657 quod
876 2595 904 2642 in
922 2606 1032 2658 pavone,
1050 2593 1147 2658 poteris
1164 2593 1342 2657 praetendere.

222 2663 277 2711 Hac
294 2664 381 2726 magis
399 2661 455 2721 illc,
475 2661 540 2725 quod
557 2660 662 2725 perinde
680 2665 809 2726 astatque
828 2663 878 2711 hac
892 2664 980 2725 magis
993 2677 1073 2727 quom
1093 2661 1155 2711 illa:
1175 2665 1204 2709 ut
1215 2663 1297 2711 Serm.
1306 2660 1343 2720 11,

220 2731 244 2781 8.
262 2746 285 2780 v.
296 2732 337 2780 17.
364 2729 514 2792 „Albanum
532 2727 678 2791 Maecenas,
696 2732 751 2779 sica
759 2729 903 2779 Falernum
917 2727 952 2779 Te
966 2730 1045 2794 magis
1064 2729 1189 2795 appositis
1199 2729 1343 2779 delectat“

220 2798 323 2846 Lucret.
341 2795 372 2858 V,
397 2797 454 2848 729.
479 2799 549 2858 [7301
584 2797 658 2859 „Aut
683 2797 766 2847 minus
788 2797 835 2846 hoo
860 2796 906 2846 illo
929 2801 965 2846 sit
988 2813 1037 2847 cur
1059 2797 1216 2861 araplectr'cr
1239 2799 1343 2846 ausis.“

221 2865 283 2927 Iam,
302 2864 401 2929 opinor,
419 2864 447 2913 in
464 2864 511 2913 hac
530 2865 688 2929 expositione
706 2864 824 2914 transitio
841 2864 873 2914 ed
892 2865 1023 2929 sequentia
1040 2864 1117 2929 plana
1134 2868 1173 2914 est
1188 2869 1214 2913 et
1226 2879 1242 2913 a
1252 2864 1342 2928 proxi·

221 2949 263 2984 mo
280 2933 377 2998 petita:
405 2937 458 2982 tum
476 2937 502 2982 et
519 2936 573 2982 tota
591 2934 718 2982 sententia
735 2934 861 2998 seriesque
878 2934 1001 2983 orationis
1019 2933 1085 2982 clare
1101 2933 1230 2982 elucescit.
1266 2931 1343 2981 Nihil

221 3017 282 3066 ergo
300 3016 363 3066 opus
381 3005 420 3050 est
436 2999 561 3065 Xylandri
577 3001 753 3063 hariolatione,
772 3002 808 3050 sic
826 3002 909 3050 locum
926 3002 1085 3065 refingentis3
1104 3016 1179 3064 quem
1196 3005 1222 3050 et
1240 2998 1342 3049 Chabo-

222 3071 274 3119 tius
291 3084 342 3118 non
359 3068 502 3134 improbat:
520 3068 625 3133 „Carne
638 3074 732 3132 tamen,
751 3084 825 3133 quam
844 3066 890 3132 vis',
909 3069 993 3119 distat
1009 3069 1079 3121 nibil
1096 3069 1146 3118 hac
1162 3070 1250 3132 magr's
1264 3068 1343 3118 illaf‘

220 3138 267 3187 nbi
285 3141 385 3202 praeter
402 3137 454 3185 alia
471 3138 526 3186 iure
544 3136 670 3201 culpanda
688 3135 836 3186 vocabulum
860 3138 910 3187 bac
934 3153 1036 3202 prorsus
1060 3134 1220 3186 redundabit.
1255 3135 1342 3185 Multo

221 3206 305 3255 minus
323 3220 387 3269 opus
405 3204 744 3265 illaMarciliicorrectione,
763 3205 861 3254 cariosa
878 3220 937 3254 sane
953 3210 978 3255 et
989 3205 1108 3255 rancida:
1126 3203 1236 3267 „Caras”
1247 3208 1342 3252 tamea

221 3274 353 3337 (quamuis
364 3273 446 3320 distat
456 3272 526 3321 nibil
535 3273 585 3322 hoc
595 3275 683 3337 magia
693 3273 751 3337 illa)
770 3274 920 3337 Impar-ibus
931 3272 1026 3334 formis
1042 3273 1178 3336 deceptum
1196 3277 1221 3320 tc
1237 3272 1342 3336 μαῖον(

222 3340 311 3403 Neque
330 3338 397 3389 enim
415 3339 522 3404 indigna
539 3339 586 3389 ille
601 3346 714 3391 veterum
730 3340 837 3390 lieentia
854 3341 945 3391 Noster
962 3341 1178 3406 usquam-abusus
1197 3343 1250 3401 est,
1273 3343 1306 3388 ut
1322 3339 1340 3388 S

221 3407 251 3457 in
268 3408 317 3457 dne
335 3407 403 3455 vocis
422 3407 541 3459 elideret:
567 3424 648 3473 neque
667 3425 723 3458 vero
742 3412 844 3473 carnia,
870 3408 913 3458 sed
935 3409 1089 3474 plumarum
1113 3407 1194 3457 forma
1217 3407 1340 3472 deceptus

223 3479 262 3526 est
278 3476 327 3525 iste
345 3489 433 3538 ganeo.
469 3475 584 3539 Denique
600 3478 684 3526 etiam
709 3476 818 3526 libenter
841 3492 924 3527 carere
947 3493 1079 3542 possumus
1097 3475 1224 3525 Torrentii
1252 3491 1340 3540 opera,

223 3544 318 3609 quiex
333 3543 420 3593 nescio
439 3542 530 3609 quibus
553 3544 580 3593 in
605 3560 656 3593 nno
679 3549 704 3593 et
727 3544 807 3595 altero
830 3546 917 3594 codice
934 3545 1011 3594 variis
1028 3543 1181 3594 lectionibus
1200 3543 1237 3593 sic
1254 3543 1340 3593 locum

222 3611 366 3672 constituit,
385 3609 490 3675 „Carne
509 3617 595 3662 tamea
605 3614 725 3677 quamvis
743 3612 825 3662 distat
841 3613 926 3674 nihil,·
945 3614 995 3663 bac
1006 3616 1093 3677 magis
1106 3612 1177 3661 illam
1187 3611 1340 3676 Imperitos

222 3681 318 3742 formis
336 3679 472 3745 deceptam
491 3685 515 3730 le
532 3684 617 3745 petere
635 3682 716 3731 eato.“
733 3680 778 3730 ubi
791 3681 878 3745 potius
892 3679 1052 3731 scribendum
1063 3679 1148 3741 fuerit,
1167 3681 1238 3729 hanc
1252 3682 1340 3744 magis

128 3773 135 3798 s
221 3749 281 3801 illo.
317 3748 419 3812 Quippe
437 3749 458 3797 si
477 3750 528 3799 huo
544 3751 631 3813 magis
648 3748 723 3798 illam
739 3748 845 3812 legerim
864 3749 900 3799 sic
918 3749 968 3811 liet,
986 3754 1016 3798 ut
1033 3764 1091 3799 caro
1102 3748 1214 3812 gallinae
1231 3747 1339 3812 pavonis

222 3816 481 3882 corriperemur,
505 3833 607 3882 prorsus
625 3821 819 3881 contrapobtae
836 3821 952 3867 mentem.
989 3816 1038 3866 Sed
1056 3817 1122 3881 quod
1140 3816 1206 3865 hanc
1224 3816 1338 3865 emenda·

222 3885 319 3935 tionem
337 3883 453 3934 funditus
471 3885 568 3946 evertit,
586 3884 651 3935 illud
669 3889 720 3945 est3
739 3884 805 3949 quod
824 3884 896 3947 Eclo,
914 3900 962 3934 vox
979 3884 1148 3946 concedentis,
1167 3899 1267 3950 semper
1282 3900 1338 3934 ora-

223 3953 319 4002 tionem
336 3953 454 4014 inchoet;
471 3968 616 4017 numquam,
634 3957 665 4002 ut
680 3952 731 4011 hie,
750 3952 859 4003 claudat,

292 4021 336 4073 31.
372 4018 444 4072 Unde
468 4021 560 4071 datam
583 4023 675 4084 sentis]
708 4021 764 4069 Hoc
789 4026 839 4085 est,
869 4018 941 4072 Unde
959 4022 1009 4069 tibi
1025 4019 1129 4080 dabam,
1155 4018 1228 4084 quod
1243 4022 1336 4080 renim

225 4084 299 4138 Unde
317 4088 366 4136 tibi
383 4103 542 4150 concessum,
559 4093 590 4138 at
605 4092 713 4138 sentias.
745 4088 912 4138 Doctissimus
931 4091 1014 4138 tamen
1032 4087 1091 4139 Nic.
1108 4086 1232 4137 Heinsius
1251 4088 1278 4137 in
1295 4103 1338 4137 ora

223 4155 264 4203 sui
281 4154 385 4215 codicis,
403 4155 491 4220 Forte,
509 4157 553 4218 ait,
574 4155 727 4220 legendam,
753 4155 846 4218 „Unde
862 4161 945 4206 ratum
961 4159 1050 4219 sentis,
1070 4156 1148 4220 lapus
1166 4156 1219 4219 laic,
1241 4153 1337 4207 Tiberi·

223 4236 275 4269 aas
293 4237 328 4271 oo
346 4221 400 4271 olto
421 4221 519 4288 Captus
536 4224 627 4272 hiem
644 4222 742 4272 Nollem
761 4223 869 4275 lactum:
887 4223 991 4287 vulgata
1008 4223 1075 4273 enim
1092 4223 1178 4287 lectio,
1196 4238 1273 4286 quam
1287 4240 1336 4274 om-
