2810 4764
193 216 253 279 152
591 231 623 291 o.
643 231 785 279 nouam
807 235 930 285 nascer

362 365 463 432 Omne
483 367 575 432 nefas
596 364 702 431 animo
724 369 890 435 moventis.

275 451 382 520 Testis
405 471 548 517 mearum
572 451 770 519 centimanus
793 454 904 540 Gyges

232 546 263 597 ro
277 536 523 614 Sententiarum,
545 543 642 601 notus
664 543 697 601 et
718 536 863 622 integrae

318 625 473 687 Tentator
487 620 583 688 Orion
605 621 739 700 Dianae,

360 707 513 790 Virginea
535 706 676 773 domitus
698 707 828 789 sagitta.

274 791 396 858 Iniecta
417 791 567 857 monstris
589 793 689 857 Terra
711 792 798 858 dolet
819 793 904 859 suis:

275 878 459 960 hlaeretque
502 883 592 943 artus
614 876 745 943 fulmine
767 877 906 944 luridum

232 974 263 1024 rt
317 963 434 1028 Missos
520 962 653 1029 Orcum:
674 982 734 1029 uec
755 964 879 1048 peredit

360 1047 534 1132 Inpositam
556 1046 640 1113 celer
660 1047 745 1129 ignis
765 1047 920 1114 Aetnam:

274 1131 501 1198 Incontinentis
523 1150 582 1196 nec
602 1131 689 1217 Tityi
709 1133 797 1199 iecur

273 1215 435 1299 Relinquit
455 1216 535 1299 ales,
558 1216 721 1299 nequitiae
743 1216 874 1283 additus

317 1301 449 1367 custos:
472 1307 647 1367 amatorem
669 1308 830 1368 trecentae

230 1397 261 1448 so
359 1385 535 1453 Pirithoum
557 1387 705 1453 cohibent
725 1394 868 1453 catenae.

733 1541 770 1604 V.

275 1653 372 1722 Caelo
394 1661 556 1722 tonantem
577 1655 770 1723 credidimus
790 1659 899 1723 Iovem

272 1742 435 1824 Regnare:
459 1761 613 1827 praesens
634 1742 735 1808 Divos
757 1741 925 1808 habebitur

314 1828 492 1910 Augustus,
514 1826 647 1892 adiectis
668 1827 827 1893 Britannis
899 1886 901 1890 .

356 1911 505 1998 Imperio,
527 1912 743 1995 gravibusque
764 1913 881 1978 Persis.

245 1998 407 2064 thlilesne
429 1997 541 2063 Crassi
563 1996 699 2078 coniuge
719 1999 861 2070 barbara

273 2082 391 2169 Turpis
412 2083 549 2148 maritus
571 2081 673 2147 vixit?
695 2088 727 2147 et
748 2081 888 2149 hostium

317 2168 413 2239 (Proh
434 2168 533 2246 curia,
555 2166 738 2250 inversique
761 2171 896 2242 marest)

358 2251 533 2319 Consenuit
555 2272 735 2318 socerorum
756 2253 790 2316 in
812 2253 897 2318 arvis

417 2388 441 2424 v.
460 2373 501 2424 69.
520 2370 595 2436 Vulg.
616 2368 698 2435 Gigas
715 2370 755 2420 rel
775 2370 853 2437 Gyas.
888 2387 911 2419 r.
932 2371 954 2421 8.
974 2368 1069 2418 Annis.
1123 2360 1125 2365 ’

256 2474 297 2525 69.
318 2470 487 2523 Centimanus
506 2470 603 2538 Gyges]
624 2470 744 2537 Gygecue
762 2487 793 2521 an
814 2470 835 2522 d
856 2487 886 2523 ac
902 2471 945 2522 hio
963 2469 1085 2520 dicendus
1103 2470 1145 2533 sit,
1163 2472 1214 2520 iarn
1233 2488 1321 2538 supra

187 2540 350 2591 disseruimus
367 2540 400 2589 ad
418 2539 499 2590 Carni.
519 2541 554 2603 ΙΙ,
575 2542 614 2602 17,
628 2542 666 2592 14.
685 2544 714 2590 ut
731 2540 804 2590 etde
845 2540 920 2590 hocta
938 2555 1011 2588 versu
1028 2538 1071 2588 hic
1089 2541 1129 2591 55.
1149 2538 1266 2590 diximus
1285 2542 1318 2591 ad

188 2606 268 2661 carm·
286 2608 320 2669 Π,
341 2609 380 2670 19,
398 2609 439 2660 23.
475 2605 592 2657 Ceterum
615 2607 679 2657 male
696 2608 738 2658 hic
758 2608 787 2658 in
807 2606 923 2658 omnihus
940 2607 989 2657 hoc
1016 2611 1041 2656 et
1061 2606 1188 2674 superiore
1207 2609 1319 2659 sacerdo

187 2673 343 2725 editionibus
361 2674 545 2739 distinguitur,
575 2676 658 2726 Tecta
676 2691 795 2726 mearum
812 2678 978 2725 centimanus
997 2672 1085 2740 Gyges
1109 2674 1318 2742 Sententiarum

187 2746 279 2793 riatur:
303 2747 333 2791 tn
350 2757 408 2792 vero
433 2743 600 2807 interpungo:
636 2741 738 2806 „Tertia
760 2759 880 2794 mearum
899 2741 1069 2793 Centimanus
1087 2742 1173 2809 Gyges
1196 2741 1320 2795 Senten-

188 2813 295 2873 tiarum,
312 2814 392 2859 netur
409 2816 435 2860 at
452 2812 574 2874 integrae
591 2807 718 2861 Tentatar
737 2811 819 2863 Orion
837 2811 968 2861 Dianae.“
1004 2811 1047 2861 Sic
1065 2809 1146 2861 carm.
1163 2811 1185 2872 1,
1204 2812 1248 2871 37,
1272 2814 1321 2866 26.

186 2876 293 2941 „Fortis
312 2882 338 2927 et
354 2892 463 2943 asperas
486 2877 615 2931 Tractare
638 2882 803 2944 serpentar‘:
832 2879 877 2929 ubi
901 2878 959 2944 pari
977 2878 1050 2928 modo
1068 2895 1084 2929 a
1099 2878 1228 2945 plerisque
1247 2895 1317 2945 pec·

186 2950 271 2997 catum
287 2949 349 2996 erat.
383 2946 415 2997 ln
433 2946 537 3012 vulgata
554 2947 728 3011 distinctione,
747 2952 772 2998 et
790 2947 930 2997 sentcntiae
947 2946 986 2997 vis
1004 2948 1071 3012 perit
1088 2952 1114 2997 et
1129 2946 1317 3000 collocationis

185 3014 276 3080 gratia.
311 3013 377 3064 Nam
401 3016 424 3066 si
441 3022 521 3067 riatur
539 3015 601 3066 adeo
620 3018 705 3077 tertis,
731 3015 792 3080 quid
816 3030 880 3080 opus
905 3018 935 3064 ut
951 3013 994 3065 hio
1011 3015 1123 3065 citetur?
1149 3018 1229 3065 natus
1248 3031 1320 3066 vero

187 3087 303 3133 tentator
322 3082 418 3147 Orion,
442 3084 538 3150 qnippe
562 3100 636 3150 quem
653 3083 796 3150 Mythologi
821 3088 846 3133 et
869 3082 962 3133 Poetae
985 3082 1080 3148 passim
1103 3091 1315 3135 commemorant

184 3150 264 3201 Porro
281 3151 380 3213 eodem,
403 3167 453 3217 quo
471 3168 532 3215 nos,
556 3151 630 3202 modo
654 3151 841 3217 interpungunt
857 3150 992 3201 Editiones
1014 3150 1147 3216 Principes
1165 3150 1267 3202 Veneta
1288 3159 1320 3204 et

184 3217 320 3280 Loscheu'3
339 3223 394 3270 tum
411 3220 480 3271 usti
497 3220 662 3281 Graecinum,
680 3219 841 3285 Reginensis,
858 3218 1025 3280 Battalianns,
1044 3218 1178 3281 Patrensis,
1196 3217 1314 3285 aliique,

185 3302 242 3336 cnm
259 3287 296 3336 Po
328 3288 433 3352 hyrione
452 3288 601 3340 Scholiasta.

252 3355 276 3405 8.
316 3357 439 3405 amonuit
453 3371 606 3407 socerorum
624 3358 652 3405 in
671 3358 762 3417 armis]
788 3355 829 3404 Ita
847 3370 940 3416 omnes,
959 3352 1042 3416 credo,
1061 3353 1105 3419 qui
1122 3368 1189 3404 nuno
1207 3357 1314 3420 extant,

184 3419 293 3481 ecdicos,
312 3425 402 3473 armis.
437 3423 497 3474 Non
513 3424 605 3489 placet
642 3423 772 3480 Quomodo
791 3421 905 3473 enimin
924 3421 1083 3473 Saccrarum
1101 3423 1196 3486 arnam,
1215 3423 1238 3473 si
1257 3424 1317 3476 sub

185 3487 449 3552 regeneramur
484 3490 559 3541 Certo
576 3506 628 3541 nou
645 3494 745 3553 soceri,
770 3490 814 3542 sed
836 3506 886 3541 ren
910 3492 966 3556 ipse
988 3488 1115 3540 militibus
1139 3505 1207 3540 arma
1223 3491 1311 3542 mini·

184 3554 287 3605 strabat
312 3555 409 3607 Deinde
426 3573 478 3608 non
496 3558 620 3624 queritur,
631 3558 715 3609 Crassi
733 3558 827 3609 milites
845 3558 961 3623 captivos
980 3564 1069 3608 contra
1085 3558 1195 3623 patriam
1213 3559 1311 3612 tulisse

184 3639 267 3685 arma;
285 3623 352 3688 qnod
369 3629 394 3675 et
411 3624 502 3678 falsum
520 3632 545 3677 et
562 3626 721 3679 inauditum:
739 3627 783 3677 sed
800 3626 865 3677 illud
882 3626 1041 3690 indignatur,
1059 3625 1127 3691 quod
1138 3642 1223 3677 verum
1239 3633 1309 3692 erat,

182 3690 252 3742 vivos
275 3696 364 3757 captos
386 3692 414 3743 in
438 3694 558 3746 servitute
581 3711 597 3745 a
618 3695 650 3745 ud
675 3695 782 3746 Parthos
806 3695 981 3757 consenuisse,
1015 3694 1077 3760 quin
1103 3698 1128 3744 et
1150 3711 1240 3746 uxores
1264 3695 1314 3748 ihi

182 3759 291 3822 duxisse,
311 3760 419 3811 Romani
436 3763 547 3814 nominis
566 3711 666 3814 obiitne.
693 3763 776 3819 Quare
794 3762 838 3812 diu
857 3767 903 3826 est,
920 3778 977 3813 cum
994 3761 1128 3827 legendnm
1140 3763 1201 3825 vidi,
1220 3767 1307 3828 aruis,

182 3844 234 3879 non
252 3831 342 3892 armis,
359 3833 389 3879 ut
406 3835 431 3881 st
448 3830 575 3895 Tanaquil
591 3831 686 3882 Faber:
713 3830 877 3897 „Camenam
892 3845 1045 3881 socerorum
1063 3833 1092 3880 in
1110 3831 1208 3881 arvis“:
1234 3834 1311 3897 quod

182 3901 207 3947 ct
229 3900 318 3962 postea
340 3899 532 3963 sagacissimum
554 3898 690 3949 Heinsinm
715 3898 823 3949 sensisse
846 3897 940 3963 didici,
972 3898 1046 3949 cuius
1074 3898 1136 3949 haec
1159 3899 1248 3950 notula
1272 3900 1309 3952 in

181 3964 331 4031 exemplaris
348 3965 388 4015 sui
404 3966 533 4031 margine,
557 3965 638 4017 Forte
655 3967 743 4018 Arois.
762 3966 925 4017 Rectissime:
953 3965 990 4017 sic
1015 3967 1083 4017 enim
1101 3967 1197 4018 Seneca
1213 3968 1302 4033 Epist

180 4031 278 4084 XLVII
296 4033 323 4099 [ξ
346 4036 383 4096 10]
402 4036 430 4084 iu
448 4051 475 4085 re
493 4033 579 4085 simili.
613 4033 754 4096 „Variana
772 4035 856 4099 clade,
875 4049 954 4100 quam
972 4033 1070 4085 multos
1087 4034 1303 4100 splendidissime

180 4105 258 4150 nator
273 4101 385 4163 fortuna
403 4103 547 4169 depressit:
570 4103 653 4153 atium
671 4118 705 4152 aa
724 4102 779 4153 c'ttr'r
795 4106 938 4168 pastorem,
964 4103 1048 4152 alium
1071 4102 1202 4154 custodem
1225 4119 1304 4154 casas

180 4165 269 4227 fecit.“
304 4168 374 4234 Ergo
397 4174 426 4220 ut
447 4176 507 4236 post
530 4171 626 4221 cladem
644 4170 766 4227 Quintilii
784 4170 863 4234 Vari,
885 4169 960 4220 multi
977 4171 1147 4221 Romanorum
1169 4187 1217 4238 per
1234 4172 1300 4222 Ger-
