2840 4752
204 280 268 343 504
602 286 633 349 q.
655 270 797 338 bonurn
817 287 941 337 macer

269 423 429 507 Fungitur
449 423 573 502 officiis,
595 423 780 509 praelibans
801 442 894 490 omne
917 421 1004 505 quod
1024 421 1137 488 adfert,

207 525 252 576 110
272 511 331 577 Ille
353 510 475 575 cubans
497 509 619 591 gaudet
640 514 764 574 mutata
787 514 881 586 sorte,
904 507 1062 591 bonisque

269 596 377 662 Rebus
399 595 468 677 agit
489 594 609 659 laetum
631 594 811 660 convivam:
835 613 908 659 cum
930 593 1036 659 subito
1057 596 1172 674 ingens

268 681 443 747 Valvarum
466 678 619 765 strepitus
640 678 732 744 lectis
754 678 896 744 excussit
917 685 1098 762 utrumque.

269 765 406 833 (tumere
426 784 485 850 per
507 770 606 829 totum
629 763 737 850 paridi
760 764 924 843 conclave3
947 764 1116 847 magisque

268 850 443 917 Exanimes
465 848 636 934 trepidare,
659 847 755 914 simul
777 849 892 914 domus
913 849 980 913 alta
1001 846 1148 914 Molossis

209 949 253 1000 115
273 930 444 1003 Personnit
465 934 608 1000 canibus.
652 939 719 1003 tum
742 934 890 1011 rusticus,
916 934 1012 999 Haud
1034 932 1112 998 mihi
1132 930 1201 998 vita

270 1022 330 1087 Est
351 1038 433 1106 opus
455 1019 527 1097 hac,
550 1018 604 1098 ait,
629 1025 661 1083 et
682 1019 809 1085 valeas:
831 1038 882 1084 me
905 1018 987 1084 silva
1007 1037 1169 1101 cavosque

270 1108 374 1171 Tutus
396 1105 437 1170 ab
459 1103 585 1171 insidiis
607 1101 695 1169 tenui
717 1103 873 1170 solabitur
893 1123 977 1171 ervo.

561 1221 585 1257 r.
607 1206 662 1257 109.
685 1204 761 1270 Vulg.
778 1204 970 1255 praelambens.
1035 1190 1037 1193 ’

207 1307 387 1360 Pulmanniani
411 1310 462 1357 tres
479 1319 660 1355 vnanmrnsa:
687 1303 754 1368 quod
772 1303 878 1353 Nicolao
895 1302 1003 1353 Heinsio
1026 1303 1069 1353 hic
1094 1302 1188 1368 placet.
1229 1302 1338 1352 Nonius

206 1375 343 1427 Marcellus
361 1378 395 1439 [p.
413 1376 456 1438 42,
474 1375 507 1426 26
525 1373 628 1436 Merc.]‚
646 1370 826 1436 ‚,Verniliter,
845 1371 1004 1422 adulatorie.
1030 1369 1161 1422 Caecilius
1179 1368 1339 1421 Venatore:

209 1443 301 1505 Credo,
319 1444 398 1492 nimis
416 1441 522 1492 tandem
539 1442 589 1491 boe
605 1440 639 1503 fit
654 1440 818 1490 omnilitert‘
844 1439 939 1489 Seneca
957 1438 987 1490 de
1005 1439 1138 1489 Beneficiis
1151 1439 1186 1500 II,
1207 1442 1247 1490 11.
1271 1439 1301 1502 [ἓ
1312 1439 1337 1499 3]

208 1510 304 1576 „Velle
320 1525 361 1560 me
377 1512 432 1560 scio
450 1512 540 1559 amnia
557 1509 601 1559 illi
616 1514 769 1573 praestar05
787 1512 815 1557 ct
829 1508 895 1557 baec
911 1510 970 1572 ipra
987 1522 1043 1559 aaa
1060 1506 1226 1559 verniliter.“
1262 1506 1339 1556 Idem

207 1578 271 1630 alibi
281 1577 374 1644 [Epist
384 1580 416 1630 95
427 1578 477 1643 §21
488 1582 513 1627 at
522 1576 697 1633 Quintilianus
707 1577 781 1640 [lust.
790 1577 810 1637 1,
822 1577 850 1628 11
863 1576 880 1640 S
890 1577 915 1638 2]
925 1575 1117 1635 vernilitatem3
1135 1574 1241 1626 Tacitus
1251 1575 1338 1637 [Hist.

208 1648 257 1708 ΙΙΙ,
277 1649 308 1699 32
328 1647 401 1708 exta]
427 1644 645 1695 comitiacorum
671 1650 696 1694 et
713 1644 792 1707 [Hist.
810 1644 845 1704 ΙΙ,
864 1644 906 1705 59]
933 1642 1045 1692 verniles
1064 1641 1210 1695 blanditias
1228 1641 1337 1693 habent.

207 1715 321 1780 Utraque
332 1718 416 1764 tamen
432 1712 509 1763 lectio
526 1714 589 1762 satis
607 1713 734 1763 commode
744 1711 845 1761 admitti
853 1715 945 1776 potest.
964 1708 1030 1760 Nam
1038 1714 1064 1760 et
1072 1710 1100 1760 in
1109 1710 1214 1761 laudato
1221 1712 1338 1761 Senecae

207 1782 264 1834 loeo
281 1780 563 1847 Manuscriptiquidsm
573 1779 602 1830 V
599 1780 712 1829 enaliter
728 1778 831 1840 habent,
849 1784 912 1829 teste
922 1780 1044 1840 Grute103
1063 1778 1130 1842 quod
1141 1779 1338 1845 *interpolatum

208 1867 261 1902 esse
271 1849 345 1901 credo
362 1865 378 1899 s
396 1848 562 1899 Vernaliter:
579 1852 606 1898 et
616 1848 795 1898 Onomastieon
807 1846 1014 1899 vetus'Labbaei:
1034 1845 1167 1911 Vernalis,
1186 1844 1338 1913 οἰκοτριβι·

207 1918 260 1974 κός.
280 1917 406 1979 Vernilis,
423 1913 567 1978 πολιτικὸς,
586 1910 723 1972 cinnamis.
749 1915 817 1972 Quin
835 1915 906 1965 etin
924 1914 1030 1964 vetustis
1047 1915 1202 1965 membranis
1220 1914 1337 1978 Virgilii,

207 1987 293 2038 Pierio
311 1989 433 2047 testante,
457 1985 577 2035 iuvenali
593 1987 621 2034 in
639 1999 751 2050 corpore
768 1983 844 2034 semel
860 1983 1001 2047 iterumque
1019 1984 1091 2045 [Aen.
1109 1983 1140 2046 V,
1158 1986 1209 2036 475
1229 1989 1255 2033 et
1271 1981 1336 2041 XII,

208 2056 269 2174 {121}
295 2054 429 2116 scribitur,
454 2069 507 2103 non
530 2057 560 2102 ut
583 2051 660 2116 vulgo
683 2051 807 2102 iuvenili:
834 2056 860 2101 et
885 2051 923 2101 sie
948 2049 1025 2101 habet
1050 2050 1251 2115 castigatissima
1274 2051 1336 2100 Nic.

237 2121 313 2174 einsii
331 2121 419 2172 editio.

279 2192 336 2242 109.
369 2187 556 2239 Praelambens
581 2200 658 2236 omne
682 2185 755 2251 quod
779 2185 871 2248 affert]
896 2185 962 2238 Vide
986 2186 1052 2237 mihi
1079 2187 1163 2239 locum
1188 2189 1336 2251 integrum:

210 2257 560 2325 ‚mecnonocrniliteripsia
568 2252 705 2319 Fungitur
717 2253 822 2315 officiis,
839 2254 1024 2319 praelambens
1042 2270 1117 2305 omne
1135 2255 1208 2321 quod
1226 2255 1337 2318 affert“

209 2327 254 2378 Sic
272 2325 373 2393 quidem
389 2322 464 2384 libri3
482 2338 563 2387 neque
574 2322 711 2388 quidquam
723 2323 766 2372 hic
777 2321 931 2387 interpretes
943 2321 1058 2375 offendit.
1083 2324 1164 2388 Atqui
1175 2325 1224 2373 hoc
1242 2338 1336 2388 parum

209 2394 330 2457 officiose
348 2398 373 2443 et
390 2391 528 2443 verniliter
545 2390 621 2451 facim
646 2391 668 2442 si
684 2390 845 2455 praelambit
861 2390 1036 2455 quodcumque
1053 2392 1133 2441 affert.
1169 2392 1273 2457 Quippe
1291 2406 1336 2442 co·

210 2462 289 2528 lapho
307 2460 462 2529 valentias
479 2457 642 2523 castigandus
659 2457 737 2508 tuerit
753 2472 838 2519 verna,
859 2458 904 2522 qui
917 2458 949 2508 id
966 2459 1048 2509 iacere
1065 2474 1142 2510 ausus
1159 2460 1201 2510 sit.
1238 2460 1336 2511 Notum

210 2529 276 2581 illud
301 2527 430 2580 Iuvenalis
446 2526 499 2590 IX,
529 2529 555 2579 5.
597 2524 671 2588 „Noa
703 2527 844 2591 colapium
876 2528 1020 2577 incutimus
1053 2527 1177 2578 lambenti
1210 2528 1334 2579 crintula

208 2600 312 2648 cerro.“
339 2597 396 2652 Quo
412 2595 564 2646 trahendum
576 2594 679 2645 videtur
688 2593 787 2645 Lucilii
802 2593 971 2658 fragmentum
988 2595 1056 2659 apud
1066 2596 1227 2647 Priscianum
1237 2614 1264 2662 p.
1275 2598 1334 2649 884.

209 2665 413 2730 „lactandasque
427 2679 498 2729 puer
514 2665 562 2728 qai
578 2663 699 2714 lamberet
717 2678 764 2713 ore
778 2661 943 2728 placentas.“
976 2663 1036 2712 Non
1053 2664 1148 2728 igitur,
1167 2665 1236 2729 quod
1254 2665 1334 2716 Scho-

210 2735 298 2786 liastes
315 2733 405 2794 voluit,
421 2731 606 2797 praelambens
623 2729 728 2795 perinde
746 2734 785 2779 est
801 2744 830 2779 ae
846 2735 1036 2795 praegustare:
1057 2732 1183 2798 posterius
1202 2739 1291 2798 aperte
1308 2736 1335 2782 et

211 2817 256 2869 per
273 2801 385 2851 officium
401 2800 457 2849 fieri
475 2798 592 2860 solitum3
618 2799 691 2863 prins
709 2798 773 2848 clam
791 2802 817 2847 et
834 2797 936 2847 domino
953 2799 1058 2864 ignem,
1083 2816 1127 2864 ac,
1151 2802 1174 2851 si
1192 2801 1334 2864 resciverit,

209 2870 342 2938 punituro.
376 2867 447 2918 Adde
464 2864 531 2931 quod
552 2867 736 2933 praelambere
758 2881 896 2930 nusquam,
920 2868 1026 2935 opinor,
1049 2868 1113 2918 alibi
1130 2870 1257 2935 occurrit,
1281 2868 1335 2918 nisi

212 2954 269 2990 cum
293 2937 324 2987 de
347 2937 425 2987 fluvio
446 2935 542 2985 dieitur
565 2934 664 2984 alveum
685 2934 811 2984 lambente
837 2937 862 2983 et
887 2935 998 2984 radente.
1039 2937 1193 2987 Prudentius
1216 2938 1335 2988 Hamart

211 3023 234 3058 r.
262 3008 321 3058 357.
371 3003 444 3068 „Sed
469 3003 531 3053 dam
556 3003 665 3053 licentes
699 3003 788 3067 liquor
820 3003 994 3067 incorruptas
1019 3019 1117 3057 aranas
1150 3005 1334 3055 Praelambit“

211 3079 239 3125 et
257 3074 369 3124 (lathem.
379 3072 409 3122 V.
427 3088 449 3119 v.
470 3073 526 3123 120.
552 3070 685 3136 „Spirant
701 3075 728 3120 el
743 3069 847 3133 foliam,
864 3070 940 3131 fonte
956 3071 1029 3136 qaod
1045 3073 1135 3122 abdito
1154 3073 1333 3124 Praelambens
1414 3086 1415 3089 ’

211 3145 310 3204 [incias
325 3144 420 3206 portat
437 3142 466 3188 in
484 3142 611 3189 enitam.“
636 3139 748 3188 Avienus
765 3138 793 3187 in
810 3138 936 3204 Descript.
952 3138 1027 3189 Orbis
1044 3144 1076 3204 [r.
1087 3143 1162 3204 4951:
1180 3142 1250 3206 „Per
1268 3154 1334 3208 paor

211 3212 339 3271 licoentcs
352 3205 448 3273 Tybris
462 3212 543 3272 pater
559 3206 679 3271 amplicat
694 3205 790 3270 undas,
808 3204 991 3272 Romanosque
1009 3209 1080 3259 lares
1095 3209 1172 3275 lapsa
1181 3209 1335 3275 praelambit

214 3277 353 3327 alarnno“:
372 3277 463 3324 etmox
478 3276 510 3336 [v.
522 3275 612 3336 10771:
629 3280 673 3338 „et
688 3275 782 3340 glauci
798 3274 980 3339 praelambitur
998 3280 1122 3343 aequoria
1139 3277 1242 3330 andaf‘
1266 3277 1334 3335 Quid

211 3344 292 3409 ergo?
316 3341 445 3406 quantivis
462 3356 522 3391 sane
540 3341 618 3405 pretii
634 3342 711 3393 lectio
729 3348 780 3403 est,
799 3358 874 3406 quam
890 3343 1067 3394 subministrat
1084 3345 1162 3395 codex
1180 3347 1292 3411 Regius,
1310 3350 1334 3396 et

212 3412 278 3462 alter
294 3408 512 3474 Magdalenensis,
536 3408 687 3471 abeodem,
710 3416 739 3459 ut
756 3409 870 3472 ridetur,
891 3409 1010 3462 Librario
1028 3414 1151 3479 scriptus:
1178 3413 1335 3480 „Fungitur

213 3480 321 3543 officiis,
339 3492 507 3527 rnsnnmaus
525 3478 683 3543 omneqaod
699 3478 804 3540 affert.“
832 3479 891 3528 Non
904 3479 1101 3545 potuitmelius:
1121 3482 1248 3546 siquidem
1256 3499 1333 3549 prae·

213 3549 299 3600 libare
316 3546 343 3599 id
360 3546 445 3610 ipsum
462 3550 508 3608 est,
527 3546 593 3610 quod
603 3546 858 3596 Scholiastcsinustra
869 3548 897 3596 in
907 3547 986 3597 altero
997 3549 1131 3613 quaesivit,
1146 3557 1332 3616 praegnates-e.

211 3617 320 3669 Ovidius
336 3616 422 3667 Amor.
439 3614 461 3676 Ι,
478 3615 503 3666 4.
521 3629 544 3663 r.
563 3616 603 3666 34.
638 3614 688 3679 „Si
704 3616 753 3665 tibi
768 3614 840 3675 sorte
858 3615 945 3680 dabit,
967 3632 1032 3681 quor
1049 3619 1252 3683 praegustaverit
1270 3622 1332 3684 ipse,

212 3685 302 3738 lieiiee
318 3683 412 3734 libatos
429 3682 502 3733 illius
520 3697 567 3733 ore
584 3684 681 3733 cibos.“
705 3682 798 3733 Noster
815 3684 902 3747 paullo
918 3690 978 3734 ante
994 3701 1016 3734 r.
1031 3688 1072 3738 67.
1090 3701 1256 3752 „cernamus
1270 3702 1334 3753 pro·

213 3767 291 3806 cacea
306 3751 390 3803 Pasce
417 3750 505 3801 libatis
532 3751 673 3816 dapibus.“
705 3751 743 3801 Et
759 3750 851 3814 Virgil.
876 3755 938 3802 Aen.
962 3752 993 3816 V,
1011 3755 1052 3806 92.
1088 3753 1266 3819 „libavitque
1284 3754 1333 3804 da·
1414 3774 1415 3803 3

212 3822 285 3888 per.“
320 3819 417 3870 Statius
441 3819 503 3869 Silr.
526 3818 582 3882 111,
609 3821 632 3870 4.
657 3835 679 3870 v.
698 3820 739 3871 60.
773 3818 862 3885 „Care
882 3835 963 3885 puer,
992 3824 1096 3887 superis
1119 3825 1167 3888 qai
1191 3822 1333 3888 praelibare

213 3887 356 3940 emendam
373 3885 487 3949 Nectar,
515 3892 540 3937 ei
563 3889 697 3952 ingentem
721 3889 797 3938 toties
821 3891 977 3953 contingere
1000 3889 1124 3940 danuam
1147 3889 1281 3943 illectus.“
1306 3895 1332 3941 et

213 3957 321 4021 figurate
338 3954 432 4009 achill.
449 3954 490 4015 ΙΙ,
514 3970 538 4004 s.
557 3956 598 4007 88.
632 3953 719 4018 „Tam
742 3971 804 4005 vero
822 3959 940 4005 intentas
956 3956 1045 4007 valnas
1063 3972 1096 4008 ac
1113 3963 1222 4023 pectora
1244 3956 1332 4013 (linces

213 4021 343 4075 Praelibat
360 4025 444 4074 aisa.“
470 4021 584 4071 Ceterum
594 4023 679 4073 facilis
693 4027 719 4072 et
732 4024 853 4088 proclivis
871 4024 1107 4075 eratLibrariornm
1123 4025 1223 4092 lapsus:
1243 4026 1334 4077 similis

214 4093 283 4144 enim
300 4091 412 4141 occurrit
429 4090 498 4154 apud
516 4091 621 4141 eundem
640 4091 750 4156 Statium
768 4092 829 4142 Silr.
847 4093 883 4155 ΙΙ,
904 4096 925 4144 i.
950 4109 973 4144 r.
995 4095 1050 4145 l'll.
1070 4085 1141 4159 [lin]
1177 4092 1238 4155 „Ta
1255 4095 1332 4145 modo

215 4158 292 4220 susus
309 4159 384 4207 bumi
401 4158 484 4207 lacem
503 4161 635 4208 aversaris
652 4160 789 4224 iniquam5
811 4158 892 4210 Nunc
915 4165 1006 4211 torona
1029 4165 1132 4226 pariter
1149 4167 1230 4212 nester
1248 4169 1275 4213 ct
1288 4179 1333 4229 pe·

216 4230 292 4274 clara
309 4226 427 4287 rarnpis5
445 4223 614 4289 Dilectosque
627 4229 729 4291 premia
747 4230 826 4290 visas,
844 4234 871 4277 et
881 4227 986 4293 frigida
996 4227 1087 4280 lambis
1099 4229 1221 4280 0scula.“
1245 4232 1332 4296 Apage
