2842 4758
375 270 560 318 unumunurn
580 269 646 316 nm.
662 270 684 316 I.
707 262 732 317 2.

99 404 179 469 otior
200 410 235 468 at
256 408 376 486 quanto
397 424 487 470 merx
509 408 559 469 est
579 403 612 466 in
635 403 740 469 classe
762 403 918 471 secundat

103 488 300 555 bertinarum
323 487 409 553 dieo:
433 488 607 556 Sallustius
629 486 662 552 in
684 507 750 570 qua

99 594 136 637 ou
158 572 266 638 minus
286 572 415 651 insanit,
436 594 534 656 quum
556 572 612 654 qui
633 573 828 638 moechatur.
864 579 899 638 at
920 572 971 638 hic
993 574 1031 652 si,

99 679 140 724 ua
161 676 224 734 res,
247 678 313 741 qua
334 658 415 724 ratio
437 658 597 730 suaderet,
619 676 748 739 quaque
768 657 914 723 modeste

391 775 413 808 v.
432 761 473 812 18.
503 758 579 824 Vulg.
600 758 631 809 ln
650 774 724 824 quas.

98 880 219 927 anteierat
235 876 338 936 semem
356 880 543 941 (praeterquam
562 874 630 940 quod
653 876 752 926 codices
777 875 803 925 id
828 875 964 938 sbnerrent)
988 874 1122 939 figuratius

104 949 130 994 et
147 943 241 993 elatius
258 943 404 1004 videbatur,
422 960 497 1007 quem
514 949 544 993 ut
562 945 725 994 Semonibus
742 944 812 993 hisce
829 959 875 1008 per
892 914 996 992 Xumum
1013 943 1124 1007 repenti·

98 1013 225 1062 eveniret:
249 1011 323 1076 quale
341 1011 406 1061 illud
426 1012 545 1076 Virgilii,
563 1014 625 1062 Aen.
644 1009 678 1072 X,
697 1014 754 1064 391.
791 1010 879 1073 ‚mam
898 1012 961 1074 tibi,
983 1008 1121 1075 Thymbre,

98 1079 253 1130 Euandrius
278 1080 389 1130 abstulit
412 1082 514 1130 enris“:
539 1084 566 1129 et
588 1084 720 1144 praeterea
743 1078 818 1139 ferre
843 1079 973 1128 dernetere
995 1082 1122 1141 receptam

98 1146 260 1213 oriptoribus
282 1147 403 1213 phrasin,
427 1163 479 1197 uon
505 1152 596 1198 temere
619 1147 766 1198 mutandam
789 1162 843 1196 esse
867 1145 1007 1197 censebam.
1042 1144 1121 1195 Silius

99 1216 143 1268 VI.
170 1216 204 1280 [u.
226 1214 286 1282 101]
313 1213 448 1279 „I'entnm
474 1218 558 1277 acies,
583 1216 770 1278 terminumque
792 1214 873 1275 serem
896 1214 1031 1264 discordia
1055 1213 1121 1264 serre

98 1288 134 1332 t.“
169 1283 322 1334 Lactantius
340 1282 370 1345 V,
389 1284 412 1335 9.
432 1281 458 1348 [ξ
479 1285 522 1345 17]
550 1280 622 1345 „Qui
644 1283 735 1332 siritio
758 1297 808 1331 erre
831 1281 896 1330 ferro
920 1284 1042 1331 metant.“
1077 1281 1121 1331 Se·

97 1366 170 1413 egam.
197 1365 220 1400 ι’.
240 1351 298 1403 986.
333 1350 491 1414 ,,Αοειέιιιο,
521 1365 606 1400 cessus
630 1352 742 1415 impium
765 1349 831 1399 terro
850 1355 932 1414 ceput
954 1350 1121 1399 Demetere?“

97 1419 193 1470 lietam.
210 1418 242 1479 V,
263 1420 317 1469 104.
353 1419 440 1480 „Huic
465 1418 585 1469 Chromis
609 1418 732 1482 empireo
758 1417 877 1467 tremulis
901 1416 1001 1467 ulteria
1024 1417 1121 1482 polinis

98 1491 108 1534 t
126 1501 186 1535 ense
205 1489 312 1551 eepet.“
330 1484 376 1536 ubi
394 1486 469 1549 plura
486 1485 543 1535 vide
562 1486 629 1549 apud
648 1485 784 1535 Heinsium
802 1486 830 1534 in
848 1485 926 1536 uotis.
954 1484 1121 1541 Quamobrem

97 1552 209 1603 iterulee
229 1554 267 1602 vel
285 1554 367 1620 apicis
386 1555 471 1618 potius
489 1553 621 1603 additione
639 1554 675 1603 sic
692 1553 774 1602 locum
793 1551 953 1617 refingebam,
972 1568 1029 1602 cum
1047 1568 1121 1616 supe·

97 1639 108 1671 s
126 1626 294 1671 connectens:
322 1622 416 1685 „Hunc
433 1624 640 1686 permenserunt
657 1621 776 1681 colones,·
803 1623 868 1686 quin
887 1624 967 1669 etiem
985 1620 1055 1670 illud
1070 1620 1122 1669 Ac·

103 1695 133 1739 nt
151 1689 253 1740 cuidam
271 1694 348 1739 testes
371 1688 537 1753 caudamque
560 1688 675 1738 soterem
699 1689 860 1738 Demeterent
882 1688 987 1748 fer·ro“:
1014 1687 1120 1746 scilicet,

97 1774 103 1805 r
122 1757 306 1808 derneterentr
324 1756 417 1821 quibus
440 1757 508 1806 euim
534 1757 620 1820 potius
638 1756 762 1805 eiusmodi
780 1772 843 1819 opus
860 1755 1030 1805 mandandum
1049 1759 1122 1804 erat?

96 1824 181 1874 Milite
197 1824 284 1874 Plauti
299 1824 416 1874 Glorioso
432 1825 513 1874 Scene
531 1823 621 1873 ultima
640 1826 672 1886 [v.
691 1826 723 1886 l],
743 1823 971 1887 Periplectomenes
989 1823 1121 1872 moechum

96 1909 148 1942 sum
163 1892 268 1946 Carioni
283 1897 310 1942 et
324 1892 441 1942 Sceledro
456 1892 535 1941 servis
551 1890 732 1941 verberandum
747 1895 773 1940 et
790 1891 950 1940 castrandum
969 1891 1120 1942 committit:

96 1966 112 2009 ¹e
130 1963 227 2010 istum:
251 1963 276 2009 si
298 1975 351 2010 non
377 1962 512 2024 seqnitur,
536 1961 625 2025 rapite
647 1958 785 2008 sublimem
802 1959 908 2019 fores“=
928 1961 960 2020 [r.
978 1960 1005 2020 4]
1033 1957 1120 2020 „Vide

96 2029 174 2077 ctiti
191 2030 226 2078 rit
244 2034 354 2091 uenires,
372 2027 462 2089 Certo,
480 2029 565 2077 culter
582 2028 692 2092 probe.“
726 2029 809 2090 Atque
831 2027 893 2076 haee
918 2027 979 2076 elim
1003 2026 1068 2075 mibi
1091 2026 1119 2076 in

96 2113 105 2144 1
125 2095 274 2156 venIebent3
299 2111 355 2145 oum
374 2102 463 2160 postea
480 2095 648 2145 animadverti
671 2093 916 2162 πολυμαθέστατον
933 2093 1067 2144 Burthium
1091 2094 1120 2144 in

96 2180 127 2213 ir.
145 2161 295 2223 XXXVIII,
314 2165 336 2215 6.
354 2163 382 2212 in
401 2163 505 2213 eundem
523 2163 598 2227 plane
616 2164 788 2212 coniecturam
805 2163 932 2213 incidisse.
967 2162 1015 2212 Ille
1033 2162 1120 2226 itaque

98 2232 189 2283 almam
207 2230 259 2280 sibi
275 2231 375 2293 habeat,
393 2232 438 2294 qui
456 2232 528 2296 prior
546 2231 688 2296 occupavit.

98 2337 103 2347 .
123 2298 268 2350 Sallustius
285 2300 315 2348 in
333 2314 400 2363 quer
416 2297 479 2348 Non
497 2301 585 2348 minus
602 2301 714 2361 insanit]
738 2299 772 2348 At
790 2299 876 2362 potius
893 2313 966 2348 casus
985 2297 1119 2348 Ablativns

95 2369 160 2432 quiri
185 2367 301 2427 videtur,
328 2372 357 2417 ut
379 2366 464 2430 Epod.
481 2366 534 2429 XI,
562 2370 585 2420 6,
620 2367 689 2430 „Hic
713 2369 808 2416 tertius
834 2366 980 2428 december,
1006 2381 1040 2415 em
1066 2381 1119 2431 quo

103 2436 211 2485 Inachis
228 2435 338 2486 iurere.“
373 2440 399 2484 et
417 2435 496 2485 Serm.
514 2435 542 2496 I,
567 2437 591 2485 4.
609 2451 632 2483 v.
651 2436 692 2486 lo.
727 2436 884 2498 „meretrice
909 2449 991 2497 nepos
1014 2434 1119 2484 insanus

97 2508 104 2532 ‘
139 2508 166 2553 et
183 2521 206 2553 v.
225 2505 266 2554 27.
302 2503 371 2565 „Hic
387 2508 535 2567 nuptorum
553 2503 651 2552 insanit
667 2501 809 2563 amoribus,
828 2503 871 2550 tric
886 2504 1060 2565 preerornmf‘
1094 2508 1120 2552 et

95 2572 116 2632 Ι,
139 2574 177 2632 11,
199 2573 236 2623 19.
265 2570 362 2631 „Dices
380 2571 524 2620 laborantes
543 2572 570 2620 in
587 2585 639 2620 uno
656 2569 803 2635 Penelopen
822 2572 985 2634 vitreamque
1000 2568 1119 2621 Circen.“

95 2639 248 2689 lautissimus
265 2640 323 2688 Nic.
342 2639 467 2689 Heinsius
485 2639 513 2689 in
531 2638 681 2703 exemplaris
705 2639 745 2687 sui
764 2637 885 2701 margine,
906 2636 1000 2699 Forte,
1025 2637 1118 2701 inquit,

103 2710 134 2755 is
160 2707 358 2771 corrigendum.
394 2707 472 2757 Recte
491 2707 606 2771 quidem,
632 2706 698 2769 quod
724 2705 756 2755 ed
774 2705 912 2755 dictionem
929 2704 1030 2754 attinet.
1066 2706 1119 2755 Nos

107 2775 135 2824 ni
152 2774 278 2834 fallimur,
302 2776 386 2825 verius
405 2775 560 2839 propiusque
578 2773 610 2824 ed
628 2780 754 2839 receptam
778 2774 927 2831 lectionem
951 2772 1067 2837 „Tutior
1090 2777 1120 2822 et

95 2857 191 2891 ‘tuere'
215 2847 254 2891 eat
277 2846 306 2891 in
331 2842 415 2892 classe
436 2843 569 2902 sentencie,
595 2841 797 2891 Libertinarmm
823 2841 898 2891 dico:
923 2840 1066 2891 Sallustius
1089 2843 1118 2890 iu

95 2926 125 2959 on
142 2913 231 2959 minus
248 2913 365 2973 insanit,
390 2926 470 2974 queam
492 2912 540 2974 qni
561 2910 742 2959 moechetur.“
769 2910 817 2959 hoo
842 2914 893 2970 est,
918 2912 947 2958 in
965 2924 1018 2973 que
1036 2910 1119 2959 clerae

95 2993 190 3027 uersum.
225 2979 308 3042 Atque
326 2977 364 3027 ite
380 2983 470 3043 postea
487 2977 631 3027 invenimus
649 2976 716 3025 clere
734 2981 760 3026 et
777 2978 832 3026 sine
850 2976 903 3025 ulla
919 2992 1009 3026 rasura
1025 2976 1052 3024 in
1072 2975 1119 3024 Co·

95 3045 165 3108 egio.
200 3046 298 3096 Poteris
322 3050 406 3095 tamen
431 3045 562 3109 vulgatam
586 3043 719 3093 defendere
742 3059 772 3093 ex
796 3045 892 3094 Seneca
913 3045 990 3093 Herc.
1015 3043 1068 3093 Oet.
1095 3060 1119 3093 v.

95 3112 232 3173 „Referam
250 3113 317 3178 qnid
334 3113 421 3163 alies?
444 3128 537 3177 nempe
558 3109 716 3174 Thespiades
734 3117 846 3171 escant,
863 3112 995 3175 Bessique
1012 3111 1040 3159 in
1058 3110 1116 3161 illes

95 3181 191 3231 itridee
215 3180 302 3241 sees.“
345 3180 396 3230 Ubi
421 3185 505 3230 tamen
529 3180 595 3229 idem
618 3179 743 3228 Heinsius
767 3178 900 3239 (referente
924 3179 1063 3233 Gronoviol
1087 3182 1117 3228 in

95 3252 138 3298 uit
153 3249 292 3312 repositum
311 3248 406 3308 voluit5
431 3255 460 3298 nt
483 3247 550 3313 apud
575 3246 694 3296 Ovidium
717 3248 818 3296 Metam.
838 3247 895 3308 Vll,
915 3248 956 3298 21.
983 3247 1067 3311 ,quid
1089 3247 1115 3296 in

114 3319 190 3380 regie
214 3319 292 3379 uirgo
310 3316 434 3366 Πιιιιὶιιιι
465 3321 491 3365 et
508 3315 585 3375 VIII,
611 3317 652 3367 50.
682 3318 794 3377 „merito
819 3314 883 3364 derce
907 3315 970 3364 arsit
994 3315 1022 3364 iu
1046 3314 1117 3365 illa.“

97 3422 103 3444 ,
127 3389 264 3447 utcumque
282 3383 312 3434 de
331 3383 440 3434 Senecae
463 3384 519 3432 loeo
543 3383 601 3442 llat3
625 3386 664 3432 tot
686 3383 776 3447 utique
800 3382 922 3446 exemplis
945 3384 1005 3432 freti
1029 3399 1117 3432 menu-

106 3451 181 3516 Regii
198 3451 378 3501 auctoritatem
396 3456 452 3501 tuto
470 3467 611 3515 sequemur.
647 3449 716 3506 Quin
740 3455 765 3501 et
789 3452 897 3500 Ioannes
920 3451 1117 3502 Saresberiensis

95 3537 112 3568 n
128 3519 229 3569 videtur
245 3519 351 3582 legisse:
379 3535 436 3568 uem
461 3524 547 3583 aperte
565 3519 615 3569 huo
633 3518 727 3569 alludit
749 3519 776 3567 in
794 3518 914 3567 Polieret.
941 3519 1019 3579 VIII,
1038 3521 1061 3571 3.
1082 3522 1116 3581 [p.

97 3625 102 3637 .
126 3588 156 3639 L.
177 3589 207 3638 B.
235 3589 308 3650 1639]
342 3587 468 3651 „Dignus
494 3592 533 3636 est
555 3601 620 3650 ergo
648 3584 763 3649 Thraso,
788 3589 836 3650 qui
860 3588 1058 3637 intromittatur
1082 3585 1119 3635 ed

95 3671 136 3715 ern,
155 3655 262 3706 secluso
281 3655 423 3716 Phaedria,
442 3654 535 3719 quiin
553 3670 583 3704 ea
600 3670 651 3704 uon
669 3654 754 3703 minus
772 3653 896 3704 insanit.“

95 3736 106 3774 ι.
124 3722 161 3772 Ar
177 3725 221 3772 bie
238 3726 271 3786 n]
290 3724 409 3789 Optimus
427 3726 514 3772 noster
532 3721 690 3772 Gresvieuus
707 3721 781 3782 clere,
800 3727 832 3772 ut
849 3721 892 3770 luic
909 3721 940 3768 si.
969 3719 1004 3768 Et
1021 3719 1049 3768 in
1067 3721 1116 3770 Re·

95 3833 97 3840 ,
115 3795 144 3840 ut
159 3791 261 3855 quidem
278 3790 354 3842 hodie
372 3796 451 3853 extat,
470 3791 513 3840 sed
531 3790 583 3841 alia
600 3806 677 3840 mauu
693 3794 718 3840 et
734 3794 792 3855 post
811 3803 939 3839 rasuram:
958 3786 1025 3836 unde
1039 3788 1116 3837 initio

95 3863 191 3908 utnon
209 3858 274 3908 falso
291 3859 352 3910 licet
370 3860 504 3911 coniicere.
540 3861 610 3924 Lege
628 3858 722 3923 igitur,
747 3863 772 3908 et
789 3857 932 3921 distingue:
957 3852 1072 3916 „Iietr'or
1088 3861 1118 3906 et

95 3941 192 3975 ·merrc
216 3931 255 3975 eat
276 3929 306 3976 in
330 3927 413 3976 clerae
435 3926 569 3990 secundm
593 3925 793 3977 Libertinermm
818 3926 894 3975 iiico:
920 3922 1064 3973 Sallustius
1088 3926 1116 3972 tn

95 3997 222 4044 seminus
235 3996 345 4055 incenit,
363 4009 443 4058 queem
455 3997 502 4059 qui
519 3996 691 4055 moechatum
709 3998 737 4043 ut
755 3995 798 4042 bic
815 3995 846 4055 si,
867 3992 926 4055 Qun
943 4007 985 4040 res
998 4016 1027 4027 -·
1039 3990 1118 4041 vellet

97 4067 176 4126 etque
193 4063 324 4126 benignus
341 4061 432 4113 lime.“
469 4060 574 4123 Oriente
593 4065 685 4123 tutior,
712 4060 810 4124 iuquit,
828 4075 906 4109 mere
923 4064 977 4110 est:
1002 4057 1068 4108 adeo
1085 4063 1117 4108 ut

95 4129 181 4208 'entim
198 4130 276 4180 uellet
299 4135 346 4180 eie.
372 4129 475 4193 vulgata
500 4129 601 4193 quidem
624 4128 686 4179 ferri
710 4131 806 4192 potest3
831 4126 874 4176 sed
898 4127 959 4175 haee
983 4125 1066 4176 verior
1090 4131 1117 4176 et

95 4213 144 4247 uer.
