2840 4752
178 238 241 300 476
541 251 572 311 q.
595 250 735 297 nontin
756 249 881 297 sunam

243 388 286 453 Se
308 384 413 466 magis
433 384 572 461 inflaret3
595 384 678 460 Non,
702 384 729 448 si
751 389 782 448 te
805 386 939 468 ruperis,
964 384 1075 466 inquit,

178 485 225 537 ³20
245 473 309 538 Par
330 470 402 535 eris.
445 471 525 536 haec
546 490 567 533 a
589 475 619 532 te
642 489 705 533 non
726 469 860 534 multum
884 468 1008 533 abludit
1028 469 1145 549 imago.

180 658 305 716 Quorsum
323 656 389 706 euim
416 654 534 707 tandem:
562 669 619 703 oum
641 653 692 703 iam
717 659 807 720 prima
831 657 886 705 oice
908 670 970 704 rana
994 670 1019 705 se
1042 655 1184 716 inflaverit,
1212 662 1325 721 postea

179 728 272 777 iterum
291 729 316 774 et
333 724 423 783 tertio,
447 725 534 785 magis
551 723 706 787 magisque?
727 722 806 772 rCerte
829 722 936 772 tandem
959 728 1086 786 postremo
1104 725 1227 785 conatui,
1262 741 1324 774 non

180 795 263 862 primo
273 792 399 842 convenit.
428 793 482 840 Iam
500 795 592 851 autem,
611 790 808 854 quodsequitur,
827 806 1001 840 susurrasse
1018 791 1047 840 in
1064 792 1182 856 pluribus
1192 792 1324 856 Cruquii

181 867 207 915 et
223 861 329 911 aliorum
340 864 434 919 exstat,
452 859 478 907 in
490 859 548 907 aliis
566 863 591 907 et
606 859 634 906 in
642 858 735 924 priscis
745 859 900 909 editionibus
919 874 1051 909 serenans
1070 875 1108 919 s1;
1128 862 1155 908 in
1168 860 1324 910 nonnullis

181 945 313 981 serenans
324 944 377 987 sm,
395 928 424 977 in
433 927 511 987 nullo,
530 924 597 991 quod
615 927 701 987 sciam,
719 944 746 976 se
763 929 870 991 inflans,
889 927 955 991 quod
974 930 1238 978 acorrectorenescio
1262 945 1325 993 quo

180 998 308 1066 prolatum
317 998 425 1058 videtur,
444 1011 474 1046 ex
482 1010 555 1043 versu
565 999 690 1057 sequente,
711 994 774 1047 Cam
791 998 877 1059 magis
896 1001 974 1060 atque
992 1011 1017 1044 se
1035 998 1123 1058 nangis
1140 996 1267 1046 inflaret:
1291 1004 1323 1046 et

181 1083 211 1118 ex
221 1067 334 1116 Phaedro
347 1066 460 1124 fortasse,
470 1063 531 1112 Feb,
540 1064 561 1123 I,
574 1064 613 1112 25.
625 1064 668 1126 [24
677 1079 699 1111 v.
707 1065 754 1125 lb]
766 1063 845 1123 ‚alam
856 1064 912 1112 irate
920 1063 1036 1113 calidius
1044 1064 1137 1113 Inflare
1146 1081 1207 1125 sese,
1218 1070 1323 1130 rupto

181 1139 266 1186 iacuit
285 1137 421 1200 corpore.“
446 1135 528 1195 Atque
546 1130 694 1179 vocabulum
712 1130 975 1192 cresilanssententiee
993 1147 1043 1180 non
1061 1133 1147 1181 minus
1157 1139 1249 1196 aptum
1262 1140 1321 1184 est.

181 1202 326 1253 minnist.
341 1200 387 1261 XI,
401 1201 438 1251 18.
458 1200 484 1263 [ᾖ
504 1201 546 1260 62]
571 1197 688 1262 „Veram
707 1206 732 1247 et
749 1199 851 1248 rubetae
869 1203 978 1249 venirent
995 1200 1075 1262 ultro,
1094 1200 1324 1266 adrepentesque

180 1270 285 1332 sor-ibas
302 1285 351 1335 per
369 1284 413 1317 eas
431 1267 560 1317 sufflant.“
587 1267 658 1315 Idem
673 1266 745 1328 VIII,
765 1269 805 1319 38.
824 1268 850 1332 [ξ
873 1269 928 1329 138]
956 1267 1035 1329 „Alia
1052 1267 1164 1319 solertia
1182 1271 1212 1318 in
1228 1274 1320 1318 metu

181 1338 309 1390 Molibus:
327 1337 443 1386 sufflatae
460 1335 527 1385 ontis
545 1335 659 1384 distentu
677 1337 891 1385 iclasliominmn
909 1340 1049 1385 etmorsas
1067 1350 1164 1385 caniani
1182 1340 1320 1386 arcent.“

180 1407 287 1461 Plautus
305 1403 424 1454 Bacchid.
443 1404 488 1463 IV,
505 1404 529 1453 2.
553 1405 586 1466 [v.
604 1405 646 1465 21]
683 1403 822 1464 ,‚Sufflatus
839 1403 956 1455 ittonae
973 1406 1066 1452 veniet.
1102 1404 1242 1470 Direptum
1267 1421 1319 1454 oe-

182 1476 253 1525 linr.‘⁴
283 1480 307 1523 et
326 1472 428 1533 Sticho,
448 1472 478 1532 V,
497 1473 521 1531 4,
540 1473 571 1533 [v.
590 1473 634 1533 42]
668 1486 737 1535 „age
756 1474 866 1535 tibicen,
885 1471 965 1521 Suffla
982 1472 1105 1522 celeriter·
1122 1473 1172 1521 etot
1190 1476 1317 1532 baccas,-

182 1546 260 1608 qaosc'
276 1555 434 1607 proserpens
452 1540 560 1589 bestia.“
590 1539 692 1589 Persius
710 1544 846 1604 perpetuus
863 1539 967 1588 Horatii
984 1538 1106 1600 imitator,
1125 1540 1178 1590 Sat.
1196 1540 1240 1602 IV,
1267 1543 1317 1592 19.

182 1613 235 1675 [20]
271 1609 465 1672 „Dinomaches
484 1621 531 1669 ego
550 1622 623 1656 sam:
639 1607 730 1656 suffla:
753 1623 812 1657 sam
829 1608 967 1657 candidus.
1003 1607 1095 1657 Esto.“
1131 1609 1200 1659 Ordo
1217 1615 1316 1659 autem

181 1680 223 1729 hio
232 1682 283 1728 est:
304 1677 363 1740 Itla,
381 1674 650 1741 rogareQaantane?
669 1674 816 1736 etsrrfllans
833 1693 869 1739 se,
887 1691 986 1724 rursum
1003 1691 1100 1740 rogare,
1119 1692 1184 1726 nam
1197 1683 1311 1727 tantam

180 1761 281 1811 magna
291 1746 403 1806 luisset?
424 1743 537 1794 Tantam
546 1759 645 1807 magna
655 1743 760 1808 perinde
769 1749 807 1793 est
825 1760 853 1793 ao
863 1749 917 1793 tarn
929 1759 1036 1807 inagna,
1056 1750 1177 1809 utsupra,
1198 1751 1313 1795 tantiam

182 1800 327 1874 dissimilis,
347 1817 449 1863 tantam
467 1812 600 1861 studiosas
628 1810 743 1860 Catullus
760 1813 850 1876 Epigr.
870 1814 911 1863 st.
932 1814 973 1875 [to
994 1829 1017 1862 v.
1036 1815 1062 1874 4]
1080 1812 1184 1874 ,‚ll'atla
1202 1817 1233 1862 in
1251 1824 1313 1879 tani

181 1897 274 1947 magno
292 1887 451 1945 cstcorpore
468 1882 536 1929 aeica
546 1879 635 1929 salis.“
653 1880 772 1929 Lucanus
783 1881 831 1943 ΙΙΙ,
841 1883 882 1932 83.
900 1881 1018 1944 „aaran
1036 1886 1123 1930 tamen
1140 1897 1196 1931 osae
1212 1885 1315 1930 timore*

182 1951 244 2001 Tam
253 1966 344 2015 magno
362 1949 493 2014 popalis.⁶⁴
522 1948 564 1997 ubi
576 1953 630 1996 iam
647 1963 754 2011 magno,
772 1953 802 1997 ut
817 1949 893 1999 etiam
911 1949 952 1998 bic
971 1954 1074 1997 tantam
1091 1965 1202 2013 magna,
1221 1950 1312 1998 maius

182 2019 301 2086 quiddam
319 2028 392 2068 sonat
410 2024 435 2066 et
447 2016 589 2080 significan
608 2031 682 2079 quam
698 2016 721 2064 si
736 2015 835 2065 brevius
847 2022 921 2066 tanto
930 2021 955 2065 et
965 2022 1040 2066 tanta
1050 2016 1181 2066 dixissent.
1200 2018 1311 2083 Quippe

182 2103 245 2138 rana
262 2087 338 2136 etiam
356 2101 426 2135 suam
450 2084 565 2133 sufflatae
588 2084 677 2132 molem
703 2083 821 2133 admirari
847 2085 1016 2148 intelligitur;
1043 2100 1100 2134 cum
1124 2085 1202 2148 dicit,
1231 2086 1308 2135 Narra

183 2159 289 2207 tantam
306 2156 423 2218 magna?
448 2152 521 2208 Quod
545 2153 566 2201 si
585 2152 675 2200 borum
692 2151 748 2201 loco
765 2153 894 2218 posueris,
912 2152 985 2203 Nara
1004 2152 1207 2213 centesimaret,
1234 2156 1310 2219 perit

182 2224 321 2289 praecipua
339 2221 493 2271 narrationis
510 2219 594 2285 gratia
612 2225 637 2268 et
654 2226 785 2281 venustas,
810 2236 890 2284 neque
908 2221 1100 2270 intumescentis
1118 2237 1196 2270 ranae
1214 2238 1306 2286 super·

184 2291 226 2341 bia
243 2297 294 2340 tam
312 2291 417 2355 pulchre
435 2289 581 2343 innotescit.
613 2290 666 2337 lam
684 2288 749 2337 illud
766 2289 901 2353 deinceps,
928 2288 995 2353 quod
1019 2290 1046 2338 in
1064 2289 1175 2353 vulgatis
1194 2291 1306 2340 circum-

181 2360 270 2422 fertur,
287 2358 395 2423 „Maior
409 2357 526 2407 diniidto.
545 2360 741 2406 ricentrsnro?“
759 2373 834 2421 quam
851 2374 902 2406 non
920 2356 1101 2406 absurditatem
1118 2358 1190 2406 intus
1208 2357 1308 2407 habet?

182 2426 277 2481 Bellus
295 2428 351 2490 illa,
369 2427 454 2491 inquit
473 2440 547 2474 ranae
566 2424 659 2489 pullus,
678 2425 788 2474 dissidio
807 2429 893 2476 maior
911 2430 975 2475 erat.
1003 2424 1075 2474 Nam
1093 2440 1179 2474 rinno
1198 2429 1309 2475 maior?
1352 2468 1356 2475 .

182 2495 318 2560 respondet
334 2501 429 2553 mater,
452 2494 480 2543 in
498 2493 645 2557 ampliorem
663 2494 752 2542 molem
771 2509 796 2544 se
814 2493 967 2543 distendens.
1002 2493 1084 2555 Quid,
1108 2493 1227 2553 obsecro,
1254 2492 1305 2543 sibi

183 2564 238 2613 vult
254 2563 319 2613 illud
338 2564 431 2612 tanto?
457 2577 490 2609 an
508 2567 603 2625 quanto
621 2562 701 2625 magis
719 2578 745 2611 se
768 2577 830 2610 rana
853 2561 979 2622 sufflaret,
1004 2568 1079 2611 tanto
1102 2576 1131 2611 ea
1148 2562 1231 2612 maior
1250 2568 1307 2612 erat

182 2631 297 2682 situlus?
324 2631 386 2696 quid
404 2630 508 2679 stultius
535 2629 587 2677 dioi
604 2631 706 2693 potest?
733 2635 799 2679 certe
824 2632 846 2679 si
869 2636 944 2679 antea
968 2630 1079 2679 dimidio
1097 2636 1197 2680 tantum
1215 2635 1308 2680 maior

183 2706 253 2759 erat,
271 2700 321 2749 iarn
339 2703 398 2763 post
416 2698 550 2763 repetitam
567 2697 725 2746 inflationem
745 2699 849 2748 tantillo
867 2698 948 2747 maior
965 2713 1019 2747 esse
1036 2698 1132 2748 debuit,
1168 2700 1306 2748 Praeterea

183 2773 266 2817 totum
283 2767 356 2827 illud,
376 2765 447 2816 Nam
458 2771 541 2828 tanto,
560 2766 772 2829 comparationem
790 2767 902 2830 aliquam
919 2766 1046 2826 instituat,
1065 2781 1167 2816 neeesse
1184 2776 1232 2815 est.
1255 2768 1309 2816 Dic

184 2852 258 2900 ergo,
277 2851 326 2899 qua
343 2850 401 2884 cum
417 2850 443 2883 re
464 2839 635 2897 comparatum
653 2834 709 2882 esti
732 2833 804 2884 Nam
823 2841 898 2884 tanto
917 2851 958 2884 rae
975 2838 1075 2896 maior,
1095 2841 1202 2898 quanto,
1223 2835 1306 2899 quid?

185 2909 280 2969 quanto
299 2920 345 2967 ego
364 2919 418 2953 sum
437 2907 490 2952 toto
509 2917 629 2967 corpore3
648 2906 743 2966 quanto
761 2917 808 2967 ego
825 2919 880 2953 sum
898 2901 1123 2954 nreiortitivilitio.
1146 2902 1222 2952 Nihil
1236 2905 1307 2953 enim

184 2977 222 3023 est
239 2976 415 3037 praeterquam
432 2970 514 3034 ipsius
533 2985 608 3019 ranae
626 2985 727 3034 corpus,
744 2987 793 3035 quo
811 2987 868 3021 cum
886 2970 929 3020 fiat
946 2971 1110 3034 comparatio.
1141 2971 1213 3035 Ergo
1232 2987 1305 3032 rana,

184 3055 249 3105 quae
266 3044 324 3106 post
342 3040 448 3105 primam
465 3039 623 3087 inflationem
640 3038 750 3087 dimidio
769 3039 849 3088 solnm
866 3041 955 3088 minor
972 3044 1026 3087 erat
1043 3038 1132 3101 vitulo,
1150 3046 1209 3103 post
1228 3040 1308 3088 itera-

184 3114 236 3159 tam
253 3109 409 3158 inflationem
428 3108 511 3156 minor
528 3108 578 3155 iam
595 3105 727 3170 minorque
744 3107 787 3169 fit,
813 3114 851 3169 et,
877 3108 943 3170 quod
968 3112 1144 3171 portentosum
1161 3107 1239 3172 plane
1257 3114 1305 3165 est,

184 3177 318 3226 crescendo
336 3175 468 3226 minuitur.
504 3174 632 3224 Haeccine
657 3181 696 3224 tot
713 3176 863 3239 interpretes
881 3184 933 3223 tam
951 3176 1077 3239 patienter
1095 3175 1203 3224 tulisse?
1229 3178 1304 3224 haec-

184 3244 241 3295 oine
259 3260 304 3293 nos
323 3248 449 3305 tamquam
467 3242 574 3306 pulchra
591 3247 617 3290 et
634 3248 720 3293 exacta
744 3243 772 3292 in
795 3243 888 3292 scholis
913 3243 1052 3292 admirari?
1078 3242 1148 3297 Quin
1165 3249 1305 3308 reponatur

183 3311 264 3372 illico,
283 3312 350 3376 quod
369 3309 468 3360 codices
487 3308 627 3373 Cruquiani
645 3311 773 3371 exhibent,
799 3316 824 3360 et
842 3327 872 3360 ex
889 3313 983 3360 nostris
1000 3310 1134 3360 Leidensis
1152 3316 1177 3361 et
1195 3311 1305 3375 Collegii

184 3379 319 3429 Trinitatis
336 3377 408 3439 liber,
427 3376 533 3441 „Maior
551 3377 670 3428 dimidio.
695 3394 758 3428 nicea
776 3382 922 3429 nannum?“
940 3394 999 3427 num
1018 3384 1118 3428 tantum
1136 3394 1237 3443 magna
1255 3380 1304 3428 sci·

184 3448 258 3499 lioet:
284 3454 314 3496 ut
337 3462 415 3510 supra
438 3462 463 3494 se
487 3444 579 3495 inflans
602 3453 750 3510 rogaverat,
777 3446 850 3497 Nam
868 3452 971 3496 totilam
989 3460 1088 3510 magna
1107 3448 1220 3507 ficisset?
1247 3447 1304 3496 Hoc

185 3516 300 3583 profecto
319 3521 371 3564 tam
388 3519 454 3563 recte
472 3530 499 3563 se
516 3513 607 3577 habet,
626 3530 699 3579 quarn
718 3515 783 3564 illud
801 3514 907 3564 alterum
924 3530 1001 3580 prave
1019 3522 1044 3564 et
1061 3530 1184 3580 perverse.
1220 3518 1305 3579 Atque

184 3585 306 3636 hactenus
324 3599 388 3648 quae
406 3582 570 3647 culpavimus,
589 3583 715 3632 Librariis
725 3584 815 3632 merito
832 3583 981 3647 imputanda
999 3588 1073 3632 sunt:
1092 3583 1241 3647 iltuojquoo
1253 3585 1303 3633 iam

185 3652 300 3705 dicturus
318 3669 387 3712 sum,
413 3650 499 3701 nescio
523 3667 555 3700 an
580 3651 678 3701 auctori
696 3651 748 3715 ipsi
765 3651 800 3700 sit
817 3652 880 3701 vitio
897 3651 1052 3701 vertendum.
1088 3650 1233 3706 auserim
1249 3651 1302 3701 veri

185 3722 269 3786 speeie
287 3728 332 3771 aut
341 3721 428 3772 decori
446 3720 552 3780 ratione,
571 3720 706 3786 respondet
722 3718 765 3768 hio
784 3720 880 3780 ranula,
899 3719 988 3769 Maior
1005 3723 1137 3769 omnmo?
1163 3723 1204 3769 An
1223 3719 1302 3769 oredi-

184 3789 237 3839 bile
253 3790 302 3839 hoc
319 3800 364 3839 ant
380 3787 541 3838 memorabile
560 3793 612 3848 est,
630 3803 717 3837 ranam
735 3787 774 3836 rel
792 3787 874 3852 prima
891 3787 1035 3838 sufflatione
1053 3787 1160 3838 dimidio
1177 3787 1302 3838 duntaxat

185 3857 308 3908 minorem
326 3858 389 3908 bove
406 3857 485 3908 visam
502 3857 573 3905 esse?
592 3855 671 3918 Certe,
689 3862 719 3906 ut
734 3856 826 3905 Noster
844 3855 907 3905 bene
925 3856 996 3917 alibi,
1013 3855 1053 3906 vel
1070 3856 1127 3921 ipsa
1135 3854 1234 3905 Fabula
1251 3871 1301 3905 non

185 3925 286 3990 quidvis
304 3926 354 3975 sibi
372 3925 441 3974 credi
459 3924 578 3988 postulet,
597 3924 640 3973 sed
657 3923 723 3973 veris
738 3924 853 3989 proxima
871 3924 987 3974 attidem
1005 3924 1166 3987 aliquatenus
1183 3924 1301 3973 habitura

185 3993 304 4059 proferat.
340 3992 417 4052 Quid,
436 3993 502 4057 quod
520 3992 543 4041 si
559 3992 642 4058 primo
660 3997 752 4042 conatu
770 3991 904 4041 dimidium
922 3993 1009 4042 bovem
1027 4008 1090 4042 rana
1107 3995 1300 4055 exaequaverat3

185 4076 238 4110 non
247 4061 334 4111 deerat
346 4077 411 4125 spes,
430 4067 459 4109 ut
476 4061 575 4109 iteratis
592 4060 768 4110 inflationibus
786 4060 881 4124 integri
897 4059 1100 4124 magnitudinem
1117 4060 1220 4109 tandem
1238 4075 1300 4109 asse·

186 4135 312 4192 queretur.
348 4130 418 4191 Ergo
435 4144 487 4177 non
505 4143 520 4176 a
537 4144 596 4177 sero
614 4128 695 4177 solum
713 4128 831 4177 abhorret
848 4128 910 4177 baec
927 4128 1049 4190 narratio,
1074 4128 1118 4178 sed
1135 4133 1162 4177 et
1178 4128 1229 4178 sibi
1246 4128 1302 4192 ipsa

185 4195 352 4244 disconvenit.
388 4197 424 4243 Et
443 4201 526 4243 tamen
544 4206 644 4258 omnes,
668 4196 756 4256 credo,
782 4195 931 4259 abicumque
955 4197 1054 4246 codices
1077 4199 1105 4245 in
1128 4195 1240 4245 lectione
1257 4198 1300 4244 bsc
