2810 4764
214 238 273 300 156
604 251 635 311 o.
657 249 798 297 nonum
819 250 943 298 mucor

294 386 410 451 Pacem
431 388 465 449 et
484 382 592 449 duello
613 382 755 459 miscuit3
778 386 797 449 ὀ
819 384 939 470 pudori

340 470 367 537 0
389 487 508 550 magna
530 468 702 550 Carthago,
725 469 889 555 probrosis

253 567 284 618 te
382 554 486 619 Altior
507 554 621 620 Italiae
641 553 758 619 ruinisl

295 640 411 705 Fertur
430 637 567 724 pudioae
589 638 734 720 ooniugis
755 637 910 716 osculum,

294 726 479 806 Parnesque
499 730 604 802 natos,
627 729 663 788 ut
684 723 798 809 eapitis
818 722 932 802 minor,

338 809 388 874 Ab
411 828 446 873 se
467 808 651 886 removisse,
675 815 707 873 et
727 808 850 874 virilem

379 895 504 959 Torvus
524 891 614 961 bumi
635 892 783 979 posuisse
803 893 941 957 voltum:

251 990 283 1042 45
296 979 406 1043 Doneo
425 976 564 1043 labantis
586 978 718 1043 oonsilio
739 980 852 1043 Patres

294 1064 452 1129 Firmaret
472 1068 583 1128 auetor
603 1082 776 1145 numquam
799 1063 880 1128 alias
902 1062 991 1139 dato;

336 1149 486 1231 Interque
507 1149 679 1214 maerentis
699 1148 819 1213 amicos

379 1231 540 1315 Egregius
562 1240 748 1319 properaret
769 1232 871 1298 exsul.

294 1318 393 1400 Atqui
417 1316 548 1396 sciebat,
570 1337 654 1400 quae
677 1317 738 1384 sibi
759 1317 917 1383 barbarus

252 1404 410 1467 toTortor
432 1408 579 1489 pararet:
601 1421 665 1467 non
686 1402 780 1467 aliter
801 1409 909 1466 tamen

337 1487 479 1554 Dimnvit
501 1488 660 1553 obstantis
680 1486 887 1574 propinquos,

336 1571 378 1637 Et
399 1572 553 1659 populum
575 1572 697 1639 reditus
718 1578 910 1650 morantem3

635 1707 659 1740 v.
677 1693 718 1742 43.
735 1689 812 1755 Vulg.
832 1689 857 1739 A
874 1704 907 1739 se.

210 1822 287 1871 armo
310 1806 436 1858 militibus
459 1812 518 1858 stne
534 1809 629 1871 enode,
654 1808 739 1872 dioeit,
765 1808 883 1872 Derepta
907 1805 989 1856 vidi.“
1023 1807 1115 1855 Postea
1131 1821 1206 1869 vero,
1231 1822 1289 1857 eum
1308 1808 1339 1856 in

209 1874 334 1927 orationis
351 1890 426 1925 eursu
444 1877 494 1937 eit,
520 1879 590 1940 „erit
606 1877 651 1926 ille
668 1875 757 1937 fortir,
776 1878 824 1941 qut
839 1874 951 1939 perfidis
967 1889 996 1923 ss
1013 1873 1116 1923 dedidit
1132 1874 1282 1924 hostibud‘:
1314 1875 1338 1926 si

207 1943 239 1995 de
257 1943 305 1995 etto
322 1943 424 1994 bomine
443 1944 593 1994 rotabulum
611 1945 654 1994 tie
671 1943 786 2008 intelligi
804 1942 874 1999 volis.
892 1941 1028 1992 dicendum
1045 1942 1136 2006 utique
1153 1942 1243 2003 tuerit,
1261 1942 1341 2005 „ule

208 2011 279 2063 unde
301 2014 384 2061 vitan
400 2016 517 2062 sumeret
533 2013 659 2063 insutus.“
692 2014 775 2076 Atque
792 2012 873 2071 hano,
900 2011 1005 2074 opinor,
1029 2009 1062 2058 ob
1080 2024 1196 2060 caussam
1213 2026 1267 2060 non
1285 2012 1339 2061 iam

224 2095 348 2130 ronomen
365 2094 426 2142 esse,
445 2079 504 2143 Hie,
521 2080 564 2130 sed
582 2080 744 2142 adverbium,
762 2080 810 2129 etsi
829 2078 992 2142 quantumvis
1007 2077 1107 2142 inepte,
1127 2077 1239 2127 eredidit
1257 2080 1339 2129 seho-

220 2148 296 2198 'stes
313 2150 405 2199 deren.
441 2147 486 2209 „H
489 2150 546 2211 te,“
563 2148 608 2211 sit,
626 2147 675 2212 „td
690 2153 737 2211 est,
755 2149 784 2197 tn
802 2147 896 2197 betlo.“
921 2145 989 2201 Quid
1006 2144 1106 2194 multat
1123 2144 1175 2195 leri
1192 2147 1340 2197 mutatione

208 2216 351 2267 sententiae
375 2213 521 2278 subveniet,
546 2216 591 2280 qni
607 2217 645 2266 sio
661 2215 766 2281 legerit,
797 2220 823 2264 et
840 2214 1001 2276 distinxerit,
1030 2211 1103 2277 „Qut
1119 2213 1179 2263 lora
1202 2218 1340 2265 rertm‘etr'r

209 2284 317 2335 tooertn
335 2281 425 2334 Sentit
441 2287 521 2347 iners,
540 2285 679 2348 timuitque
696 2288 807 2333 mortens
816 2283 894 2346 Hine,
913 2281 985 2331 unde
1000 2283 1083 2331 vitant
1100 2288 1216 2331 sumeret
1231 2283 1338 2348 aptius,-

208 2351 306 2403 Paeent
324 2356 350 2401 et
366 2350 455 2402 duello
473 2354 606 2403 mebesdtf‘
623 2352 692 2402 Hine
704 2352 791 2401 timuit
802 2355 916 2411 mortem,
929 2349 1001 2399 unde
1018 2349 1104 2414 aptius
1121 2350 1200 2399 vitam
1213 2357 1336 2401 sumeret

207 2417 495 2481 dedititiorum,
515 2422 554 2481 ll,
573 2421 613 2472 38.
649 2419 770 2483 „Surge,
793 2433 828 2467 ne
852 2417 948 2482 longua
972 2418 1021 2466 titt
1036 2432 1158 2480 somnne,
1182 2417 1254 2468 unde
1270 2417 1337 2468 Non

208 2487 292 2549 times,
311 2486 416 2537 detur.“
433 2488 510 2549 ltine,
528 2487 556 2536 id
574 2492 620 2551 est,
637 2503 653 2538 a
668 2501 764 2552 pugna,
782 2486 862 2547 terro,
879 2501 971 2535 mann:
995 2484 1067 2534 tende
1083 2485 1133 2534 viri
1150 2486 1228 2535 sortes
1247 2488 1337 2550 aptius

207 2555 287 2605 vitam
305 2559 446 2618 quaerunt,
491 2571 548 2603 uam
567 2555 695 2605 deditione
714 2558 759 2604 ant
781 2553 849 2619 tuga.
884 2554 1010 2603 Homerus
1029 2552 1102 2602 Iliad.
1122 2553 1151 2614 0,
1170 2555 1227 2605 741.
1266 2555 1337 2621 „th

207 2618 238 2674 lv
251 2618 333 2689 χερσὶ
352 2617 440 2688 φόως,
461 2638 492 2671 oo
510 2620 626 2691 μειλιχίῃ
644 2620 806 2690 πολέμοιο.“
842 2620 946 2672 Sallust.
964 2621 1132 2685 tugurium.
1143 2621 1169 2685 [ξ
1183 2623 1206 2683 l]
1243 2623 1338 2684 „Aulo

208 2704 300 2741 omnes
324 2688 418 2749 infesti
439 2704 472 2738 ne
489 2692 620 2752 manime,
647 2688 694 2755 qni
711 2688 779 2740 bello
795 2705 874 2755 saepe
888 2688 1027 2755 praeclari
1042 2687 1172 2751 [Μυκη
1197 2690 1275 2754 quod
1292 2706 1338 2740 ar·

207 2761 305 2816 mutue,
324 2756 445 2806 dedeeors
462 2760 561 2820 potius,
581 2772 660 2821 quom
678 2773 762 2823 manu,
781 2757 887 2806 salntem
905 2757 1068 2821 quaesierit.“
1104 2756 1252 2807 Patereulus
1272 2759 1294 2819 1,
1311 2761 1336 2810 2.

210 2822 297 2889 „Quis
314 2827 384 2873 enim
396 2822 525 2889 (Codrum)
539 2840 594 2874 non
611 2828 731 2887 miretur,
752 2828 798 2890 qni
815 2828 849 2874 ir's
866 2826 969 2874 ortibus
987 2828 1090 2874 mortem
1109 2824 1254 2889 quaesierit,
1276 2828 1338 2891 qui-

210 2893 259 2943 dus
278 2892 310 2942 ab
329 2894 436 2956 ignavis
453 2892 508 2942 rita
525 2892 611 2957 quaeri
629 2894 720 2945 rotet‘·
738 2892 836 2943 Deinde
853 2891 998 2943 addidimus
1016 2898 1060 2942 st:
1077 2907 1170 2957 pacem
1188 2897 1214 2942 et
1225 2892 1335 2944 duello:

206 2959 521 3011 taeileenimaLibreriis
538 2959 565 3010 id
582 2961 710 3023 omissum,
728 2960 772 3011 ubi
782 2961 837 3011 sine
855 2976 940 3010 versus
958 2959 1093 3025 dispendio
1110 2961 1165 3010 fleri
1181 2960 1285 3024 potuit;
1305 2968 1337 3012 ut

208 3044 286 3095 supra
296 3029 380 3079 iubos
390 3028 573 3094 ipsooarmine,
593 3029 786 3093 ‚,Aneitior·nm,
806 3031 931 3086 nominis,
951 3031 1094 3093 ottogae“:
1113 3042 1160 3093 pro
1171 3028 1334 3080 etnomr'ns'e.

274 3099 315 3150 38.
336 3097 356 3148 0
370 3098 471 3163 pudor]
490 3097 636 3147 Notandum
652 3096 728 3160 illud,
747 3096 768 3147 0
784 3097 887 3162 pudor3
913 3097 973 3146 hino
991 3096 1059 3146 enim
1076 3094 1181 3148 defendi
1198 3094 1277 3146 debet
1296 3114 1334 3148 re

206 3170 281 3230 septa
298 3166 375 3216 leutio
393 3165 461 3232 apud
479 3165 597 3215 Ovidium
614 3165 699 3230 Epist
709 3164 845 3214 Deianirae
863 3164 933 3227 [Her.
944 3162 999 3226 lX.]
1012 3181 1075 3213 vers.
1087 3167 1142 3226 111,
1161 3165 1191 3214 de
1209 3165 1335 3225 Hercule,

205 3248 264 3283 eum
281 3234 349 3298 apud
367 3234 516 3298 Omphalam
533 3233 666 3296 desideret,
684 3237 710 3282 et
726 3232 829 3283 leonina
845 3231 912 3297 pelle
928 3231 1001 3281 illam
1018 3232 1147 3282 indueret:
1173 3232 1212 3293 „0
1228 3234 1337 3296 pudor!

206 3302 305 3351 hirsuti
322 3300 400 3351 oostia
418 3307 499 3351 enecta
519 3300 609 3366 leonte,
628 3302 731 3367 Aspera
749 3305 876 3351 tenerent
889 3301 988 3350 vellera
1005 3300 1084 3350 molle
1101 3300 1199 3350 lutus.“
1217 3299 1334 3366 ubiper·

205 3382 293 3432 peram
304 3367 536 3432 praestantissimus
548 3369 671 3419 Heinsius
690 3384 720 3418 ex
737 3368 854 3434 pauculis
871 3366 1002 3418 codioibus
1019 3368 1135 3433 reposuit
1153 3369 1205 3418 Pro
1220 3370 1335 3434 pudor!

205 3433 297 3484 deinde
315 3435 395 3485 multo
413 3435 541 3485 infelicius
560 3441 646 3487 costae
662 3436 744 3486 edidit
760 3452 790 3486 ex
808 3437 884 3486 nnieo
900 3436 977 3496 libro;
994 3436 1120 3501 eleganti,
1135 3440 1165 3485 nt
1181 3436 1226 3498 eit,
1245 3435 1333 3488 Grae·

206 3504 294 3552 eremo.
317 3501 392 3552 Dolet
408 3503 490 3552 virum
507 3503 634 3568 insignem
651 3502 715 3555 alibi
731 3504 773 3554 hio
785 3509 893 3554 mentem
903 3503 1029 3555 habuisse.
1054 3502 1194 3554 Certeoum
1201 3503 1334 3569 Virgilius

204 3568 272 3620 dixit
288 3569 350 3619 Aen.
366 3569 409 3618 IV.
422 3571 480 3622 517.
515 3569 619 3634 „Unum
637 3576 716 3623 exuta
733 3572 821 3636 pedem
838 3571 958 3633 sinelis“,
975 3576 1051 3622 exuta
1068 3572 1156 3637 pedem
1172 3587 1250 3622 suum
1268 3572 1334 3623 sub·

205 3636 387 3702 intelligimns3
402 3642 478 3701 atque
490 3638 529 3687 ita
535 3639 563 3688 in
572 3640 689 3690 omnibus
698 3640 850 3706 ubicumque
859 3640 999 3690 Graecismi
1007 3640 1084 3690 huius
1092 3640 1221 3704 exemplis.
1240 3641 1334 3691 Potes-

204 3722 236 3758 ne
254 3705 335 3770 igitur
351 3705 447 3767 disere,
466 3705 564 3756 uellera
581 3714 664 3757 senta
681 3713 767 3758 eostur
784 3709 861 3758 suasi
878 3724 912 3758 an
929 3707 1022 3758 vellera
1038 3712 1120 3758 eostas
1137 3708 1249 3759 habent?
1278 3709 1332 3761 Sed

203 3774 251 3825 hoo
269 3773 359 3825 obiter.
387 3772 502 3823 Valerius
511 3774 617 3824 Flaeeus
625 3775 697 3837 VIII,
707 3776 764 3828 269.
788 3776 889 3840 „nobie
905 3776 926 3826 0
934 3777 1031 3842 pudor,
1050 3780 1077 3826 et
1084 3790 1175 3826 muros
1188 3781 1215 3826 et
1225 3781 1332 3828 stantia

204 3847 273 3894 tecta
290 3841 424 3906 reliquit.“
458 3841 500 3890 Ita
516 3840 597 3891 edidit
614 3847 639 3892 et
655 3844 711 3909 ipse
727 3843 864 3896 Heinsius:
884 3860 965 3908 noque
982 3844 1083 3894 variant
1099 3843 1206 3894 codices.

272 3912 313 3961 43.
338 3909 363 3960 A
380 3924 408 3959 ee
425 3911 573 3971 remouere]
608 3910 634 3959 A
650 3926 678 3960 se
694 3912 790 3961 habent
807 3913 960 3963 recentiores
984 3917 1010 3962 et
1031 3911 1129 3962 codices
1147 3915 1173 3961 et
1190 3911 1327 3962 editiones.

203 3978 237 4027 et
259 3977 357 4028 Veneta
371 3976 499 4042 princeps,
523 3981 549 4027 et
565 3977 723 4029 membranae
749 3979 873 4040 meliores,
887 3981 1051 4041 Graeviause,
1077 3978 1221 4041 Leidensis‚
1248 3980 1328 4045 Regi·

203 4045 302 4108 nensis,
320 4045 538 4163 }u¹i⁰hen1¹,i³n⁸⁰’
557 4041 715 4097 Battelianae
732 4063 789 4098 eum
808 4048 866 4098 eliis
883 4049 990 4110 nostris3
1015 4047 1088 4098 erede
1111 4052 1137 4098 et
1153 4047 1243 4098 multis
1261 4048 1328 4098 alio·

202 4128 274 4171 rum;
298 4129 314 4163 a
358 4130 399 4163 re.
455 4118 515 4162 este.
968 4148 970 4154 ι

271 4182 311 4232 51.
329 4181 448 4232 Dimeur't
459 4181 591 4232 obstantes
598 4183 774 4247 propinquos]
795 4180 934 4234 Loseherus
952 4183 1041 4246 edidit,
1059 4183 1189 4234 obstantes
1209 4185 1326 4245 amieos3
