2834 4758
189 255 251 317 ato
427 246 431 251 '
576 270 608 329 q.
630 269 772 317 nonaum
792 270 917 318 nascer

273 404 450 467 Demoreat
471 403 568 479 lucro,
591 423 649 468 nec
670 403 783 480 hiems,
805 402 900 485 ignis,
923 423 1021 480 mare,
1044 404 1173 482 ferrum,

231 500 262 548 to
275 487 330 552 Nil
352 487 457 553 obstet
478 489 545 564 tibi,
568 489 645 552 dum
666 508 707 553 ne
729 487 772 554 sit
792 496 824 553 te
845 488 942 553 ditior
962 490 1053 554 alter.

275 570 360 649 Quid
381 571 471 638 iurat
492 573 669 638 inmensum
694 580 726 637 te
747 573 874 654 argenti
896 573 1022 659 pondus
1044 580 1077 639 et
1098 575 1168 639 auri

274 657 396 721 Furtim
419 658 550 723 defossa
571 657 718 722 timidum
740 658 900 743 deponere
922 662 1030 724 terra?

272 741 376 820 Quod,
399 742 428 807 si
449 741 646 821 conmiuuas‚
667 742 763 808 rilem
786 743 952 823 redigatur
972 744 1016 808 ad
1036 763 1159 809 assem:

274 828 325 903 nt,
347 825 381 890 ni
401 827 436 891 id
457 827 502 904 fit,
525 828 603 909 quid
623 827 721 892 habet
742 827 866 912 pulchri
889 834 1088 894 constructus
1110 832 1276 895 acervus?

229 924 260 972 45
276 910 376 975 llillia
397 912 548 976 frumenti
570 918 627 976 tua
649 913 771 978 triverit
792 932 869 978 area
891 921 1033 978 centum:

275 997 345 1059 Non
366 1003 442 1062 tuus
463 997 523 1062 hoc
545 998 651 1082 capiet
671 1003 782 1063 venter
803 998 878 1082 plus
899 1018 938 1063 ac
959 1016 1065 1062 meus:
1089 1003 1126 1063 ut
1147 998 1176 1064 si

272 1080 451 1146 Reticulum
474 1081 568 1168 panis
590 1082 713 1147 venalis
734 1083 817 1147 inter
839 1090 954 1148 onusto

271 1167 368 1230 Forte
389 1166 489 1233 vehas
509 1166 642 1233 humero
649 1190 658 1245 ;
679 1167 778 1232 nihilo
800 1168 875 1265 plus
897 1166 1037 1252 accipias
1058 1184 1162 1249 quam·

273 1251 335 1329 Qui
357 1251 403 1314 nil
425 1252 567 1337 portarit.
604 1252 655 1317 vel
677 1252 738 1328 dic,
762 1253 840 1334 qurd
861 1253 979 1317 referat
1001 1251 1086 1318 intra

228 1348 259 1396 ao
274 1336 415 1400 Naturae
436 1336 509 1403 finis
531 1336 659 1414 viventi,
681 1336 796 1418 iugera
818 1343 945 1402 centum
968 1357 1009 1400 an

271 1419 358 1484 Mille
379 1425 470 1486 aret?
505 1422 548 1487 nt
569 1442 669 1487 suave
691 1427 741 1487 est
763 1442 803 1487 ex
824 1442 943 1502 magno
965 1422 1077 1486 tollere
1098 1438 1224 1484 acervo.

271 1506 357 1568 Dum
379 1524 419 1570 ex
440 1526 539 1590 parvo
561 1507 653 1573 nobis
676 1506 863 1571 tantundem
885 1506 1013 1571 haurire
1036 1505 1209 1587 relinquas,

271 1588 337 1653 Cur
357 1596 413 1655 tua
435 1592 510 1674 plus
531 1592 645 1656 laudes
667 1591 804 1656 cumeris
826 1591 979 1672 granaria
1001 1590 1142 1655 nostris?

272 1673 324 1753 Ut,
347 1674 405 1738 tibi
427 1676 455 1740 si
477 1674 519 1741 sit
540 1696 622 1761 opus
644 1675 758 1758 liquidi
778 1695 843 1740 non
865 1676 1004 1762 amplius
1027 1695 1116 1748 urna,

373 1826 396 1861 r.
414 1812 454 1863 39.
480 1810 556 1876 Vulg.
574 1808 667 1875 Neque
683 1810 771 1862 hiems.
806 1813 847 1863 46.
866 1808 927 1860 Plus
945 1825 1025 1875 quam
1042 1825 1120 1859 meus.

185 1966 237 2023 est,
263 1960 326 2013 lolio
345 1967 370 2012 et
388 1962 472 2013 adore
489 1962 613 2012 vilissimo
630 1962 688 2012 cibo
705 1963 834 2028 patienter
851 1962 1025 2021 victitantem
1050 1960 1152 2011 cumin
1170 1960 1233 2010 urbe
1252 1975 1316 2010 sua-

184 2030 295 2078 rissimis
313 2029 416 2080 ferculis
434 2037 460 2080 et
476 2029 591 2080 bellariis
615 2036 686 2080 satur
710 2030 824 2094 quotidie
850 2045 902 2079 esse
927 2031 1016 2094 possit
1051 2031 1093 2078 Ita
1109 2028 1195 2092 Epist.
1214 2029 1241 2088 Ι,
1271 2031 1315 2079 17.

184 2113 208 2145 v.
228 2098 266 2148 13.
301 2097 351 2162 „St
365 2098 513 2164 pranderet
530 2098 588 2148 olus
604 2099 746 2162 patienter,
771 2099 879 2161 regibus
897 2101 939 2147 uti
955 2096 1048 2148 Nollet
1064 2095 1314 2161 Aristippru‘⁴:‘id

185 2170 238 2228 ost,
263 2166 285 2213 si
304 2166 396 2216 vilibus
414 2167 502 2217 herbis
520 2169 651 2216 startias
669 2167 797 2231 patienter
816 2165 882 2215 vesci
903 2171 1003 2229 posset;
1027 2181 1079 2214 non
1103 2179 1202 2214 mensas
1226 2164 1314 2229 regias

184 2238 336 2296 sectaretur,
360 2234 494 2284 mullorum
517 2239 542 2283 et
559 2233 721 2283 rhomborum
739 2234 827 2283 nidore
845 2237 948 2283 tractus.
984 2234 1054 2297 Ergo
1071 2233 1133 2281 haec
1151 2231 1253 2281 demum
1272 2248 1314 2282 se·

184 2300 295 2349 cundum
312 2302 381 2366 ipsos
401 2303 527 2352 exorietur
544 2302 685 2352 sententia:
714 2301 800 2351 Arari
823 2307 849 2351 et
865 2299 997 2361 formicae
1014 2301 1120 2350 diuersa
1138 2299 1219 2363 laage
1237 2304 1313 2353 rtatr'o

184 2373 238 2417 est:
265 2370 330 2419 daec
354 2373 424 2420 euim
448 2372 575 2435 quaesitas
598 2370 698 2433 patiens
716 2372 819 2431 utitur·;
846 2368 964 2433 dacaeque
981 2373 1007 2418 et
1029 2370 1124 2419 misere
1149 2383 1182 2417 aa
1199 2367 1314 2418 sordide

184 2439 310 2486 victitans
330 2453 382 2501 per·
405 2443 488 2488 totam
511 2440 621 2487 hiemem
644 2439 691 2487 sub
717 2442 789 2487 terra
814 2439 919 2487 latitat:
950 2435 996 2485 r'lfe
1020 2435 1181 2500 quaerendis
1203 2451 1312 2500 semper·

183 2504 279 2566 inhiat,
298 2521 383 2569 aeque
402 2511 489 2555 tornea
506 2521 556 2570 pro
574 2511 700 2570 quaestus
717 2507 823 2554 rutr‘oae
840 2508 956 2553 sumtum
974 2506 1003 2553 ia
1020 2520 1048 2552 se
1060 2504 1145 2565 lacit,·
1163 2503 1211 2553 sed
1228 2519 1314 2568 quae-

183 2574 242 2621 rr‘tr's
260 2575 340 2622 miser·
357 2575 484 2634 abstinet,
510 2578 536 2622 et
552 2576 594 2622 utr'
612 2576 692 2623 timet
720 2572 791 2621 Bella
808 2587 867 2621 vero
891 2572 1042 2634 antithesis,
1067 2587 1182 2635 quaeque
1207 2572 1312 2635 magnis

184 2639 245 2688 viris
263 2656 309 2688 suo
327 2640 417 2689 merito
436 2640 544 2704 placeat.
580 2640 648 2689 lllud
665 2657 724 2690 vero
741 2656 787 2704 per
810 2655 836 2688 se
855 2639 929 2703 quale
947 2643 998 2700 est,
1027 2650 1122 2688 acerno
1141 2640 1228 2699 farris
1247 2654 1313 2688 corr·

182 2711 299 2769 structo,
322 2710 428 2771 patiens
446 2711 533 2758 retitur·
551 2710 695 2771 quaesitis?
721 2722 867 2772 quemnam,
891 2706 994 2767 amabo,
1020 2705 1105 2756 cibum
1130 2706 1210 2756 alium
1234 2706 1314 2766 sarri

183 2773 333 2839 praetulerit
351 2774 474 2823 formica?
505 2773 594 2830 Qualis
612 2790 672 2839 ergo
696 2791 726 2824 ea
748 2778 879 2840 patientia
904 2778 955 2834 est3
983 2774 1007 2823 si
1030 2779 1056 2822 et
1080 2773 1137 2823 cibo
1161 2773 1311 2836 gratissimo

183 2841 300 2901 rescitur,
319 2846 344 2890 et
361 2842 391 2891 de
409 2858 500 2906 magno
518 2858 607 2891 acervo
625 2844 680 2892 sine
697 2843 854 2906 parsimonia
871 2842 953 2902 tollit,
972 2846 998 2891 et
1015 2842 1108 2906 pingui
1125 2843 1179 2890 otio
1197 2842 1254 2891 sine
1273 2841 1312 2894 la·

182 2908 243 2957 bore
260 2908 419 2974 perfruitur?
439 2909 507 2965 Quid
521 2911 589 2974 quod
599 2926 725 2974 nusquam
743 2911 805 2960 satis
823 2915 881 2974 apte
899 2909 1003 2969 dixeris,
1021 2910 1157 2958 Patieater·
1175 2911 1218 2958 uti
1226 2925 1311 2973 quae-

182 2977 259 3026 sitr'sl
280 2975 324 3029 [lu
341 2978 416 3040 enirn,
436 2982 463 3028 ut
482 2978 598 3038 vidimus,
617 2979 701 3043 ipsum
719 2994 764 3042 per
781 2994 807 3028 se
826 2977 926 3043 geniale
941 2976 1004 3041 quid
1017 2976 1160 3040 siguificat:
1178 2979 1312 3040 patientie

182 3049 267 3095 autem
286 3049 324 3095 est
341 3062 425 3096 carere
443 3046 529 3111 potius
547 3051 572 3095 et
589 3046 723 3108 abstinere,
741 3061 817 3109 quam
837 3045 882 3094 uti.
918 3045 996 3094 Recte
1014 3060 1074 3107 ergo
1091 3060 1117 3093 se
1134 3043 1212 3093 habet
1230 3044 1310 3094 Lam·

182 3113 238 3162 bini
256 3114 340 3175 lectio,
359 3113 440 3179 „Noa
456 3130 569 3179 usquam
586 3117 716 3179 prorepit,
734 3119 759 3162 et
777 3113 832 3162 illis
850 3113 931 3161 utitur
950 3117 1012 3162 arete
1025 3112 1158 3173 Quaesitis
1171 3110 1309 3175 sapiens“;

183 3180 244 3241 illa,
263 3183 361 3246 inquit,
379 3185 485 3248 sapiens
503 3184 629 3247 quaesitis
647 3181 713 3231 laete
732 3182 856 3245 lauteque
873 3180 993 3242 fruitur,
1021 3185 1050 3229 tu
1068 3181 1149 3228 miser
1166 3185 1193 3229 et
1208 3180 1311 3229 stultus

180 3254 293 3312 gustare
311 3256 337 3299 et
354 3255 464 3315 tangere
482 3256 528 3300 tua
547 3264 601 3299 aaa
619 3249 708 3299 audes.
743 3252 825 3313 Atque
843 3248 908 3296 hauc
933 3247 1012 3296 solarn
1030 3247 1147 3310 agnoscit
1164 3247 1310 3312 Porphyrio

182 3316 349 3366 scholiastes:
377 3334 458 3381 neque
476 3316 550 3367 aliter
568 3333 653 3367 omnes
671 3317 723 3366 fere
741 3316 841 3366 codices
859 3314 945 3380 paullo
969 3315 1133 3376 vetustiores,
1157 3317 1188 3363 ut
1204 3318 1310 3379 praeter

182 3382 302 3432 Lambini
330 3384 429 3448 aliquot
452 3389 477 3434 et
503 3384 645 3447 Torrentii,
679 3384 821 3448 Cruquiani
846 3398 948 3442 omnes;
981 3387 1007 3432 et
1033 3398 1063 3431 ex
1089 3382 1185 3432 nostris
1213 3382 1308 3446 optimi

181 3450 330 3509 Lersensis,
356 3453 525 3514 Graerienus,
553 3456 578 3501 et
595 3452 746 3517 Reginensis
771 3468 786 3501 a
809 3450 919 3500 secunda
943 3450 986 3500 sed
1011 3450 1117 3513 antiqua
1134 3465 1225 3512 mauu,
1250 3465 1309 3499 curn

182 3518 281 3582 aliquot
298 3518 364 3570 aliis.

250 3589 291 3637 46.
326 3584 389 3637 Non
408 3592 468 3637 tuus
485 3588 535 3637 hoc
553 3589 653 3652 cupiet,
678 3591 770 3636 uenter·
792 3585 952 3650 plusquam
977 3587 1059 3647 meus]
1094 3584 1231 3634 Editioues
1249 3585 1307 3648 qui·

181 3655 238 3705 dem
264 3657 361 3705 reteres
385 3655 447 3721 plus
471 3670 551 3720 quarn
573 3670 646 3705 meus
669 3655 697 3703 iu
722 3658 854 3717 sequentes
881 3657 1070 3718 propagarunt:
1098 3652 1175 3715 idque
1202 3651 1308 3703 silentio

182 3723 377 3773 transmiserunt
398 3725 550 3788 interpretes
574 3738 673 3782 omnes;
701 3726 806 3786 excepto
824 3723 993 3784 Bersmauno,
1018 3721 1063 3783 qui
1086 3735 1117 3769 ex
1135 3718 1233 3769 duobus
1252 3720 1306 3770 suis

178 3792 242 3856 plus
259 3807 292 3842 ac
309 3808 382 3841 meur
399 3791 515 3855 protulit.
550 3791 608 3855 Ego
626 3806 683 3839 vero
702 3790 729 3839 in
747 3789 902 3853 Graevieno,
928 3788 1082 3852 Reginensi,
1107 3791 1133 3838 et
1156 3791 1214 3836 octo
1233 3803 1307 3852 prae·

181 3866 250 3909 terea
267 3859 325 3909 aliis
343 3860 447 3910 eandem
463 3858 599 3909 lectionem
618 3857 707 3922 reperi,
727 3872 806 3921 quam
824 3860 909 3906 autem
926 3856 953 3905 iu
972 3855 1071 3905 duobus
1088 3859 1202 3916 tentum,
1221 3855 1305 3920 iisque

181 3933 256 3976 notae
280 3928 419 3992 sequioris:
447 3932 477 3977 ut
501 3926 560 3977 inde
585 3926 615 3975 de
638 3925 746 3974 aliorum
765 3923 896 3974 codicibus
914 3924 1087 3973 coniecturam
1104 3938 1194 3988 capere
1212 3924 1304 3987 possis.

181 3995 332 4045 Revocanda
350 3996 431 4059 igitur
449 3995 649 4045 membranarum
667 3993 808 4057 scriptura,
836 3990 917 4056 „Non
944 3997 1005 4041 tuus
1029 3992 1078 4040 hoc
1102 3994 1191 4056 capiet
1213 3996 1306 4040 uenter·

178 4061 256 4126 plus,
279 4078 308 4111 ec
326 4067 424 4112 meus.“
459 4063 521 4112 Plus
539 4077 576 4123 ac,
594 4064 682 4110 miuus
700 4075 746 4122 ac,
770 4059 850 4110 aliter
873 4075 905 4110 ac
923 4063 971 4110 etc.
989 4058 1137 4108 notissimae
1154 4058 1305 4110 locutiones.

182 4129 260 4180 Serm.
279 4130 319 4189 II,
345 4132 368 4181 3.
393 4147 416 4182 r.
435 4131 491 4182 nto.
520 4129 621 4191 „ar'br'ta
644 4129 703 4193 plus
727 4127 856 4192 auplicet,
886 4143 914 4177 ac
939 4129 963 4176 sr'
987 4127 1111 4177 Iasauire
1133 4131 1213 4191 paret
1232 4131 1304 4175 certa

181 4199 286 4246 ratione
303 4196 459 4261 modoque.“
494 4196 553 4246 ideo
578 4200 662 4245 autem
686 4196 733 4245 hoc
758 4196 785 4244 in
803 4196 859 4246 loco
878 4210 910 4245 ac
927 4194 1017 4244 maluit
1035 4197 1135 4258 auctor,
1163 4194 1223 4258 quia
1247 4209 1305 4243 mox
