<?xml version="1.0" encoding="UTF-8"?>
<!DOCTYPE html PUBLIC "-//W3C//DTD XHTML 1.0 Transitional//EN"
    "http://www.w3.org/TR/xhtml1/DTD/xhtml1-transitional.dtd">
<html xmlns="http://www.w3.org/1999/xhtml" xml:lang="en" lang="en">
 <head>
  <title>
</title>
<meta http-equiv="Content-Type" content="text/html;charset=utf-8" />
  <meta name='ocr-system' content='tesseract 3.04.00' />
  <meta name='ocr-capabilities' content='ocr_page ocr_carea ocr_par ocr_line ocrx_word'/>
</head>
<body>
  <div class='ocr_page' id='page_1' title='image "./qhoratiusflaccu02bentgoog_0360.png"; bbox 0 0 2840 4752; ppageno 0'>
   <div class='ocr_carea' id='block_1_1' title="bbox 434 224 1187 287">
    <p class='ocr_par' dir='ltr' id='par_1_1' title="bbox 434 224 1187 287">
     <span class='ocr_line' id='line_1_1' title="bbox 434 224 1187 287; baseline -0.001 -2"><span class='ocrx_word' id='word_1_1' title='bbox 434 237 619 287; x_wconf 73' lang='lat' dir='ltr'>sannorum</span> <span class='ocrx_word' id='word_1_2' title='bbox 638 239 705 285; x_wconf 81' lang='lat' dir='ltr'>nm.</span> <span class='ocrx_word' id='word_1_3' title='bbox 726 239 761 284; x_wconf 89' lang='lat' dir='ltr'>u.</span> <span class='ocrx_word' id='word_1_4' title='bbox 785 233 808 283; x_wconf 84' lang='lat' dir='ltr'>e.</span> <span class='ocrx_word' id='word_1_5' title='bbox 832 235 853 284; x_wconf 80' lang='lat' dir='ltr'>r.</span> <span class='ocrx_word' id='word_1_6' title='bbox 1125 224 1187 287; x_wconf 86' lang='grc'>477</span> 
     </span>
    </p>
   </div>
   <div class='ocr_carea' id='block_1_2' title="bbox 62 370 1095 882">
    <p class='ocr_par' dir='ltr' id='par_1_2' title="bbox 130 370 1095 712">
     <span class='ocr_line' id='line_1_2' title="bbox 135 370 1083 456; baseline 0.001 -19"><span class='ocrx_word' id='word_1_7' title='bbox 135 370 229 437; x_wconf 86' lang='lat' dir='ltr'>Adde</span> <span class='ocrx_word' id='word_1_8' title='bbox 252 377 401 456; x_wconf 80' lang='lat' dir='ltr'>poemata</span> <span class='ocrx_word' id='word_1_9' title='bbox 421 391 521 448; x_wconf 88' lang='lat' dir='ltr'>nuuc;</span> <span class='ocrx_word' id='word_1_10' title='bbox 550 372 609 437; x_wconf 89' lang='lat' dir='ltr'>hoc</span> <span class='ocrx_word' id='word_1_11' title='bbox 631 379 690 449; x_wconf 87' lang='lat' dir='ltr'>est,</span> <span class='ocrx_word' id='word_1_12' title='bbox 712 373 817 437; x_wconf 91' lang='lat' dir='ltr'>oleum</span> <span class='ocrx_word' id='word_1_13' title='bbox 839 371 923 437; x_wconf 89' lang='lat' dir='ltr'>adde</span> <span class='ocrx_word' id='word_1_14' title='bbox 945 373 1083 451; x_wconf 82' lang='lat' dir='ltr'>camin03</span> 
     </span>
     <span class='ocr_line' id='line_1_3' title="bbox 135 456 942 540; baseline 0 -19"><span class='ocrx_word' id='word_1_15' title='bbox 135 457 227 534; x_wconf 74' lang='lat' dir='ltr'>Quae</span> <span class='ocrx_word' id='word_1_16' title='bbox 251 456 278 522; x_wconf 92' lang='lat' dir='ltr'>si</span> <span class='ocrx_word' id='word_1_17' title='bbox 300 457 373 540; x_wconf 90' lang='lat' dir='ltr'>quis</span> <span class='ocrx_word' id='word_1_18' title='bbox 395 477 493 522; x_wconf 90' lang='lat' dir='ltr'>sanus</span> <span class='ocrx_word' id='word_1_19' title='bbox 516 457 600 535; x_wconf 85' lang='lat' dir='ltr'>feeit,</span> <span class='ocrx_word' id='word_1_20' title='bbox 624 478 721 522; x_wconf 88' lang='lat' dir='ltr'>sanus</span> <span class='ocrx_word' id='word_1_21' title='bbox 744 458 823 522; x_wconf 86' lang='lat' dir='ltr'>facis</span> <span class='ocrx_word' id='word_1_22' title='bbox 846 463 877 521; x_wconf 90' lang='lat' dir='ltr'>et</span> <span class='ocrx_word' id='word_1_23' title='bbox 897 464 942 522; x_wconf 90' lang='lat' dir='ltr'>tu.</span> 
     </span>
     <span class='ocr_line' id='line_1_4' title="bbox 134 541 1095 608; baseline 0.001 -2"><span class='ocrx_word' id='word_1_24' title='bbox 134 544 207 606; x_wconf 89' lang='lat' dir='ltr'>Non</span> <span class='ocrx_word' id='word_1_25' title='bbox 231 541 301 606; x_wconf 90' lang='lat' dir='ltr'>dico</span> <span class='ocrx_word' id='word_1_26' title='bbox 323 542 513 608; x_wconf 82' lang='lat' dir='ltr'><strong>horrendam</strong></span> <span class='ocrx_word' id='word_1_27' title='bbox 537 542 667 607; x_wconf 85' lang='lat' dir='ltr'>rabiem.</span> <span class='ocrx_word' id='word_1_28' title='bbox 712 544 778 606; x_wconf 91' lang='lat' dir='ltr'>Iam</span> <span class='ocrx_word' id='word_1_29' title='bbox 802 544 922 608; x_wconf 89' lang='lat' dir='ltr'>desine.</span> <span class='ocrx_word' id='word_1_30' title='bbox 967 541 1095 608; x_wconf 77' lang='lat' dir='ltr'>Cultum</span> 
     </span>
     <span class='ocr_line' id='line_1_5' title="bbox 130 627 976 712; baseline 0 -21"><span class='ocrx_word' id='word_1_31' title='bbox 130 628 286 709; x_wconf 30' lang='lat' dir='ltr'>,Maiorem</span> <span class='ocrx_word' id='word_1_32' title='bbox 309 647 416 692; x_wconf 86' lang='lat' dir='ltr'>censu.</span> <span class='ocrx_word' id='word_1_33' title='bbox 461 630 596 701; x_wconf 82' lang='lat' dir='ltr'>Teneas,</span> <span class='ocrx_word' id='word_1_34' title='bbox 618 628 826 712; x_wconf 86' lang='lat' dir='ltr'>Damasippe‚</span> <span class='ocrx_word' id='word_1_35' title='bbox 850 627 913 692; x_wconf 90' lang='lat' dir='ltr'>tuis</span> <span class='ocrx_word' id='word_1_36' title='bbox 935 634 976 692; x_wconf 90' lang='lat' dir='ltr'>te.</span> 
     </span>
    </p>

    <p class='ocr_par' dir='ltr' id='par_1_3' title="bbox 62 712 892 882">
     <span class='ocr_line' id='line_1_6' title="bbox 62 712 892 798; baseline 0.006 -25"><span class='ocrx_word' id='word_1_37' title='bbox 62 723 114 773; x_wconf 81' lang='lat'>325</span> <span class='ocrx_word' id='word_1_38' title='bbox 137 712 225 776; x_wconf 88' lang='lat' dir='ltr'>Mille</span> <span class='ocrx_word' id='word_1_39' title='bbox 247 712 435 797; x_wconf 80' lang='lat' dir='ltr'>puellarum,</span> <span class='ocrx_word' id='word_1_40' title='bbox 459 732 627 798; x_wconf 88' lang='lat' dir='ltr'>puerorum</span> <span class='ocrx_word' id='word_1_41' title='bbox 651 712 736 777; x_wconf 87' lang='lat' dir='ltr'>mille</span> <span class='ocrx_word' id='word_1_42' title='bbox 760 716 892 778; x_wconf 83' lang='lat' dir='ltr'>furores.</span> 
     </span>
     <span class='ocr_line' id='line_1_7' title="bbox 136 797 853 882; baseline -0.001 -19"><span class='ocrx_word' id='word_1_43' title='bbox 136 797 164 863; x_wconf 89' lang='grc' dir='ltr'>Ο</span> <span class='ocrx_word' id='word_1_44' title='bbox 187 798 288 861; x_wconf 88' lang='lat' dir='ltr'>maior</span> <span class='ocrx_word' id='word_1_45' title='bbox 310 797 437 862; x_wconf 90' lang='lat' dir='ltr'>tandem</span> <span class='ocrx_word' id='word_1_46' title='bbox 460 817 575 882; x_wconf 89' lang='lat' dir='ltr'>parcas</span> <span class='ocrx_word' id='word_1_47' title='bbox 597 797 709 863; x_wconf 87' lang='lat' dir='ltr'>insane</span> <span class='ocrx_word' id='word_1_48' title='bbox 731 798 853 863; x_wconf 90' lang='lat' dir='ltr'>minori.</span> 
     </span>
    </p>
   </div>
   <div class='ocr_carea' id='block_1_3' title="bbox 461 1000 792 1068">
    <p class='ocr_par' dir='ltr' id='par_1_4' title="bbox 461 1000 792 1068">
     <span class='ocr_line' id='line_1_8' title="bbox 461 1000 792 1068; baseline 0 -4"><span class='ocrx_word' id='word_1_49' title='bbox 461 1000 703 1068; x_wconf 83' lang='lat' dir='ltr'><strong>ECLOGA</strong></span> <span class='ocrx_word' id='word_1_50' title='bbox 739 1002 792 1065; x_wconf 78' lang='lat' dir='ltr'>lv.</span> 
     </span>
    </p>
   </div>
   <div class='ocr_carea' id='block_1_4' title="bbox 105 1133 1092 1647">
    <p class='ocr_par' dir='ltr' id='par_1_5' title="bbox 135 1133 1081 1220">
     <span class='ocr_line' id='line_1_9' title="bbox 135 1133 1081 1220; baseline 0 -21"><span class='ocrx_word' id='word_1_51' title='bbox 135 1133 239 1211; x_wconf 84' lang='lat' dir='ltr'>Unde,</span> <span class='ocrx_word' id='word_1_52' title='bbox 262 1141 294 1198; x_wconf 93' lang='lat' dir='ltr'>et</span> <span class='ocrx_word' id='word_1_53' title='bbox 315 1154 378 1218; x_wconf 94' lang='lat' dir='ltr'>quo</span> <span class='ocrx_word' id='word_1_54' title='bbox 402 1133 535 1201; x_wconf 77' lang='lat' dir='ltr'>Catius?</span> <span class='ocrx_word' id='word_1_55' title='bbox 561 1135 633 1200; x_wconf 89' lang='lat' dir='ltr'>Non</span> <span class='ocrx_word' id='word_1_56' title='bbox 656 1144 705 1201; x_wconf 90' lang='lat' dir='ltr'>est</span> <span class='ocrx_word' id='word_1_57' title='bbox 726 1135 803 1200; x_wconf 88' lang='lat' dir='ltr'>mihi</span> <span class='ocrx_word' id='word_1_58' title='bbox 826 1143 952 1220; x_wconf 91' lang='lat' dir='ltr'>tempus</span> <span class='ocrx_word' id='word_1_59' title='bbox 974 1136 1081 1202; x_wconf 81' lang='lat' dir='ltr'>aventi</span> 
     </span>
    </p>

    <p class='ocr_par' dir='ltr' id='par_1_6' title="bbox 135 1218 986 1306">
     <span class='ocr_line' id='line_1_10' title="bbox 135 1218 986 1306; baseline 0.005 -25"><span class='ocrx_word' id='word_1_60' title='bbox 135 1218 259 1284; x_wconf 83' lang='lat' dir='ltr'>Ponere</span> <span class='ocrx_word' id='word_1_61' title='bbox 281 1218 375 1301; x_wconf 81' lang='lat' dir='ltr'>signa</span> <span class='ocrx_word' id='word_1_62' title='bbox 396 1220 486 1286; x_wconf 86' lang='lat' dir='ltr'>novis</span> <span class='ocrx_word' id='word_1_63' title='bbox 508 1222 705 1306; x_wconf 85' lang='lat' dir='ltr'>praeceptis;</span> <span class='ocrx_word' id='word_1_64' title='bbox 728 1220 837 1303; x_wconf 90' lang='lat' dir='ltr'>qualia</span> <span class='ocrx_word' id='word_1_65' title='bbox 858 1221 986 1286; x_wconf 87' lang='lat' dir='ltr'>vincant</span> 
     </span>
    </p>

    <p class='ocr_par' dir='ltr' id='par_1_7' title="bbox 135 1303 1035 1390">
     <span class='ocr_line' id='line_1_11' title="bbox 135 1303 1035 1390; baseline 0.002 -23"><span class='ocrx_word' id='word_1_66' title='bbox 135 1303 352 1387; x_wconf 79' lang='lat' dir='ltr'>Pythagoran,</span> <span class='ocrx_word' id='word_1_67' title='bbox 374 1304 535 1390; x_wconf 86' lang='lat' dir='ltr'><strong>Anytique</strong></span> <span class='ocrx_word' id='word_1_68' title='bbox 557 1326 656 1383; x_wconf 90' lang='lat' dir='ltr'>reum,</span> <span class='ocrx_word' id='word_1_69' title='bbox 680 1307 871 1388; x_wconf 86' lang='lat' dir='ltr'>doctumque</span> <span class='ocrx_word' id='word_1_70' title='bbox 892 1306 1035 1372; x_wconf 81' lang='lat' dir='ltr'>Platona.</span> 
     </span>
    </p>

    <p class='ocr_par' dir='ltr' id='par_1_8' title="bbox 105 1390 932 1561">
     <span class='ocr_line' id='line_1_12' title="bbox 135 1390 932 1477; baseline 0.005 -24"><span class='ocrx_word' id='word_1_71' title='bbox 135 1390 306 1454; x_wconf 78' lang='lat' dir='ltr'>Peccatum</span> <span class='ocrx_word' id='word_1_72' title='bbox 327 1390 439 1468; x_wconf 83' lang='lat' dir='ltr'>fateor,</span> <span class='ocrx_word' id='word_1_73' title='bbox 462 1411 533 1456; x_wconf 90' lang='lat' dir='ltr'>oum</span> <span class='ocrx_word' id='word_1_74' title='bbox 556 1397 588 1456; x_wconf 88' lang='lat' dir='ltr'>te</span> <span class='ocrx_word' id='word_1_75' title='bbox 610 1390 656 1455; x_wconf 92' lang='lat' dir='ltr'>sic</span> <span class='ocrx_word' id='word_1_76' title='bbox 677 1397 819 1477; x_wconf 87' lang='lat' dir='ltr'>tempore</span> <span class='ocrx_word' id='word_1_77' title='bbox 841 1393 932 1457; x_wconf 82' lang='lat' dir='ltr'>laevo</span> 
     </span>
     <span class='ocr_line' id='line_1_13' title="bbox 105 1474 920 1561; baseline 0.006 -25"><span class='ocrx_word' id='word_1_78' title='bbox 105 1474 385 1561; x_wconf 77' lang='lat' dir='ltr'>ainterpellarim:</span> <span class='ocrx_word' id='word_1_79' title='bbox 413 1476 471 1541; x_wconf 91' lang='lat' dir='ltr'>sed</span> <span class='ocrx_word' id='word_1_80' title='bbox 493 1476 550 1541; x_wconf 88' lang='lat' dir='ltr'>des</span> <span class='ocrx_word' id='word_1_81' title='bbox 572 1475 697 1542; x_wconf 89' lang='lat' dir='ltr'>veniam</span> <span class='ocrx_word' id='word_1_82' title='bbox 720 1477 832 1554; x_wconf 87' lang='lat' dir='ltr'>bonus,</span> <span class='ocrx_word' id='word_1_83' title='bbox 856 1497 920 1541; x_wconf 91' lang='lat' dir='ltr'>oro.</span> 
     </span>
    </p>

    <p class='ocr_par' dir='ltr' id='par_1_9' title="bbox 136 1557 1092 1647">
     <span class='ocr_line' id='line_1_14' title="bbox 136 1557 1092 1647; baseline 0.002 -25"><span class='ocrx_word' id='word_1_84' title='bbox 136 1557 231 1636; x_wconf 77' lang='lat' dir='ltr'>Quod</span> <span class='ocrx_word' id='word_1_85' title='bbox 252 1559 280 1625; x_wconf 93' lang='lat' dir='ltr'>si</span> <span class='ocrx_word' id='word_1_86' title='bbox 301 1561 495 1627; x_wconf 89' lang='lat' dir='ltr'>interciderit</span> <span class='ocrx_word' id='word_1_87' title='bbox 517 1561 574 1626; x_wconf 89' lang='lat' dir='ltr'>tibi</span> <span class='ocrx_word' id='word_1_88' title='bbox 595 1581 680 1626; x_wconf 90' lang='lat' dir='ltr'>nunc</span> <span class='ocrx_word' id='word_1_89' title='bbox 701 1561 833 1645; x_wconf 89' lang='lat' dir='ltr'>aliquid,</span> <span class='ocrx_word' id='word_1_90' title='bbox 856 1567 982 1647; x_wconf 83' lang='lat' dir='ltr'>repetes</span> <span class='ocrx_word' id='word_1_91' title='bbox 1003 1579 1092 1625; x_wconf 85' lang='lat' dir='ltr'>mox:</span> 
     </span>
    </p>
   </div>
   <div class='ocr_carea' id='block_1_5' title="bbox 91 1643 1102 1984">
    <p class='ocr_par' dir='ltr' id='par_1_10' title="bbox 137 1643 1022 1902">
     <span class='ocr_line' id='line_1_15' title="bbox 138 1643 1022 1729; baseline 0.001 -20"><span class='ocrx_word' id='word_1_92' title='bbox 138 1643 212 1709; x_wconf 85' lang='lat' dir='ltr'>Sive</span> <span class='ocrx_word' id='word_1_93' title='bbox 235 1652 284 1710; x_wconf 91' lang='lat' dir='ltr'>est</span> <span class='ocrx_word' id='word_1_94' title='bbox 305 1652 440 1712; x_wconf 87' lang='lat' dir='ltr'>naturae</span> <span class='ocrx_word' id='word_1_95' title='bbox 460 1646 530 1722; x_wconf 82' lang='lat' dir='ltr'>hoc,</span> <span class='ocrx_word' id='word_1_96' title='bbox 554 1646 621 1711; x_wconf 86' lang='lat' dir='ltr'>sive</span> <span class='ocrx_word' id='word_1_97' title='bbox 643 1646 731 1723; x_wconf 89' lang='lat' dir='ltr'>artis,</span> <span class='ocrx_word' id='word_1_98' title='bbox 754 1647 854 1713; x_wconf 88' lang='lat' dir='ltr'>miras</span> <span class='ocrx_word' id='word_1_99' title='bbox 878 1655 1022 1729; x_wconf 87' lang='lat' dir='ltr'>utroque.</span> 
     </span>
     <span class='ocr_line' id='line_1_16' title="bbox 137 1728 1012 1817; baseline 0.002 -24"><span class='ocrx_word' id='word_1_100' title='bbox 137 1728 222 1806; x_wconf 76' lang='lat' dir='ltr'>Quin</span> <span class='ocrx_word' id='word_1_101' title='bbox 242 1729 278 1795; x_wconf 92' lang='lat' dir='ltr'>id</span> <span class='ocrx_word' id='word_1_102' title='bbox 299 1739 368 1797; x_wconf 87' lang='lat' dir='ltr'>erat</span> <span class='ocrx_word' id='word_1_103' title='bbox 389 1751 496 1807; x_wconf 88' lang='lat' dir='ltr'>curae,</span> <span class='ocrx_word' id='word_1_104' title='bbox 519 1752 583 1813; x_wconf 89' lang='lat' dir='ltr'>quo</span> <span class='ocrx_word' id='word_1_105' title='bbox 604 1738 697 1817; x_wconf 90' lang='lat' dir='ltr'>pacto</span> <span class='ocrx_word' id='word_1_106' title='bbox 721 1739 834 1797; x_wconf 89' lang='lat' dir='ltr'>cuncta</span> <span class='ocrx_word' id='word_1_107' title='bbox 855 1739 1012 1808; x_wconf 81' lang='lat' dir='ltr'>tenerem3</span> 
     </span>
     <span class='ocr_line' id='line_1_17' title="bbox 137 1813 919 1902; baseline 0.004 -23"><span class='ocrx_word' id='word_1_108' title='bbox 137 1813 254 1899; x_wconf 91' lang='lat' dir='ltr'>Utpotc</span> <span class='ocrx_word' id='word_1_109' title='bbox 276 1838 327 1881; x_wconf 92' lang='lat' dir='ltr'>res</span> <span class='ocrx_word' id='word_1_110' title='bbox 349 1816 463 1888; x_wconf 87' lang='lat' dir='ltr'>tenuis,</span> <span class='ocrx_word' id='word_1_111' title='bbox 487 1817 574 1882; x_wconf 88' lang='lat' dir='ltr'>tenui</span> <span class='ocrx_word' id='word_1_112' title='bbox 597 1836 742 1881; x_wconf 86' lang='lat' dir='ltr'>sermone</span> <span class='ocrx_word' id='word_1_113' title='bbox 763 1824 919 1902; x_wconf 84' lang='lat' dir='ltr'>peractas.</span> 
     </span>
    </p>

    <p class='ocr_par' dir='ltr' id='par_1_11' title="bbox 91 1899 1102 1984">
     <span class='ocr_line' id='line_1_18' title="bbox 91 1899 1102 1984; baseline 0.003 -25"><span class='ocrx_word' id='word_1_114' title='bbox 91 1913 123 1960; x_wconf 84' lang='lat' dir='ltr'>ro</span> <span class='ocrx_word' id='word_1_115' title='bbox 138 1899 206 1965; x_wconf 80' lang='lat' dir='ltr'>Ede</span> <span class='ocrx_word' id='word_1_116' title='bbox 228 1899 365 1968; x_wconf 91' lang='lat' dir='ltr'>hominis</span> <span class='ocrx_word' id='word_1_117' title='bbox 387 1922 518 1977; x_wconf 91' lang='lat' dir='ltr'>nomen;</span> <span class='ocrx_word' id='word_1_118' title='bbox 548 1900 643 1966; x_wconf 89' lang='lat' dir='ltr'>simul</span> <span class='ocrx_word' id='word_1_119' title='bbox 666 1907 706 1979; x_wconf 91' lang='lat' dir='ltr'>et,</span> <span class='ocrx_word' id='word_1_120' title='bbox 729 1903 890 1967; x_wconf 88' lang='lat' dir='ltr'>Romanus</span> <span class='ocrx_word' id='word_1_121' title='bbox 912 1923 954 1966; x_wconf 93' lang='lat' dir='ltr'>an</span> <span class='ocrx_word' id='word_1_122' title='bbox 975 1900 1102 1984; x_wconf 83' lang='lat' dir='ltr'>hospes.</span> 
     </span>
    </p>
   </div>
   <div class='ocr_carea' id='block_1_6' title="bbox 360 2019 899 2084">
    <p class='ocr_par' dir='ltr' id='par_1_12' title="bbox 360 2019 899 2084">
     <span class='ocr_line' id='line_1_19' title="bbox 360 2019 899 2084; baseline 0.004 -17"><span class='ocrx_word' id='word_1_123' title='bbox 360 2037 384 2071; x_wconf 83' lang='lat' dir='ltr'>v.</span> <span class='ocrx_word' id='word_1_124' title='bbox 403 2022 425 2071; x_wconf 78' lang='lat'>2.</span> <span class='ocrx_word' id='word_1_125' title='bbox 451 2019 526 2084; x_wconf 77' lang='lat' dir='ltr'>Vulg.</span> <span class='ocrx_word' id='word_1_126' title='bbox 546 2019 671 2071; x_wconf 77' lang='lat' dir='ltr'>Vincunt.</span> <span class='ocrx_word' id='word_1_127' title='bbox 710 2024 749 2072; x_wconf 84' lang='lat' dir='ltr'>ro.</span> <span class='ocrx_word' id='word_1_128' title='bbox 768 2021 810 2071; x_wconf 81' lang='lat' dir='ltr'>An</span> <span class='ocrx_word' id='word_1_129' title='bbox 829 2024 899 2070; x_wconf 83' lang='lat' dir='ltr'>Rom.</span> 
     </span>
    </p>
   </div>
   <div class='ocr_carea' id='block_1_7' title="bbox 59 2135 1194 4246">
    <p class='ocr_par' dir='ltr' id='par_1_13' title="bbox 68 2135 1194 3072">
     <span class='ocr_line' id='line_1_20' title="bbox 68 2135 1190 2204; baseline 0.003 -22"><span class='ocrx_word' id='word_1_130' title='bbox 68 2135 244 2184; x_wconf 86' lang='lat' dir='ltr'>consentiunt.</span> <span class='ocrx_word' id='word_1_131' title='bbox 280 2138 348 2193; x_wconf 82' lang='lat' dir='ltr'><strong>Quid</strong></span> <span class='ocrx_word' id='word_1_132' title='bbox 366 2138 426 2186; x_wconf 77' lang='lat' dir='ltr'>fiet?</span> <span class='ocrx_word' id='word_1_133' title='bbox 451 2155 482 2187; x_wconf 89' lang='lat' dir='ltr'>an</span> <span class='ocrx_word' id='word_1_134' title='bbox 502 2139 585 2201; x_wconf 89' lang='lat' dir='ltr'>ipsum</span> <span class='ocrx_word' id='word_1_135' title='bbox 602 2138 720 2188; x_wconf 81' lang='lat' dir='ltr'>Flaccum</span> <span class='ocrx_word' id='word_1_136' title='bbox 739 2139 815 2189; x_wconf 90' lang='lat' dir='ltr'>huius</span> <span class='ocrx_word' id='word_1_137' title='bbox 832 2139 922 2204; x_wconf 84' lang='lat' dir='ltr'>culpae</span> <span class='ocrx_word' id='word_1_138' title='bbox 940 2137 1089 2188; x_wconf 76' lang='lat' dir='ltr'>damnabis?</span> <span class='ocrx_word' id='word_1_139' title='bbox 1107 2153 1139 2186; x_wconf 90' lang='lat' dir='ltr'>an</span> <span class='ocrx_word' id='word_1_140' title='bbox 1157 2136 1190 2186; x_wconf 92' lang='lat' dir='ltr'>ob</span> 
     </span>
     <span class='ocr_line' id='line_1_21' title="bbox 69 2205 1192 2273; baseline 0.002 -22"><span class='ocrx_word' id='word_1_141' title='bbox 69 2217 178 2266; x_wconf 87' lang='lat' dir='ltr'>magnas</span> <span class='ocrx_word' id='word_1_142' title='bbox 196 2205 338 2269; x_wconf 86' lang='lat' dir='ltr'>multasque</span> <span class='ocrx_word' id='word_1_143' title='bbox 355 2206 526 2256; x_wconf 82' lang='lat' dir='ltr'>eiusvirtutes</span> <span class='ocrx_word' id='word_1_144' title='bbox 539 2205 665 2271; x_wconf 83' lang='lat' dir='ltr'>quidlibet</span> <span class='ocrx_word' id='word_1_145' title='bbox 683 2207 767 2273; x_wconf 88' lang='lat' dir='ltr'>patius</span> <span class='ocrx_word' id='word_1_146' title='bbox 786 2207 812 2256; x_wconf 91' lang='lat' dir='ltr'>in</span> <span class='ocrx_word' id='word_1_147' title='bbox 831 2208 944 2272; x_wconf 81' lang='lat' dir='ltr'>quemvis</span> <span class='ocrx_word' id='word_1_148' title='bbox 961 2207 1097 2272; x_wconf 83' lang='lat' dir='ltr'>impinges‚</span> <span class='ocrx_word' id='word_1_149' title='bbox 1116 2220 1192 2267; x_wconf 87' lang='lat' dir='ltr'>quam</span> 
     </span>
     <span class='ocr_line' id='line_1_22' title="bbox 69 2273 1190 2340; baseline 0.004 -22"><span class='ocrx_word' id='word_1_150' title='bbox 69 2276 101 2318; x_wconf 93' lang='lat' dir='ltr'>ut</span> <span class='ocrx_word' id='word_1_151' title='bbox 128 2276 213 2319; x_wconf 86' lang='lat' dir='ltr'>tantae</span> <span class='ocrx_word' id='word_1_152' title='bbox 237 2274 422 2338; x_wconf 81' lang='lat' dir='ltr'>incogitantiae</span> <span class='ocrx_word' id='word_1_153' title='bbox 445 2290 502 2324; x_wconf 89' lang='lat' dir='ltr'>reus</span> <span class='ocrx_word' id='word_1_154' title='bbox 526 2276 680 2338; x_wconf 79' lang='lat' dir='ltr'>peragatur?</span> <span class='ocrx_word' id='word_1_155' title='bbox 706 2276 832 2339; x_wconf 85' lang='lat' dir='ltr'>Equidem</span> <span class='ocrx_word' id='word_1_156' title='bbox 855 2277 892 2325; x_wconf 88' lang='lat' dir='ltr'>sic</span> <span class='ocrx_word' id='word_1_157' title='bbox 914 2276 1001 2340; x_wconf 89' lang='lat' dir='ltr'>potius</span> <span class='ocrx_word' id='word_1_158' title='bbox 1025 2273 1190 2337; x_wconf 85' lang='lat' dir='ltr'>scripsissem,</span> 
     </span>
     <span class='ocr_line' id='line_1_23' title="bbox 72 2336 1189 2406; baseline 0.006 -20"><span class='ocrx_word' id='word_1_159' title='bbox 72 2336 254 2401; x_wconf 80' lang='lat' dir='ltr'>„Qnuntone?</span> <span class='ocrx_word' id='word_1_160' title='bbox 280 2357 344 2392; x_wconf 84' lang='lat' dir='ltr'>aum</span> <span class='ocrx_word' id='word_1_161' title='bbox 361 2348 472 2405; x_wconf 87' lang='lat' dir='ltr'>tantam,</span> <span class='ocrx_word' id='word_1_162' title='bbox 490 2343 605 2404; x_wconf 77' lang='lat' dir='ltr'>salliaris</span> <span class='ocrx_word' id='word_1_163' title='bbox 622 2360 664 2405; x_wconf 77' lang='lat' dir='ltr'>se,</span> <span class='ocrx_word' id='word_1_164' title='bbox 681 2359 782 2406; x_wconf 82' lang='lat' dir='ltr'>magna</span> <span class='ocrx_word' id='word_1_165' title='bbox 798 2344 911 2404; x_wconf 77' lang='lat' dir='ltr'>fuisset?</span> <span class='ocrx_word' id='word_1_166' title='bbox 938 2341 1028 2393; x_wconf 83' lang='lat' dir='ltr'>Maior</span> <span class='ocrx_word' id='word_1_167' title='bbox 1044 2356 1189 2393; x_wconf 75' lang='lat' dir='ltr'>anamma.</span> 
     </span>
     <span class='ocr_line' id='line_1_24' title="bbox 69 2409 1191 2475; baseline 0.005 -21"><span class='ocrx_word' id='word_1_168' title='bbox 69 2420 139 2455; x_wconf 86' lang='lat' dir='ltr'>narn</span> <span class='ocrx_word' id='word_1_169' title='bbox 157 2412 296 2459; x_wconf 83' lang='lat' dir='ltr'>tantum?“</span> <span class='ocrx_word' id='word_1_170' title='bbox 320 2410 458 2460; x_wconf 88' lang='lat' dir='ltr'>Lucretius</span> <span class='ocrx_word' id='word_1_171' title='bbox 475 2410 520 2459; x_wconf 90' lang='lat' dir='ltr'>lib.</span> <span class='ocrx_word' id='word_1_172' title='bbox 539 2410 569 2460; x_wconf 86' lang='lat' dir='ltr'>V.</span> <span class='ocrx_word' id='word_1_173' title='bbox 593 2426 615 2459; x_wconf 88' lang='lat' dir='ltr'>v.</span> <span class='ocrx_word' id='word_1_174' title='bbox 635 2413 692 2463; x_wconf 85' lang='grc'>565.</span> <span class='ocrx_word' id='word_1_175' title='bbox 717 2414 786 2474; x_wconf 81' lang='grc'>[564]</span> <span class='ocrx_word' id='word_1_176' title='bbox 822 2412 896 2475; x_wconf 86' lang='lat' dir='ltr'>„Nec</span> <span class='ocrx_word' id='word_1_177' title='bbox 919 2411 1000 2460; x_wconf 88' lang='lat' dir='ltr'>nimio</span> <span class='ocrx_word' id='word_1_178' title='bbox 1024 2410 1105 2460; x_wconf 89' lang='lat' dir='ltr'>maior</span> <span class='ocrx_word' id='word_1_179' title='bbox 1127 2409 1191 2461; x_wconf 80' lang='lat' dir='ltr'>solie</span> 
     </span>
     <span class='ocr_line' id='line_1_25' title="bbox 69 2478 1191 2545; baseline 0.004 -23"><span class='ocrx_word' id='word_1_180' title='bbox 69 2479 144 2536; x_wconf 87' lang='lat' dir='ltr'>rota,</span> <span class='ocrx_word' id='word_1_181' title='bbox 162 2490 210 2525; x_wconf 87' lang='lat' dir='ltr'>nec</span> <span class='ocrx_word' id='word_1_182' title='bbox 226 2481 315 2527; x_wconf 80' lang='lat' dir='ltr'>minor</span> <span class='ocrx_word' id='word_1_183' title='bbox 332 2478 443 2528; x_wconf 71' lang='lat' dir='ltr'>ardor,“</span> <span class='ocrx_word' id='word_1_184' title='bbox 468 2479 568 2529; x_wconf 85' lang='lat' dir='ltr'>Terent.</span> <span class='ocrx_word' id='word_1_185' title='bbox 586 2479 693 2545; x_wconf 85' lang='lat' dir='ltr'>Adelph.</span> <span class='ocrx_word' id='word_1_186' title='bbox 704 2480 753 2543; x_wconf 85' lang='grc' dir='ltr'><strong>ΙΙΙ,</strong></span> <span class='ocrx_word' id='word_1_187' title='bbox 771 2482 795 2531; x_wconf 91' lang='grc'>4,</span> <span class='ocrx_word' id='word_1_188' title='bbox 814 2496 837 2528; x_wconf 85' lang='lat' dir='ltr'>v.</span> <span class='ocrx_word' id='word_1_189' title='bbox 857 2483 896 2532; x_wconf 85' lang='lat'>30.</span> <span class='ocrx_word' id='word_1_190' title='bbox 917 2482 943 2542; x_wconf 83' lang='lat'>[3</span> <span class='ocrx_word' id='word_1_191' title='bbox 961 2480 1035 2540; x_wconf 70' lang='lat' dir='ltr'>vae]</span> <span class='ocrx_word' id='word_1_192' title='bbox 1061 2480 1191 2540; x_wconf 81' lang='lat' dir='ltr'>„niniam</span> 
     </span>
     <span class='ocr_line' id='line_1_26' title="bbox 70 2545 1191 2612; baseline 0.004 -22"><span class='ocrx_word' id='word_1_193' title='bbox 70 2545 146 2591; x_wconf 79' lang='lat' dir='ltr'>inter</span> <span class='ocrx_word' id='word_1_194' title='bbox 163 2557 222 2605; x_wconf 81' lang='lat' dir='ltr'>vos,</span> <span class='ocrx_word' id='word_1_195' title='bbox 241 2546 353 2612; x_wconf 83' lang='lat' dir='ltr'>Demea,</span> <span class='ocrx_word' id='word_1_196' title='bbox 379 2562 411 2596; x_wconf 87' lang='lat' dir='ltr'>aa</span> <span class='ocrx_word' id='word_1_197' title='bbox 428 2546 490 2597; x_wconf 89' lang='lat' dir='ltr'>Non</span> <span class='ocrx_word' id='word_1_198' title='bbox 508 2549 572 2612; x_wconf 78' lang='lat' dir='ltr'>quia</span> <span class='ocrx_word' id='word_1_199' title='bbox 589 2548 652 2596; x_wconf 83' lang='lat' dir='ltr'>ades</span> <span class='ocrx_word' id='word_1_200' title='bbox 668 2563 795 2612; x_wconf 79' lang='lat' dir='ltr'>praesens</span> <span class='ocrx_word' id='word_1_201' title='bbox 814 2549 872 2598; x_wconf 81' lang='lat' dir='ltr'>dico</span> <span class='ocrx_word' id='word_1_202' title='bbox 892 2549 954 2611; x_wconf 77' lang='lat' dir='ltr'>troc,</span> <span class='ocrx_word' id='word_1_203' title='bbox 979 2546 1131 2610; x_wconf 86' lang='lat' dir='ltr'>pernimium</span> <span class='ocrx_word' id='word_1_204' title='bbox 1150 2548 1191 2595; x_wconf 84' lang='lat' dir='ltr'>in-</span> 
     </span>
     <span class='ocr_line' id='line_1_27' title="bbox 71 2611 1190 2682; baseline 0.003 -22"><span class='ocrx_word' id='word_1_205' title='bbox 71 2611 180 2660; x_wconf 85' lang='lat' dir='ltr'>terest.“</span> <span class='ocrx_word' id='word_1_206' title='bbox 205 2611 279 2664; x_wconf 84' lang='lat' dir='ltr'>Certe</span> <span class='ocrx_word' id='word_1_207' title='bbox 296 2615 343 2664; x_wconf 92' lang='lat' dir='ltr'>hoc</span> <span class='ocrx_word' id='word_1_208' title='bbox 362 2614 511 2665; x_wconf 86' lang='lat' dir='ltr'>vocabulum</span> <span class='ocrx_word' id='word_1_209' title='bbox 529 2620 555 2665; x_wconf 89' lang='lat' dir='ltr'>et</span> <span class='ocrx_word' id='word_1_210' title='bbox 572 2617 712 2665; x_wconf 87' lang='lat' dir='ltr'>sententiae</span> <span class='ocrx_word' id='word_1_211' title='bbox 730 2616 861 2682; x_wconf 88' lang='lat' dir='ltr'>aptissime</span> <span class='ocrx_word' id='word_1_212' title='bbox 879 2616 1013 2680; x_wconf 84' lang='lat' dir='ltr'>congruit3</span> <span class='ocrx_word' id='word_1_213' title='bbox 1032 2619 1064 2675; x_wconf 82' lang='lat' dir='ltr'>et,</span> <span class='ocrx_word' id='word_1_214' title='bbox 1083 2615 1104 2663; x_wconf 92' lang='lat' dir='ltr'>si</span> <span class='ocrx_word' id='word_1_215' title='bbox 1123 2629 1190 2664; x_wconf 89' lang='lat' dir='ltr'>com·</span> 
     </span>
     <span class='ocr_line' id='line_1_28' title="bbox 69 2678 1190 2749; baseline 0.005 -22"><span class='ocrx_word' id='word_1_216' title='bbox 69 2678 221 2743; x_wconf 89' lang='lat' dir='ltr'>pendiosam</span> <span class='ocrx_word' id='word_1_217' title='bbox 239 2683 391 2747; x_wconf 86' lang='lat' dir='ltr'>scripturam</span> <span class='ocrx_word' id='word_1_218' title='bbox 405 2687 510 2749; x_wconf 75' lang='lat' dir='ltr'>patrato</span> <span class='ocrx_word' id='word_1_219' title='bbox 528 2684 720 2748; x_wconf 85' lang='lat' dir='ltr'>contempleris,</span> <span class='ocrx_word' id='word_1_220' title='bbox 739 2685 807 2734; x_wconf 91' lang='lat' dir='ltr'>haud</span> <span class='ocrx_word' id='word_1_221' title='bbox 824 2686 862 2734; x_wconf 86' lang='lat' dir='ltr'>ita</span> <span class='ocrx_word' id='word_1_222' title='bbox 878 2684 985 2733; x_wconf 89' lang='lat' dir='ltr'>multum</span> <span class='ocrx_word' id='word_1_223' title='bbox 1003 2681 1104 2732; x_wconf 89' lang='lat' dir='ltr'>abludit</span> <span class='ocrx_word' id='word_1_224' title='bbox 1119 2698 1136 2731; x_wconf 90' lang='lat' dir='ltr'>a</span> <span class='ocrx_word' id='word_1_225' title='bbox 1152 2697 1190 2733; x_wconf 87' lang='lat' dir='ltr'>re·</span> 
     </span>
     <span class='ocr_line' id='line_1_29' title="bbox 70 2746 1192 2815; baseline 0.004 -19"><span class='ocrx_word' id='word_1_226' title='bbox 70 2750 149 2810; x_wconf 89' lang='lat' dir='ltr'>cepta</span> <span class='ocrx_word' id='word_1_227' title='bbox 165 2746 281 2800; x_wconf 88' lang='lat' dir='ltr'>lectione.</span> <span class='ocrx_word' id='word_1_228' title='bbox 309 2751 382 2806; x_wconf 81' lang='lat' dir='ltr'>Quod</span> <span class='ocrx_word' id='word_1_229' title='bbox 401 2751 424 2801; x_wconf 90' lang='lat' dir='ltr'>si</span> <span class='ocrx_word' id='word_1_230' title='bbox 441 2751 564 2800; x_wconf 86' lang='lat' dir='ltr'>eiusmodi</span> <span class='ocrx_word' id='word_1_231' title='bbox 582 2758 627 2813; x_wconf 86' lang='lat' dir='ltr'>est,</span> <span class='ocrx_word' id='word_1_232' title='bbox 647 2753 793 2802; x_wconf 85' lang='lat' dir='ltr'>utH0ratio</span> <span class='ocrx_word' id='word_1_233' title='bbox 810 2769 861 2802; x_wconf 89' lang='lat' dir='ltr'>non</span> <span class='ocrx_word' id='word_1_234' title='bbox 880 2757 931 2801; x_wconf 91' lang='lat' dir='ltr'>tam</span> <span class='ocrx_word' id='word_1_235' title='bbox 948 2752 1012 2814; x_wconf 87' lang='lat' dir='ltr'>dari,</span> <span class='ocrx_word' id='word_1_236' title='bbox 1031 2764 1105 2815; x_wconf 86' lang='lat' dir='ltr'>quum</span> <span class='ocrx_word' id='word_1_237' title='bbox 1119 2750 1192 2801; x_wconf 88' lang='lat' dir='ltr'>reddi</span> 
     </span>
     <span class='ocr_line' id='line_1_30' title="bbox 71 2815 1191 2885; baseline 0.004 -21"><span class='ocrx_word' id='word_1_238' title='bbox 71 2821 99 2864; x_wconf 89' lang='lat' dir='ltr'>et</span> <span class='ocrx_word' id='word_1_239' title='bbox 116 2815 218 2865; x_wconf 86' lang='lat' dir='ltr'>restitui</span> <span class='ocrx_word' id='word_1_240' title='bbox 237 2818 360 2882; x_wconf 82' lang='lat' dir='ltr'>videatur,</span> <span class='ocrx_word' id='word_1_241' title='bbox 378 2819 494 2883; x_wconf 89' lang='lat' dir='ltr'>equidem</span> <span class='ocrx_word' id='word_1_242' title='bbox 512 2820 566 2868; x_wconf 90' lang='lat' dir='ltr'>eius</span> <span class='ocrx_word' id='word_1_243' title='bbox 585 2836 674 2870; x_wconf 86' lang='lat' dir='ltr'>caussa</span> <span class='ocrx_word' id='word_1_244' title='bbox 691 2819 821 2885; x_wconf 79' lang='lat' dir='ltr'>gaudeb03</span> <span class='ocrx_word' id='word_1_245' title='bbox 840 2822 880 2870; x_wconf 88' lang='lat' dir='ltr'>sin</span> <span class='ocrx_word' id='word_1_246' title='bbox 899 2822 936 2869; x_wconf 89' lang='lat' dir='ltr'>ita</span> <span class='ocrx_word' id='word_1_247' title='bbox 953 2825 998 2880; x_wconf 89' lang='lat' dir='ltr'>est,</span> <span class='ocrx_word' id='word_1_248' title='bbox 1018 2827 1045 2867; x_wconf 87' lang='lat' dir='ltr'>ut</span> <span class='ocrx_word' id='word_1_249' title='bbox 1063 2815 1094 2868; x_wconf 87' lang='grc' dir='ltr'>τὸ</span> <span class='ocrx_word' id='word_1_250' title='bbox 1114 2818 1191 2868; x_wconf 79' lang='lat' dir='ltr'>climi-</span> 
     </span>
     <span class='ocr_line' id='line_1_31' title="bbox 71 2883 1194 2952; baseline 0.004 -20"><span class='ocrx_word' id='word_1_251' title='bbox 71 2884 120 2932; x_wconf 73' lang='lat' dir='ltr'>uro</span> <span class='ocrx_word' id='word_1_252' title='bbox 138 2883 208 2933; x_wconf 91' lang='lat' dir='ltr'>nullo</span> <span class='ocrx_word' id='word_1_253' title='bbox 226 2892 301 2950; x_wconf 89' lang='lat' dir='ltr'>pacto</span> <span class='ocrx_word' id='word_1_254' title='bbox 318 2888 400 2952; x_wconf 90' lang='lat' dir='ltr'>possit</span> <span class='ocrx_word' id='word_1_255' title='bbox 417 2887 447 2937; x_wconf 90' lang='lat' dir='ltr'>ab</span> <span class='ocrx_word' id='word_1_256' title='bbox 472 2892 575 2937; x_wconf 88' lang='lat' dir='ltr'>auctore</span> <span class='ocrx_word' id='word_1_257' title='bbox 599 2887 754 2948; x_wconf 79' lang='lat' dir='ltr'>abiudicari3</span> <span class='ocrx_word' id='word_1_258' title='bbox 781 2889 809 2938; x_wconf 95' lang='lat' dir='ltr'>id</span> <span class='ocrx_word' id='word_1_259' title='bbox 833 2895 917 2938; x_wconf 85' lang='lat' dir='ltr'>tamen</span> <span class='ocrx_word' id='word_1_260' title='bbox 939 2892 1054 2937; x_wconf 88' lang='lat' dir='ltr'>nostrum</span> <span class='ocrx_word' id='word_1_261' title='bbox 1078 2887 1194 2937; x_wconf 83' lang='lat' dir='ltr'>omnium-</span> 
     </span>
     <span class='ocr_line' id='line_1_32' title="bbox 71 2952 1191 3069; baseline 0.005 -70"><span class='ocrx_word' id='word_1_262' title='bbox 71 2952 193 3069; x_wconf 31' lang='lat' dir='ltr'>{pterea-ts,l</span> <span class='ocrx_word' id='word_1_263' title='bbox 206 2960 236 3002; x_wconf 89' lang='lat' dir='ltr'>ut</span> <span class='ocrx_word' id='word_1_264' title='bbox 253 2955 281 3003; x_wconf 90' lang='lat' dir='ltr'>in</span> <span class='ocrx_word' id='word_1_265' title='bbox 298 2960 409 3005; x_wconf 77' lang='lat' dir='ltr'>ueterum</span> <span class='ocrx_word' id='word_1_266' title='bbox 428 2956 531 3020; x_wconf 81' lang='lat' dir='ltr'>scriptis</span> <span class='ocrx_word' id='word_1_267' title='bbox 549 2971 601 3005; x_wconf 90' lang='lat' dir='ltr'>non</span> <span class='ocrx_word' id='word_1_268' title='bbox 619 2957 704 3005; x_wconf 89' lang='lat' dir='ltr'>omnia</span> <span class='ocrx_word' id='word_1_269' title='bbox 722 2972 800 3020; x_wconf 86' lang='lat' dir='ltr'>aeque</span> <span class='ocrx_word' id='word_1_270' title='bbox 818 2958 872 3007; x_wconf 87' lang='lat' dir='ltr'>sine</span> <span class='ocrx_word' id='word_1_271' title='bbox 890 2971 951 3006; x_wconf 88' lang='lat' dir='ltr'>cura</span> <span class='ocrx_word' id='word_1_272' title='bbox 962 2954 1118 3005; x_wconf 87' lang='lat' dir='ltr'>discriminis</span> <span class='ocrx_word' id='word_1_273' title='bbox 1131 2970 1191 3020; x_wconf 88' lang='lat' dir='ltr'>pro·</span> 
     </span>
     <span class='ocr_line' id='line_1_33' title="bbox 91 3034 287 3072; baseline 0.026 -6"><span class='ocrx_word' id='word_1_274' title='bbox 91 3034 133 3067; x_wconf 86' lang='lat' dir='ltr'>are</span> <span class='ocrx_word' id='word_1_275' title='bbox 151 3035 177 3068; x_wconf 82' lang='lat' dir='ltr'>vr</span> <span class='ocrx_word' id='word_1_276' title='bbox 195 3037 287 3072; x_wconf 84' lang='lat' dir='ltr'>camur.</span> 
     </span>
    </p>

    <p class='ocr_par' dir='ltr' id='par_1_14' title="bbox 59 3089 1192 3770">
     <span class='ocr_line' id='line_1_34' title="bbox 142 3089 1192 3158; baseline 0 -18"><span class='ocrx_word' id='word_1_277' title='bbox 142 3089 166 3140; x_wconf 79' lang='grc'>2.</span> <span class='ocrx_word' id='word_1_278' title='bbox 201 3090 352 3154; x_wconf 76' lang='lat' dir='ltr'>Praeceptis</span> <span class='ocrx_word' id='word_1_279' title='bbox 370 3091 462 3155; x_wconf 80' lang='lat' dir='ltr'>qualia</span> <span class='ocrx_word' id='word_1_280' title='bbox 480 3094 592 3140; x_wconf 72' lang='lat' dir='ltr'>vitrearet</span> <span class='ocrx_word' id='word_1_281' title='bbox 607 3090 793 3158; x_wconf 78' lang='lat' dir='ltr'>Pythagoran]</span> <span class='ocrx_word' id='word_1_282' title='bbox 824 3093 865 3141; x_wconf 82' lang='lat' dir='ltr'>Ex</span> <span class='ocrx_word' id='word_1_283' title='bbox 882 3089 1034 3142; x_wconf 88' lang='lat' dir='ltr'>membranis</span> <span class='ocrx_word' id='word_1_284' title='bbox 1051 3089 1117 3140; x_wconf 85' lang='lat' dir='ltr'>aliae</span> <span class='ocrx_word' id='word_1_285' title='bbox 1134 3091 1192 3140; x_wconf 84' lang='lat' dir='ltr'>oin·</span> 
     </span>
     <span class='ocr_line' id='line_1_35' title="bbox 73 3156 1191 3225; baseline 0.004 -22"><span class='ocrx_word' id='word_1_286' title='bbox 73 3162 140 3204; x_wconf 82' lang='lat' dir='ltr'>cant</span> <span class='ocrx_word' id='word_1_287' title='bbox 157 3156 258 3219; x_wconf 87' lang='lat' dir='ltr'>habent,</span> <span class='ocrx_word' id='word_1_288' title='bbox 277 3159 342 3209; x_wconf 88' lang='lat' dir='ltr'>aliae</span> <span class='ocrx_word' id='word_1_289' title='bbox 360 3162 479 3220; x_wconf 80' lang='lat' dir='ltr'>uincent,</span> <span class='ocrx_word' id='word_1_290' title='bbox 498 3160 563 3209; x_wconf 88' lang='lat' dir='ltr'>aliae</span> <span class='ocrx_word' id='word_1_291' title='bbox 581 3159 690 3223; x_wconf 88' lang='lat' dir='ltr'>denique</span> <span class='ocrx_word' id='word_1_292' title='bbox 707 3163 824 3225; x_wconf 78' lang='lat' dir='ltr'>pinsant.</span> <span class='ocrx_word' id='word_1_293' title='bbox 859 3160 973 3209; x_wconf 87' lang='lat' dir='ltr'>Primum</span> <span class='ocrx_word' id='word_1_294' title='bbox 989 3174 1058 3209; x_wconf 88' lang='lat' dir='ltr'>nunc</span> <span class='ocrx_word' id='word_1_295' title='bbox 1076 3158 1127 3208; x_wconf 86' lang='lat' dir='ltr'>sere</span> <span class='ocrx_word' id='word_1_296' title='bbox 1146 3158 1191 3208; x_wconf 89' lang='lat' dir='ltr'>oh·</span> 
     </span>
     <span class='ocr_line' id='line_1_36' title="bbox 72 3224 1191 3293; baseline 0.005 -22"><span class='ocrx_word' id='word_1_297' title='bbox 72 3224 154 3288; x_wconf 89' lang='lat' dir='ltr'>tinet,</span> <span class='ocrx_word' id='word_1_298' title='bbox 179 3240 209 3274; x_wconf 85' lang='lat' dir='ltr'>ex</span> <span class='ocrx_word' id='word_1_299' title='bbox 232 3227 324 3290; x_wconf 84' lang='lat' dir='ltr'>priscis</span> <span class='ocrx_word' id='word_1_300' title='bbox 349 3227 506 3277; x_wconf 90' lang='lat' dir='ltr'>editionibus</span> <span class='ocrx_word' id='word_1_301' title='bbox 530 3228 646 3279; x_wconf 79' lang='lat' dir='ltr'>ductum:</span> <span class='ocrx_word' id='word_1_302' title='bbox 674 3232 701 3277; x_wconf 87' lang='lat' dir='ltr'>at</span> <span class='ocrx_word' id='word_1_303' title='bbox 725 3229 861 3279; x_wconf 87' lang='lat' dir='ltr'>secundum</span> <span class='ocrx_word' id='word_1_304' title='bbox 879 3231 902 3279; x_wconf 92' lang='lat' dir='ltr'>ei</span> <span class='ocrx_word' id='word_1_305' title='bbox 920 3227 995 3278; x_wconf 82' lang='lat' dir='ltr'>facile</span> <span class='ocrx_word' id='word_1_306' title='bbox 1013 3226 1191 3293; x_wconf 68' lang='lat' dir='ltr'>praetulerim</span> 
     </span>
     <span class='ocr_line' id='line_1_37' title="bbox 72 3291 1192 3360; baseline 0.005 -21"><span class='ocrx_word' id='word_1_307' title='bbox 72 3291 150 3340; x_wconf 79' lang='lat' dir='ltr'>abeis</span> <span class='ocrx_word' id='word_1_308' title='bbox 167 3293 236 3343; x_wconf 90' lang='lat' dir='ltr'>euim</span> <span class='ocrx_word' id='word_1_309' title='bbox 253 3295 398 3360; x_wconf 84' lang='lat' dir='ltr'>praeceptis</span> <span class='ocrx_word' id='word_1_310' title='bbox 416 3297 528 3345; x_wconf 87' lang='lat' dir='ltr'>futurum</span> <span class='ocrx_word' id='word_1_311' title='bbox 546 3301 645 3360; x_wconf 89' lang='lat' dir='ltr'>tempus</span> <span class='ocrx_word' id='word_1_312' title='bbox 662 3299 743 3360; x_wconf 87' lang='lat' dir='ltr'>magis</span> <span class='ocrx_word' id='word_1_313' title='bbox 761 3298 887 3347; x_wconf 86' lang='lat' dir='ltr'>convenit.</span> <span class='ocrx_word' id='word_1_314' title='bbox 915 3297 965 3347; x_wconf 84' lang='lat' dir='ltr'>Sed</span> <span class='ocrx_word' id='word_1_315' title='bbox 974 3311 1033 3347; x_wconf 86' lang='lat' dir='ltr'>vera</span> <span class='ocrx_word' id='word_1_316' title='bbox 1049 3299 1076 3345; x_wconf 83' lang='lat' dir='ltr'>et</span> <span class='ocrx_word' id='word_1_317' title='bbox 1093 3295 1192 3345; x_wconf 83' lang='lat' dir='ltr'>sincera</span> 
     </span>
     <span class='ocr_line' id='line_1_38' title="bbox 72 3358 1191 3431; baseline 0.006 -24"><span class='ocrx_word' id='word_1_318' title='bbox 72 3358 151 3408; x_wconf 87' lang='lat' dir='ltr'>lectio</span> <span class='ocrx_word' id='word_1_319' title='bbox 169 3367 214 3423; x_wconf 87' lang='lat' dir='ltr'>est,</span> <span class='ocrx_word' id='word_1_320' title='bbox 233 3378 296 3427; x_wconf 88' lang='lat' dir='ltr'>quae</span> <span class='ocrx_word' id='word_1_321' title='bbox 314 3364 391 3412; x_wconf 87' lang='lat' dir='ltr'>tertio</span> <span class='ocrx_word' id='word_1_322' title='bbox 408 3364 463 3414; x_wconf 93' lang='lat' dir='ltr'>loco</span> <span class='ocrx_word' id='word_1_323' title='bbox 481 3365 565 3427; x_wconf 83' lang='lat' dir='ltr'>venit,</span> <span class='ocrx_word' id='word_1_324' title='bbox 589 3365 715 3415; x_wconf 88' lang='lat' dir='ltr'>Lambiuo</span> <span class='ocrx_word' id='word_1_325' title='bbox 733 3367 808 3416; x_wconf 89' lang='lat' dir='ltr'>etiam</span> <span class='ocrx_word' id='word_1_326' title='bbox 827 3372 851 3415; x_wconf 89' lang='lat' dir='ltr'>et</span> <span class='ocrx_word' id='word_1_327' title='bbox 868 3366 981 3431; x_wconf 79' lang='lat' dir='ltr'>Gruquio</span> <span class='ocrx_word' id='word_1_328' title='bbox 999 3365 1113 3430; x_wconf 83' lang='lat' dir='ltr'>probata.</span> <span class='ocrx_word' id='word_1_329' title='bbox 1148 3364 1191 3414; x_wconf 79' lang='lat' dir='ltr'>Sia</span> 
     </span>
     <span class='ocr_line' id='line_1_39' title="bbox 59 3416 1191 3498; baseline 0.006 -23"><span class='ocrx_word' id='word_1_330' title='bbox 59 3416 181 3478; x_wconf 74' lang='lat' dir='ltr'>&#39;ioannes</span> <span class='ocrx_word' id='word_1_331' title='bbox 199 3431 396 3481; x_wconf 73' lang='lat' dir='ltr'>saresberiensis</span> <span class='ocrx_word' id='word_1_332' title='bbox 413 3432 441 3481; x_wconf 92' lang='lat' dir='ltr'>iu</span> <span class='ocrx_word' id='word_1_333' title='bbox 458 3432 579 3482; x_wconf 89' lang='lat' dir='ltr'>Policrat.</span> <span class='ocrx_word' id='word_1_334' title='bbox 597 3432 675 3494; x_wconf 81' lang='lat' dir='ltr'>VIII,</span> <span class='ocrx_word' id='word_1_335' title='bbox 699 3436 723 3485; x_wconf 81' lang='lat'>8.</span> <span class='ocrx_word' id='word_1_336' title='bbox 750 3438 784 3498; x_wconf 86' lang='lat' dir='ltr'>[p.</span> <span class='ocrx_word' id='word_1_337' title='bbox 804 3437 853 3486; x_wconf 84' lang='lat'>558</span> <span class='ocrx_word' id='word_1_338' title='bbox 872 3434 910 3484; x_wconf 86' lang='lat' dir='ltr'>ed.</span> <span class='ocrx_word' id='word_1_339' title='bbox 933 3436 997 3486; x_wconf 80' lang='lat'>1639</span> <span class='ocrx_word' id='word_1_340' title='bbox 1014 3434 1045 3483; x_wconf 83' lang='lat' dir='ltr'>L.</span> <span class='ocrx_word' id='word_1_341' title='bbox 1063 3433 1105 3497; x_wconf 84' lang='lat' dir='ltr'>B.]</span> <span class='ocrx_word' id='word_1_342' title='bbox 1141 3432 1191 3496; x_wconf 82' lang='lat' dir='ltr'>„In</span> 
     </span>
     <span class='ocr_line' id='line_1_40' title="bbox 72 3495 1191 3567; baseline 0.004 -24"><span class='ocrx_word' id='word_1_343' title='bbox 72 3511 137 3544; x_wconf 79' lang='lat' dir='ltr'>usas</span> <span class='ocrx_word' id='word_1_344' title='bbox 155 3500 266 3548; x_wconf 65' lang='lat' dir='ltr'>elatorum</span> <span class='ocrx_word' id='word_1_345' title='bbox 285 3500 383 3549; x_wconf 85' lang='lat' dir='ltr'>ticetet</span> <span class='ocrx_word' id='word_1_346' title='bbox 396 3495 590 3551; x_wconf 84' lang='lat' dir='ltr'>Catio‘Ponere</span> <span class='ocrx_word' id='word_1_347' title='bbox 606 3504 686 3565; x_wconf 74' lang='lat' dir='ltr'>signa</span> <span class='ocrx_word' id='word_1_348' title='bbox 703 3506 778 3551; x_wconf 79' lang='lat' dir='ltr'>noeis</span> <span class='ocrx_word' id='word_1_349' title='bbox 794 3506 951 3567; x_wconf 71' lang='lat' dir='ltr'>praeceptis,</span> <span class='ocrx_word' id='word_1_350' title='bbox 970 3502 1191 3565; x_wconf 77' lang='lat' dir='ltr'>arruliavmcsun</span> 
     </span>
     <span class='ocr_line' id='line_1_41' title="bbox 72 3563 1191 3634; baseline 0.005 -22"><span class='ocrx_word' id='word_1_351' title='bbox 72 3563 257 3629; x_wconf 77' lang='lat' dir='ltr'>Pythagoran,</span> <span class='ocrx_word' id='word_1_352' title='bbox 267 3567 402 3634; x_wconf 76' lang='lat' dir='ltr'>Anytique</span> <span class='ocrx_word' id='word_1_353' title='bbox 419 3583 502 3630; x_wconf 87' lang='lat' dir='ltr'>rearn,</span> <span class='ocrx_word' id='word_1_354' title='bbox 521 3569 678 3634; x_wconf 84' lang='lat' dir='ltr'>doctamque</span> <span class='ocrx_word' id='word_1_355' title='bbox 688 3564 835 3619; x_wconf 83' lang='lat' dir='ltr'>Platona.’“</span> <span class='ocrx_word' id='word_1_356' title='bbox 861 3570 904 3619; x_wconf 85' lang='lat' dir='ltr'>Sia</span> <span class='ocrx_word' id='word_1_357' title='bbox 921 3569 960 3618; x_wconf 92' lang='lat' dir='ltr'>ibi</span> <span class='ocrx_word' id='word_1_358' title='bbox 977 3569 1090 3617; x_wconf 81' lang='lat' dir='ltr'>etcodex</span> <span class='ocrx_word' id='word_1_359' title='bbox 1102 3568 1191 3618; x_wconf 88' lang='lat' dir='ltr'>MStus</span> 
     </span>
     <span class='ocr_line' id='line_1_42' title="bbox 73 3631 1190 3702; baseline 0.004 -22"><span class='ocrx_word' id='word_1_360' title='bbox 73 3631 247 3684; x_wconf 89' lang='lat' dir='ltr'>Bibliothecae</span> <span class='ocrx_word' id='word_1_361' title='bbox 265 3634 383 3702; x_wconf 87' lang='lat' dir='ltr'>publicae</span> <span class='ocrx_word' id='word_1_362' title='bbox 401 3634 627 3700; x_wconf 79' lang='lat' dir='ltr'>Cantabrigieusis.</span> <span class='ocrx_word' id='word_1_363' title='bbox 654 3639 746 3688; x_wconf 88' lang='lat' dir='ltr'>Noster</span> <span class='ocrx_word' id='word_1_364' title='bbox 764 3638 867 3701; x_wconf 82' lang='lat' dir='ltr'>[Epist]</span> <span class='ocrx_word' id='word_1_365' title='bbox 886 3639 906 3699; x_wconf 84' lang='lat'>1,</span> <span class='ocrx_word' id='word_1_366' title='bbox 916 3640 940 3688; x_wconf 85' lang='lat'>4.</span> <span class='ocrx_word' id='word_1_367' title='bbox 959 3653 981 3687; x_wconf 86' lang='lat' dir='ltr'>v.</span> <span class='ocrx_word' id='word_1_368' title='bbox 992 3639 1015 3687; x_wconf 86' lang='lat'>3.</span> <span class='ocrx_word' id='word_1_369' title='bbox 1042 3636 1190 3699; x_wconf 65' lang='lat' dir='ltr'>„Scribere</span> 
     </span>
     <span class='ocr_line' id='line_1_43' title="bbox 76 3700 684 3770; baseline 0.01 -21"><span class='ocrx_word' id='word_1_370' title='bbox 76 3700 149 3764; x_wconf 81' lang='lat' dir='ltr'>qaod</span> <span class='ocrx_word' id='word_1_371' title='bbox 166 3700 244 3752; x_wconf 74' lang='lat' dir='ltr'>Cassi</span> <span class='ocrx_word' id='word_1_372' title='bbox 257 3704 407 3754; x_wconf 78' lang='lat' dir='ltr'>Parmensis</span> <span class='ocrx_word' id='word_1_373' title='bbox 425 3706 553 3770; x_wconf 81' lang='lat' dir='ltr'>opuscula</span> <span class='ocrx_word' id='word_1_374' title='bbox 570 3706 684 3755; x_wconf 67' lang='lat' dir='ltr'>ducatf‘</span> 
     </span>
    </p>

    <p class='ocr_par' dir='ltr' id='par_1_15' title="bbox 74 3769 1192 4246">
     <span class='ocr_line' id='line_1_44' title="bbox 144 3769 1190 3841; baseline -0.001 -22"><span class='ocrx_word' id='word_1_375' title='bbox 144 3771 182 3820; x_wconf 83' lang='lat' dir='ltr'>lt).</span> <span class='ocrx_word' id='word_1_376' title='bbox 219 3771 306 3822; x_wconf 84' lang='lat' dir='ltr'>Simul</span> <span class='ocrx_word' id='word_1_377' title='bbox 328 3789 363 3822; x_wconf 92' lang='lat' dir='ltr'>an</span> <span class='ocrx_word' id='word_1_378' title='bbox 387 3770 522 3823; x_wconf 77' lang='lat' dir='ltr'>Romanas</span> <span class='ocrx_word' id='word_1_379' title='bbox 547 3788 582 3822; x_wconf 89' lang='lat' dir='ltr'>aa</span> <span class='ocrx_word' id='word_1_380' title='bbox 606 3772 707 3841; x_wconf 84' lang='lat' dir='ltr'>hospes]</span> <span class='ocrx_word' id='word_1_381' title='bbox 741 3773 875 3823; x_wconf 85' lang='lat' dir='ltr'>Editiones</span> <span class='ocrx_word' id='word_1_382' title='bbox 898 3776 1008 3835; x_wconf 81' lang='lat' dir='ltr'>vetares,</span> <span class='ocrx_word' id='word_1_383' title='bbox 1034 3769 1132 3834; x_wconf 76' lang='lat' dir='ltr'>„sienni</span> <span class='ocrx_word' id='word_1_384' title='bbox 1147 3786 1190 3831; x_wconf 76' lang='lat' dir='ltr'>ar,</span> 
     </span>
     <span class='ocr_line' id='line_1_45' title="bbox 74 3834 1191 3906; baseline 0 -20"><span class='ocrx_word' id='word_1_385' title='bbox 74 3834 209 3888; x_wconf 78' lang='lat' dir='ltr'>Romanas</span> <span class='ocrx_word' id='word_1_386' title='bbox 233 3855 269 3889; x_wconf 89' lang='lat' dir='ltr'>an</span> <span class='ocrx_word' id='word_1_387' title='bbox 288 3842 407 3906; x_wconf 81' lang='lat' dir='ltr'>hosper.“</span> <span class='ocrx_word' id='word_1_388' title='bbox 441 3841 491 3891; x_wconf 85' lang='lat' dir='ltr'>Sed</span> <span class='ocrx_word' id='word_1_389' title='bbox 508 3841 609 3903; x_wconf 86' lang='lat' dir='ltr'>statim,</span> <span class='ocrx_word' id='word_1_390' title='bbox 628 3843 659 3892; x_wconf 93' lang='lat' dir='ltr'>ab</span> <span class='ocrx_word' id='word_1_391' title='bbox 677 3841 742 3891; x_wconf 83' lang='lat' dir='ltr'>Aldu</span> <span class='ocrx_word' id='word_1_392' title='bbox 760 3842 852 3904; x_wconf 90' lang='lat' dir='ltr'>opinor</span> <span class='ocrx_word' id='word_1_393' title='bbox 869 3840 1015 3902; x_wconf 90' lang='lat' dir='ltr'>inductum,</span> <span class='ocrx_word' id='word_1_394' title='bbox 1042 3855 1078 3888; x_wconf 76' lang='lat' dir='ltr'>aa</span> <span class='ocrx_word' id='word_1_395' title='bbox 1097 3838 1191 3902; x_wconf 87' lang='lat' dir='ltr'>passim</span> 
     </span>
     <span class='ocr_line' id='line_1_46' title="bbox 76 3903 1191 3974; baseline 0.004 -23"><span class='ocrx_word' id='word_1_396' title='bbox 76 3903 201 3967; x_wconf 79' lang='lat' dir='ltr'>obtinuit3</span> <span class='ocrx_word' id='word_1_397' title='bbox 228 3912 268 3970; x_wconf 87' lang='lat' dir='ltr'>et,</span> <span class='ocrx_word' id='word_1_398' title='bbox 286 3910 400 3973; x_wconf 85' lang='lat' dir='ltr'>quamvis</span> <span class='ocrx_word' id='word_1_399' title='bbox 418 3909 525 3961; x_wconf 84' lang='lat' dir='ltr'>alterum</span> <span class='ocrx_word' id='word_1_400' title='bbox 542 3909 657 3960; x_wconf 87' lang='lat' dir='ltr'>dederint</span> <span class='ocrx_word' id='word_1_401' title='bbox 673 3908 814 3960; x_wconf 89' lang='lat' dir='ltr'>Lambinus</span> <span class='ocrx_word' id='word_1_402' title='bbox 832 3907 1023 3974; x_wconf 83' lang='lat' dir='ltr'>Gruqniusque,</span> <span class='ocrx_word' id='word_1_403' title='bbox 1040 3908 1068 3956; x_wconf 94' lang='lat' dir='ltr'>in</span> <span class='ocrx_word' id='word_1_404' title='bbox 1087 3906 1191 3971; x_wconf 87' lang='lat' dir='ltr'>nuperis</span> 
     </span>
     <span class='ocr_line' id='line_1_47' title="bbox 75 3970 1191 4042; baseline 0.004 -22"><span class='ocrx_word' id='word_1_405' title='bbox 75 3970 230 4024; x_wconf 89' lang='lat' dir='ltr'>editionibus</span> <span class='ocrx_word' id='word_1_406' title='bbox 254 3977 347 4026; x_wconf 87' lang='lat' dir='ltr'>iterum</span> <span class='ocrx_word' id='word_1_407' title='bbox 369 3981 466 4042; x_wconf 81' lang='lat' dir='ltr'>regnat.</span> <span class='ocrx_word' id='word_1_408' title='bbox 508 3979 651 4029; x_wconf 89' lang='lat' dir='ltr'>Revocotur</span> <span class='ocrx_word' id='word_1_409' title='bbox 673 3982 746 4029; x_wconf 83' lang='lat' dir='ltr'>vetus</span> <span class='ocrx_word' id='word_1_410' title='bbox 769 3977 908 4041; x_wconf 88' lang='lat' dir='ltr'>scriptura,</span> <span class='ocrx_word' id='word_1_411' title='bbox 933 3991 1009 4041; x_wconf 88' lang='lat' dir='ltr'>quam</span> <span class='ocrx_word' id='word_1_412' title='bbox 1031 3991 1116 4025; x_wconf 89' lang='lat' dir='ltr'>omnes</span> <span class='ocrx_word' id='word_1_413' title='bbox 1139 3975 1191 4025; x_wconf 82' lang='lat' dir='ltr'>sere</span> 
     </span>
     <span class='ocr_line' id='line_1_48' title="bbox 75 4041 1192 4110; baseline 0.005 -23"><span class='ocrx_word' id='word_1_414' title='bbox 75 4041 185 4091; x_wconf 89' lang='lat' dir='ltr'>omnium</span> <span class='ocrx_word' id='word_1_415' title='bbox 205 4044 305 4094; x_wconf 85' lang='lat' dir='ltr'>codices</span> <span class='ocrx_word' id='word_1_416' title='bbox 323 4049 434 4095; x_wconf 87' lang='lat' dir='ltr'>tuentur.</span> <span class='ocrx_word' id='word_1_417' title='bbox 460 4045 504 4097; x_wconf 83' lang='lat' dir='ltr'>An</span> <span class='ocrx_word' id='word_1_418' title='bbox 522 4046 589 4096; x_wconf 89' lang='lat' dir='ltr'>enim</span> <span class='ocrx_word' id='word_1_419' title='bbox 607 4047 698 4098; x_wconf 85' lang='lat' dir='ltr'>vitiose</span> <span class='ocrx_word' id='word_1_420' title='bbox 714 4047 757 4095; x_wconf 89' lang='lat' dir='ltr'>hic</span> <span class='ocrx_word' id='word_1_421' title='bbox 775 4046 815 4095; x_wconf 91' lang='lat' dir='ltr'>his</span> <span class='ocrx_word' id='word_1_422' title='bbox 830 4045 948 4110; x_wconf 79' lang='lat' dir='ltr'>ponitur:</span> <span class='ocrx_word' id='word_1_423' title='bbox 967 4045 995 4094; x_wconf 90' lang='lat' dir='ltr'>in</span> <span class='ocrx_word' id='word_1_424' title='bbox 1012 4044 1097 4110; x_wconf 89' lang='lat' dir='ltr'>priore</span> <span class='ocrx_word' id='word_1_425' title='bbox 1114 4056 1192 4093; x_wconf 83' lang='lat' dir='ltr'>mern-</span> 
     </span>
     <span class='ocr_line' id='line_1_49' title="bbox 76 4109 1191 4179; baseline 0.006 -24"><span class='ocrx_word' id='word_1_426' title='bbox 76 4109 121 4157; x_wconf 85' lang='lat' dir='ltr'>bro</span> <span class='ocrx_word' id='word_1_427' title='bbox 139 4115 183 4159; x_wconf 87' lang='lat' dir='ltr'>aut</span> <span class='ocrx_word' id='word_1_428' title='bbox 200 4127 233 4160; x_wconf 88' lang='lat' dir='ltr'>ne</span> <span class='ocrx_word' id='word_1_429' title='bbox 256 4113 318 4179; x_wconf 88' lang='lat' dir='ltr'>poni</span> <span class='ocrx_word' id='word_1_430' title='bbox 337 4114 424 4174; x_wconf 86' lang='lat' dir='ltr'>debet,</span> <span class='ocrx_word' id='word_1_431' title='bbox 453 4118 497 4164; x_wconf 90' lang='lat' dir='ltr'>aut</span> <span class='ocrx_word' id='word_1_432' title='bbox 522 4114 596 4165; x_wconf 87' lang='lat' dir='ltr'>nihii.</span> <span class='ocrx_word' id='word_1_433' title='bbox 633 4116 675 4165; x_wconf 84' lang='lat' dir='ltr'>Sic</span> <span class='ocrx_word' id='word_1_434' title='bbox 701 4116 729 4164; x_wconf 91' lang='lat' dir='ltr'>in</span> <span class='ocrx_word' id='word_1_435' title='bbox 747 4116 809 4164; x_wconf 84' lang='lat' dir='ltr'>Arte</span> <span class='ocrx_word' id='word_1_436' title='bbox 826 4115 895 4163; x_wconf 78' lang='lat' dir='ltr'>Poet.</span> <span class='ocrx_word' id='word_1_437' title='bbox 913 4130 936 4163; x_wconf 82' lang='lat' dir='ltr'>v.</span> <span class='ocrx_word' id='word_1_438' title='bbox 958 4115 1013 4164; x_wconf 82' lang='lat'>114.</span> <span class='ocrx_word' id='word_1_439' title='bbox 1048 4111 1191 4174; x_wconf 79' lang='lat' dir='ltr'>„intererit</span> 
     </span>
     <span class='ocr_line' id='line_1_50' title="bbox 75 4177 1191 4246; baseline 0.007 -23"><span class='ocrx_word' id='word_1_440' title='bbox 75 4177 194 4242; x_wconf 73' lang='lat' dir='ltr'>raetiam,</span> <span class='ocrx_word' id='word_1_441' title='bbox 212 4179 329 4231; x_wconf 76' lang='lat' dir='ltr'>Diversae</span> <span class='ocrx_word' id='word_1_442' title='bbox 340 4181 473 4246; x_wconf 83' lang='lat' dir='ltr'>loquatur,</span> <span class='ocrx_word' id='word_1_443' title='bbox 492 4197 524 4232; x_wconf 89' lang='lat' dir='ltr'>an</span> <span class='ocrx_word' id='word_1_444' title='bbox 537 4183 629 4245; x_wconf 78' lang='lat' dir='ltr'>heror5</span> <span class='ocrx_word' id='word_1_445' title='bbox 647 4182 803 4233; x_wconf 81' lang='lat' dir='ltr'>Matnrurue</span> <span class='ocrx_word' id='word_1_446' title='bbox 820 4198 908 4246; x_wconf 79' lang='lat' dir='ltr'>senem,</span> <span class='ocrx_word' id='word_1_447' title='bbox 927 4197 959 4232; x_wconf 91' lang='lat' dir='ltr'>au</span> <span class='ocrx_word' id='word_1_448' title='bbox 978 4180 1066 4231; x_wconf 62' lang='lat' dir='ltr'>mirac</span> <span class='ocrx_word' id='word_1_449' title='bbox 1079 4181 1191 4241; x_wconf 68' lang='lat' dir='ltr'>florente</span> 
     </span>
    </p>
   </div>
   <div class='ocr_carea' id='block_1_8' title="bbox 0 0 1436 4752">
    <p class='ocr_par' dir='ltr' id='par_1_16' title="bbox 0 0 1436 4752">
     <span class='ocr_line' id='line_1_51' title="bbox 0 0 1436 4752; baseline 0 0"><span class='ocrx_word' id='word_1_450' title='bbox 0 0 1436 4752; x_wconf 95' lang='lat' dir='ltr'> </span> 
     </span>
    </p>
   </div>
  </div>
 </body>
</html>
