2818 4758
191 198 233 260 66
579 206 610 265 q.
632 203 773 252 nonaum
794 202 917 251 resecr

237 358 264 408 15
320 344 393 407 Non
415 337 640 406 erubescendis
662 337 769 403 adurit

360 425 504 508 Ignibus,
525 424 730 505 ingenuoque
752 442 879 506 semper

277 514 394 578 Amore
416 529 540 596 peccas.
564 507 716 591 quiequid
737 506 848 584 habes,
871 526 943 588 age,

277 599 326 663 De
351 616 411 661 one
433 595 510 660 tutis
533 593 674 659 auribus.
704 590 746 655 ah
769 590 875 665 miser,

321 619 449 761 duanta
470 679 600 745 laboras
622 677 656 741 in
678 674 857 759 Charybdi!

234 780 266 831 uo
363 766 470 847 Digne
490 783 572 849 puer
592 761 722 827 meliore
743 760 882 826 flamma.

281 851 371 930 Quae
394 869 485 931 saga,
509 849 581 931 quis
603 853 635 911 te
658 846 781 911 solvere
804 844 971 911 Thessalis

277 938 393 1018 Magus
414 932 555 1011 venenis,
578 930 651 1014 quis
672 930 790 1029 poterit
810 931 922 996 Densi
1011 984 1013 990 .

321 1021 383 1086 Vix
403 1019 573 1101 inligatum
595 1024 626 1081 te
648 1014 782 1080 trrlormi

365 1107 512 1186 Pegasus
534 1101 684 1187 expediet
707 1098 886 1165 Chimaera.

679 1268 830 1335 XXVIII.

280 1395 327 1457 Te
349 1390 447 1455 maris
470 1395 502 1454 et
523 1395 636 1467 terrae,
658 1405 855 1469 numeroque
878 1386 1015 1453 carentis
1037 1407 1154 1454 arenae

322 1477 499 1541 Mensorem
522 1472 677 1545 cohibent,
702 1471 853 1556 Archyta,

282 1559 428 1625 Pulveris
450 1557 559 1639 exigui
581 1577 680 1642 prope
702 1555 778 1621 litus
801 1575 903 1640 parva
924 1556 1079 1621 Matinum

325 1646 475 1710 Munera:
498 1662 556 1708 nec
578 1642 749 1792 qluiequarn
769 1640 830 1716 ⁴tibi
851 1639 992 1725 prodest,
1046 1668 1050 1677 ⁴

253 1730 395 1795 therias
419 1734 559 1795 tentasse
603 1746 692 1793 omos
714 1725 885 1809 animoque
906 1725 1077 1791 rotundum

323 1813 524 1880 Percurrisse
545 1812 666 1897 polum,
687 1811 849 1876 morituro.

196 1967 323 2032 voluntas)
341 1965 464 2016 Limite.“
498 1963 582 2015 Valer.
590 1963 697 2013 Flaccus
706 1963 750 2026 lV,
760 1965 818 2015 471.
853 1961 942 2027 „Quin
958 1977 1017 2028 age,
1034 1965 1225 2028 miltepreeess·
1244 1978 1322 2014 nam·

197 2051 248 2103 que
266 2036 372 2085 esttibi
388 2037 482 2084 nostra
506 2031 656 2082 colanias.“

269 2105 307 2155 15.
325 2100 388 2153 Non
407 2099 590 2150 erubescendis
608 2098 700 2150 adurit
717 2098 836 2163 Ignibus,
854 2099 1023 2163 ingenuoque
1040 2112 1143 2163 semper
1151 2098 1251 2148 Amare
1261 2114 1320 2162 pec·

197 2174 252 2234 aas]
288 2172 346 2220 Nou
364 2169 483 2220 videntur
500 2168 643 2234 percepisse
661 2168 723 2216 haec
746 2166 906 2231 interpretes.
941 2166 1061 2229 Ingenuo
1086 2181 1177 2216 amore
1198 2181 1321 2231 peceare,

196 2240 244 2289 hoc
255 2243 301 2299 est,
318 2239 445 2303 ingenuae
462 2237 586 2297 mulieris,
603 2251 655 2284 uon
673 2233 788 2284 ancillae.
823 2233 874 2289 Qui
892 2233 960 2283 enirn
978 2250 1032 2284 enm
1051 2233 1154 2283 aucillis
1171 2249 1224 2283 rem
1243 2234 1320 2284 habe·

197 2306 268 2367 bant,
286 2312 413 2370 tamquam
431 2305 540 2355 humiles
558 2310 583 2354 et
599 2302 715 2353 sordidae
729 2300 978 2366 libidinishomines,
995 2301 1060 2351 male
1079 2300 1155 2366 vulgo
1172 2301 1321 2362 audiebant,

198 2380 224 2426 et
241 2373 420 2424 Ancillarioli.
432 2373 599 2423 vocabantur:
618 2370 685 2420 unde
702 2375 788 2419 noster
803 2368 883 2420 Oarm.
895 2369 927 2430 lI,
943 2371 967 2421 4.
986 2368 1081 2420 solatur
1089 2368 1231 2420 Xanthiam
1242 2385 1321 2434 quens

198 2442 256 2492 darn
273 2441 395 2506 exemplis
406 2440 524 2501 Achillei,
542 2438 779 2503 ethgamemnouie,
797 2436 839 2488 Ne
854 2439 891 2486 sit
907 2435 1023 2487 ancillae
1039 2438 1092 2486 sibi
1118 2452 1194 2487 amor
1210 2437 1320 2502 pudori.

198 2512 281 2573 Atque
298 2510 357 2570 hnc,
376 2513 402 2557 et
418 2523 470 2556 non
488 2507 539 2556 elio
557 2505 757 2572 pertiuent'illa,
775 2520 829 2554 aon
848 2504 1031 2554 erubescendis
1048 2505 1156 2569 ignibus
1162 2525 1172 2567 ,·
1199 2505 1248 2555 hoc
1275 2508 1321 2564 est,

198 2593 250 2627 non
260 2575 376 2635 ancillae,
386 2575 431 2638 qui
444 2573 607 2624 erubescendi
616 2573 705 2632 essent.
726 2574 821 2623 Seneca
829 2571 987 2622 controvers.
997 2570 1068 2622 XXI.
1079 2574 1105 2638 [ξ
1118 2573 1143 2635 8]
1162 2578 1252 2622 eontra
1271 2589 1321 2623 ser·

199 2659 265 2703 vum,
284 2644 328 2706 qui
346 2641 443 2690 domini
462 2641 539 2690 filiam
557 2656 660 2690 uxorem
677 2641 791 2702 duxerat,
809 2639 976 2705 „Habeamus
983 2655 1121 2704 generum,
1138 2644 1164 2690 si
1169 2654 1318 2705 posssimus,

196 2725 307 2778 parem:
332 2711 375 2757 sia
393 2711 489 2769 minus,
517 2724 568 2757 non
595 2709 821 2769 erubescendum“,
840 2707 867 2757 id
885 2712 934 2771 cst,
952 2723 1003 2757 non
1022 2725 1129 2759 servum.
1165 2707 1236 2757 Idem
1255 2707 1321 2757 Con·

200 2784 263 2829 trov.
275 2775 321 2825 IX.
333 2777 359 2840 [ξ
367 2777 392 2837 6]
411 2775 497 2825 eodem
516 2791 597 2827 seusu.
616 2774 696 2839 ‚‚Noa
714 2778 912 2826 insanissimum
924 2775 1124 2841 dispendiorum
1141 2776 1252 2838 melam,
1271 2792 1322 2825 non

200 2843 383 2960 eruhesclendos
406 2858 517 2908 amores,
541 2859 626 2909 neque
650 2843 834 2893 inebriantem
857 2844 986 2906 habitum,
1013 2859 1098 2908 neque
1116 2848 1260 2909 nepotatur
1280 2845 1322 2894 ab·

199 2914 260 2962 iieis
276 2911 361 2973 fiio.“
492 2960 495 2965 ,

271 2980 309 3031 19.
329 2976 436 3041 Querela
455 2977 562 3029 laboras
579 2981 607 3028 in
627 2977 775 3045 Charybdi]
811 2978 888 3027 Deest
905 2977 1063 3043 praepositio
1075 2978 1103 3027 in
1115 2977 1233 3028 omnibus
1251 2981 1323 3040 meis,

201 3047 276 3097 credo
294 3046 370 3097 etiam
388 3052 414 3096 et
430 3046 547 3098 aliorum.
581 3047 655 3098 Unde
672 3046 772 3096 codices
796 3045 895 3110 aliquot
913 3046 1056 3096 laborabas
1073 3045 1175 3110 habent,
1204 3052 1235 3096 ut
1252 3046 1322 3098 Leid.

200 3114 297 3165 Zuliah.
316 3121 342 3165 et
359 3130 406 3179 pro
423 3115 494 3164 varia
510 3114 619 3164 lectione
628 3114 795 3174 Battelianus,
813 3117 839 3163 et
854 3113 934 3164 editio
943 3113 1040 3163 Veneta
1054 3115 1127 3165 1478.
1162 3113 1247 3178 Atque
1256 3114 1323 3165 hanc

201 3182 354 3248 scripturam
372 3198 388 3232 a
404 3183 490 3247 magni
510 3183 621 3231 numinis
638 3182 700 3232 viris
715 3181 832 3245 vulgatae
842 3182 964 3246 anteponi
973 3182 1063 3231 rideo:
1081 3197 1187 3244 quornm
1205 3183 1323 3246 equidem

202 3251 342 3300 sententiae
367 3265 418 3299 non
444 3265 546 3315 possum
571 3249 696 3299 accedere.
732 3248 857 3304 Quorsum
877 3250 944 3299 euim
968 3248 1109 3300 laborabas
1135 3254 1266 3313 tamquam
1295 3251 1323 3301 de

201 3332 285 3366 amore
302 3317 458 3382 praeterito?
477 3314 540 3365 Cum
557 3315 608 3365 iam
618 3322 672 3365 tum
680 3315 813 3379 laboraret,
832 3333 889 3366 cum
906 3318 953 3366 hoe
972 3317 1186 3381 interrogaretur3
1207 3321 1236 3367 ut
1252 3318 1325 3369 loeus

202 3384 257 3447 ipse
275 3382 342 3433 clare
360 3383 467 3433 indicat.
503 3382 579 3443 Quid,
598 3383 665 3446 quod
683 3400 714 3434 ne
723 3383 841 3434 Latinum
859 3384 960 3449 quidem
978 3384 1086 3444 videtur,
1106 3385 1250 3435 laborabas
1262 3388 1324 3437 aba·

202 3449 302 3517 rybdi?
337 3448 464 3498 Laborere
489 3451 591 3511 morbo,
612 3448 725 3516 frigore,
745 3454 839 3517 inopia
857 3458 903 3502 etc.
928 3453 1022 3516 passim
1042 3453 1172 3503 invenias:
1199 3459 1279 3518 atque
1298 3469 1326 3505 ea

202 3518 294 3583 opinor
311 3516 342 3566 de
360 3532 435 3565 eausa
453 3517 665 3581 praepositionem
677 3518 816 3569 omiserunt
826 3518 947 3579 Librarii3
967 3519 1034 3583 quod
1052 3520 1184 3570 crederent
1201 3520 1270 3571 idem
1289 3522 1324 3571 lo·

203 3584 298 3650 queudi
315 3599 395 3647 genus
413 3583 454 3632 hic
473 3583 556 3634 locum
573 3584 677 3635 hebere:
702 3590 727 3635 et
751 3586 841 3637 deinde
866 3587 947 3637 exorti
965 3592 1025 3637 suunt
1042 3591 1204 3649 correctores,
1232 3589 1279 3653 qui
1297 3594 1326 3640 ut

202 3651 332 3704 laboranti
348 3650 432 3700 verani
450 3658 632 3715 succurrerent,
650 3668 697 3719 pro
715 3653 829 3716 laboras,
848 3655 989 3706 laborabas
1014 3661 1187 3720 reposuerunt.
1223 3657 1254 3705 In
1275 3673 1324 3721 quo

203 3736 264 3772 eane
283 3719 349 3783 lugit
366 3733 408 3767 eoa
426 3718 492 3766 ratio
510 3724 535 3768 et
552 3719 672 3770 dictionis
696 3722 846 3785 proprietas.
881 3722 968 3787 Neque
986 3723 1055 3773 enim
1073 3725 1175 3784 dixeris,
1201 3723 1327 3775 laborare

203 3791 308 3851 itiam,
326 3784 402 3848 silva,
420 3787 534 3847 negotio,
554 3790 633 3850 mari,
649 3790 734 3853 sputi,
753 3788 796 3838 sed
817 3791 846 3839 in
864 3791 968 3853 itinere,
986 3794 1015 3840 in
1032 3791 1101 3841 silva
1119 3795 1167 3843 etc.
1184 3807 1267 3856 neque
1288 3792 1326 3843 la·

205 3858 301 3907 bcrare
315 3852 417 3919 puella,
435 3852 478 3901 sed
496 3855 525 3901 ia
542 3854 648 3918 paella‚·
672 3859 701 3904 ut
717 3861 803 3905 noster
822 3855 903 3907 Carni.
914 3858 935 3920 I,
947 3861 986 3920 l'l,
999 3860 1038 3912 19.
1073 3860 1171 3923 „ilices
1179 3857 1327 3910 laborantes

204 3923 232 3973 in
250 3939 301 3972 uno
319 3919 468 3983 Penelopen
486 3922 649 3986 vitreamque
668 3921 788 3973 Circen.“
1286 3948 1288 3951 ·

273 3992 296 4042 3.
315 3987 435 4037 Pulueris
453 3989 547 4051 eaigui
562 4004 648 4054 prope
673 3990 736 4040 lieres
749 4006 839 4055 parca
857 3990 988 4043 lllalinum
1006 3990 1130 4056 Munera]
1166 3994 1223 4044 Nic.
1242 3993 1325 4044 Hein-

205 4058 266 4118 sius,
284 4057 312 4107 in
330 4052 391 4104 libri
409 4053 530 4117 margine,
548 4054 653 4120 „Forte
671 4057 797 4107 Funera.“
814 4058 914 4108 Nollem
932 4061 1047 4125 equidem
1065 4062 1113 4111 hoc
1132 4066 1204 4112 tantu
1216 4062 1272 4113 rire
1284 4078 1326 4112 cx·

205 4124 310 4174 cidisse:
329 4119 488 4171 dissimulare
506 4125 590 4172 tamen
607 4123 671 4173 illud
690 4128 715 4174 et
732 4125 889 4190 supprimere
906 4128 998 4192 religio
1015 4129 1079 4179 mihi
1097 4135 1159 4181 erat.
