2840 4762
388 298 567 350 CARMINUM
588 304 654 350 ΜΒ.
676 305 698 350 1.
722 298 747 352 2.

90 434 157 502 Heu
177 433 271 501 nimis
294 435 390 518 longo
414 436 528 502 satiate
550 436 643 516 ludo;

90 522 187 599 Quem
208 520 297 587 iuvat
318 522 447 599 clamor,
470 523 648 605 galeaeque
670 521 768 603 leves,

90 608 168 672 Acer
188 611 220 671 et
240 605 339 671 Marsi
360 605 479 692 peditis
502 613 668 671 cruentum

442 691 557 757 Voltus
578 692 612 757 in
633 692 769 758 hostem.

90 774 161 840 Sive
181 778 306 839 mutata
326 774 475 841 iuvenem
496 776 602 858 figura

90 859 161 924 Ales
183 858 216 922 in
238 859 331 926 terris
352 858 498 939 imitaris,
521 862 626 927 almae

90 943 186 1008 Filius
208 943 322 1022 Maiae,
345 945 472 1030 patiens
494 947 601 1011 vocari

441 1030 591 1096 Caesaris
612 1031 711 1096 ultor:

303 1164 327 1200 v.
345 1149 387 1200 so.
404 1148 480 1213 ung.
498 1147 597 1200 uam,

91 1320 139 1376 tus,
157 1319 267 1379 quantus
285 1321 395 1381 quantus
413 1321 459 1377 eet,
477 1317 559 1381 fulget
576 1320 601 1367 et
618 1316 722 1369 candet:
766 1316 838 1381 Virg.
857 1316 928 1378 vm.
949 1318 1007 1369 tro.
1046 1317 1125 1384 „lpse

90 1385 176 1433 *niueo
195 1383 327 1434 candentis
345 1384 436 1435 limine
453 1385 551 1435 Phoebi
567 1385 646 1435 Dona
663 1389 832 1449 recognoscet
847 1384 1038 1451 populorum.“

90 1453 108 1501 l.
127 1450 197 1501 Acer
213 1457 240 1500 et
255 1451 349 1502 Mauri
362 1452 461 1518 peditis
480 1458 619 1503 cruentum
637 1451 735 1503 Vultus
759 1455 788 1502 in
806 1453 915 1515 bostem]
942 1452 989 1502 Vir
1012 1453 1123 1519 sagacis·

96 1518 192 1583 Tanaq.
218 1518 309 1581 Faber,
333 1519 463 1584 limanda,
481 1521 575 1584 inquit,
594 1518 687 1583 Marsi,
711 1517 783 1571 Nam
801 1517 893 1570 Mauri
909 1520 1040 1570 inbelles:
1060 1522 1123 1571 olem

90 1589 191 1636 ¹tionem
206 1588 334 1652 probabo.
369 1588 405 1637 Et
422 1588 450 1637 in
468 1588 533 1639 hanc
552 1589 633 1639 soceri
651 1588 691 1637 sul
709 1587 861 1638 sententiam
880 1587 996 1638 concedit
1013 1589 1122 1639 celeber·

90 1653 223 1715 Dacerius3
241 1654 393 1719 promissum
405 1660 490 1706 tamen
502 1656 556 1707 eius
574 1656 678 1706 minime
696 1653 819 1707 absoluit:
838 1655 903 1705 illud
921 1656 993 1706 addit
1010 1657 1122 1722 unicum,

91 1726 150 1770 tare
167 1723 197 1770 iu
214 1725 323 1772 neamus
341 1723 511 1776 editionibus.
546 1723 701 1788 Magnopere
725 1722 841 1789 equidem
858 1724 944 1774 videre
962 1723 1052 1775 uellem
1071 1729 1124 1774 tam

90 1803 150 1853 quas
164 1795 300 1851 manserat,v
311 1790 451 1842 editiones:
470 1791 593 1856 plurimas
603 1792 666 1841 mihi
680 1806 728 1841 usu
741 1792 811 1841 veuit
819 1792 960 1856 inspicere;
972 1793 1124 1842 ¹veterrimas

90 1856 163 1906 nibus
179 1857 231 1907 iam
248 1858 342 1918 hebe03
369 1859 435 1908 nihil
460 1864 544 1909 tamen
568 1859 704 1924 quiequam
727 1858 891 1924 vellegendo
909 1858 948 1909 rel
965 1859 1042 1910 fando
1060 1859 1125 1910 mihi

90 1928 155 1973 rium
173 1929 212 1974 est
228 1925 259 1975 de
276 1941 306 1976 ea
322 1925 445 1976 lectione:
470 1931 499 1977 ut
512 1927 587 1991 plane
606 1943 704 1988 verear,
722 1942 754 1976 ne
772 1927 796 1976 ei
814 1928 939 1977 somnium
957 1927 1005 1977 hoo
1022 1926 1124 1977 advola·

90 2009 131 2055 ser
147 1991 282 2043 eburneam
300 1999 406 2058 portam.
440 1994 530 2045 Nihilo
553 2001 638 2045 tamen
655 1995 738 2045 secius
756 1995 898 2045 emendatio
915 1996 966 2044 ists
983 1995 1126 2045 certissima

90 2060 263 2125 refragantibus
280 2060 342 2112 lieet
359 2061 476 2112 omnibus
501 2062 589 2123 libris,
616 2067 642 2113 et
659 2063 763 2127 scriptis
781 2069 807 2113 et
824 2063 907 2113 editis.
942 2062 1045 2128 Quippe
1061 2063 1124 2112 haec

108 2128 246 2193 descriptio
264 2132 310 2191 set,
328 2136 354 2180 et
370 2129 459 2192 fortis,
477 2135 503 2179 et
519 2130 625 2196 peditis,
644 2135 669 2180 ot
687 2132 807 2181 cominus
823 2130 965 2196 stabilique
980 2130 1049 2196 pede
1065 2144 1125 2180 mem

90 2200 248 2261 pugnantis.
282 2197 343 2247 Tria
359 2197 421 2248 hacc
439 2198 514 2262 plane
531 2198 680 2248 indicantur
696 2199 737 2249 his
755 2197 846 2262 verbis,
866 2198 937 2248 Aces-
952 2197 1052 2262 peditis
1068 2198 1125 2247 uul-

106 2265 205 2313 bostem
225 2269 380 2315 cruentum:
403 2282 511 2330 quorum
534 2283 565 2316 ne
584 2283 662 2315 unum
681 2266 782 2330 quidem
800 2265 904 2316 lllauris
921 2265 1056 2315 convenire
1074 2266 1126 2314 iam

90 2332 214 2384 standum.
249 2333 382 2397 Principio
405 2333 512 2383 multum
537 2332 620 2393 abest,
648 2338 677 2384 ut
700 2333 728 2384 hi
746 2333 829 2395 sortes
847 2331 1013 2393 haberentur3
1036 2336 1124 2396 utpote

90 2400 137 2461 ris,
165 2405 191 2450 et
209 2400 306 2457 Gallis,
332 2401 425 2450 nedum
442 2402 579 2465 Romanis,
597 2403 691 2451 virtute
708 2400 849 2453 inferiores.
884 2400 987 2450 Hirtius
1005 2400 1036 2450 de
1054 2399 1125 2450 Bello

91 2484 129 2518 uo.
148 2483 203 2532 cap.
223 2470 246 2520 6.
264 2468 391 2533 ‚,Accidit
406 2484 449 2518 res
466 2470 639 2532 incredibilis,
658 2474 690 2521 ut
706 2472 807 2534 equites
822 2471 911 2518 minus
930 2470 1044 2533 triginta
1056 2467 1128 2518 Galli

91 2552 145 2584 rum
171 2539 290 2601 equitum
307 2536 360 2586 duo
377 2536 465 2587 millia
483 2537 540 2587 loco
557 2537 700 2602 pellerent,
726 2540 907 2602 negarentque
923 2537 952 2585 in
972 2535 1127 2602 oppidum.“

107 2603 213 2668 XXIII,
232 2606 272 2657 26.
307 2603 365 2655 Nee
381 2603 501 2655 Numida
525 2605 644 2671 Hispano
669 2620 747 2671 eques
762 2620 816 2670 par
831 2604 900 2666 fuit,
926 2619 974 2654 neo
991 2604 1127 2654 iaculator

92 2688 104 2720 s
123 2677 232 2736 cetrato,
250 2672 390 2723 volomtate
405 2676 477 2737 pari,
495 2673 591 2723 robore
609 2675 695 2723 animi
705 2675 855 2737 uiriumque
869 2672 1038 2737 aliquantum
1048 2687 1127 2737 prae·

93 2741 110 2767 ¹‘
150 2741 240 2806 Neque
263 2756 322 2790 vero
346 2740 445 2807 peditis
467 2741 552 2790 Mauri
579 2740 632 2790 ullo
649 2741 677 2791 in
694 2757 799 2790 numero
823 2744 909 2800 erant3
934 2742 1055 2804 equitatu
1074 2738 1127 2788 solo

91 2812 98 2856 i
116 2822 147 2856 ea
163 2824 239 2872 gene3
255 2824 303 2858 nec
321 2811 442 2858 cominus
459 2808 568 2872 denique
586 2809 624 2858 vel
642 2809 711 2859 iusta
726 2809 781 2859 acie
794 2806 952 2873 pugnabant,
963 2807 1006 2858 sed
1017 2810 1128 2871 eminus,

91 2876 201 2925 rthorum
226 2876 278 2926 iere
301 2891 370 2926 more
394 2876 480 2927 statim
507 2876 675 2941 releguntur,
705 2875 750 2926 ubi
774 2875 858 2926 iacula
883 2875 958 2926 semel
984 2876 1126 2925 emiserant.

100 2943 208 2994 Flaccus
226 2944 275 2993 111.
294 2946 352 2996 587.
389 2943 455 3008 „Ille
477 2945 551 2995 uelaet
573 2944 655 3010 refugi
674 2959 750 3009 quem
773 2945 890 3008 contigit
905 2944 1027 3008 improba
1044 2942 1128 2994 Mauri

91 3012 136 3060 a.“
169 3012 272 3060 Hirtius
297 3027 319 3062 o.
343 3013 367 3062 l.
401 3011 512 3075 „Subito
536 3013 634 3078 equites
652 3013 744 3074 Mauri,
769 3027 854 3077 neque
874 3013 1047 3077 opinantibus
1066 3010 1129 3061 Cae-

91 3081 125 3141 ie,
144 3082 258 3143 remiges
276 3079 374 3143 adorti,
392 3079 490 3130 inultos
507 3081 604 3131 iaculis
613 3081 881 3141 convulneraverunt,
892 3079 1036 3130 nonnullas
1046 3081 1129 3128 inier-

92 3150 131 3196 nt.
149 3144 366 3198 Latentcnimin
383 3147 491 3197 insidiis
509 3163 568 3198 cum
587 3151 661 3214 equis
678 3150 750 3197 inter
767 3146 907 3210 conualles,
926 3152 952 3196 ei
967 3147 1055 3196 subito
1073 3147 1129 3196 eai-

92 3229 144 3262 non
154 3217 223 3264 utin
233 3230 327 3281 campo
337 3215 452 3264 cominus
463 3215 642 3281 depugnent.“
653 3215 713 3266 Sall.
723 3216 739 3266 J
740 3232 782 3280 ug.
793 3229 848 3279 cap.
855 3215 897 3266 st.
907 3214 1032 3281 „Equites
1043 3212 1129 3263 Mauri

92 3281 200 3332 Gaetuli
216 3298 270 3332 non
284 3287 342 3333 acie
359 3298 445 3348 neque
458 3283 511 3333 ullo
529 3300 599 3334 more
611 3284 713 3348 proelii,
731 3282 779 3333 scd
786 3283 944 3333 cateruatim
956 3284 998 3332 uti
1011 3296 1129 3346 quosque

92 3349 290 3412 anglabaucrat,
309 3353 337 3399 ia
355 3355 461 3400 nostros
479 3353 649 3401 incurrunt.“
684 3350 788 3401 Tacitus
800 3350 869 3401 Hist.
883 3350 918 3410 11,
937 3350 977 3401 58.
1013 3348 1129 3412 „Ingens

92 3433 147 3465 rum
164 3432 291 3467 numerus
308 3434 358 3481 per
373 3418 510 3468 latrocinia
528 3424 553 3469 et
570 3424 659 3484 raptus
678 3424 741 3485 apta
752 3419 820 3468 bello
831 3420 952 3468 manus.“
972 3415 1129 3466 Claudianus

92 3484 120 3534 lo
137 3485 280 3534 Gildonico.
299 3487 357 3537 432.
393 3484 467 3550 „Nec
484 3503 538 3551 uos,
556 3487 707 3536 barbariem
725 3489 846 3552 quamuis
864 3486 1003 3550 collegerit
1018 3499 1129 3547 omnem,

92 3558 121 3602 rt.
158 3553 200 3602 Aa
226 3553 310 3602 Mauri
338 3554 476 3614 fremitum
500 3569 649 3619 raucosque
671 3555 794 3619 repulsus
818 3551 963 3604 llmbonum
981 3557 1007 3602 et
1029 3557 1130 3602 uestros

92 3623 108 3669 i
130 3621 246 3670 cominus
270 3624 361 3671 enses?
390 3619 453 3673 Non
487 3627 582 3673 contem
615 3622 717 3688 clypeis
749 3626 831 3672 tector
853 3622 972 3685 galeisue
998 3623 1128 3670 micantes

119 3689 151 3738 In
168 3688 233 3738 solis
249 3687 326 3753 longe
342 3688 445 3750 fiducia
463 3690 529 3742 telis.
565 3689 731 3740 deartuatus
750 3692 809 3750 erit,
827 3703 885 3738 curu
904 3689 1003 3739 missile
1014 3690 1131 3750 torserit,

125 3757 232 3807 Deatm
249 3761 337 3806 movet
358 3757 484 3809 iaculum.
511 3763 669 3824 praetentat
691 3757 780 3823 pallia
804 3756 889 3807 laeua.
927 3755 1020 3808 Cetera
1041 3753 1130 3805 nudus

120 3823 234 3890 Sonipes
250 3826 365 3888 ignarus
382 3825 510 3880 habenae.
546 3824 634 3890 Virga
650 3828 729 3890 regit.
764 3823 827 3879 Non
845 3823 903 3874 ulla
917 3823 992 3888 fides,
1011 3838 1065 3873 uon
1083 3835 1131 3886 ag-

97 3892 173 3942 orde.
209 3890 294 3942 Arma
313 3895 405 3957 oneri,
423 3892 492 3957 fuga
515 3893 679 3960 praesidio.“
715 3892 764 3949 Qui
793 3891 894 3957 quidem
912 3892 983 3942 locus
1001 3890 1040 3940 vel
1064 3905 1131 3940 unus

93 3966 148 4008 tam
160 3959 279 4010 oonfloit:
295 3972 353 4010 oum
371 3966 396 4010 et
413 3961 529 4011 imbelles
546 3961 736 4010 luisseMauros
754 3964 875 4021 testatur,
902 3963 974 4009 etex
992 3973 1058 4023 equo
1083 3973 1131 4022 pu-

93 4028 189 4090 solitos,
208 4027 316 4091 telisque
334 4031 436 4078 eminus
453 4029 537 4079 missis
555 4029 678 4079 continuo
696 4029 724 4078 in
741 4027 811 4093 fuga
828 4027 984 4093 praesidium
1002 4041 1130 4090 quaerere.

93 4100 198 4155 ueteres,
224 4111 282 4145 cum
300 4095 424 4146 Horatius
448 4096 509 4147 haee
534 4097 571 4146 ita
598 4096 774 4156 coniunxerit,
798 4095 898 4157 „Quem
921 4097 997 4144 iuuat
1020 4092 1131 4155 elamor,

93 4164 236 4228 melanes,
255 4163 326 4214 Acer
350 4169 376 4214 et
398 4163 492 4214 Masuri
513 4164 611 4230 peditis
637 4169 777 4215 cruentum
795 4162 893 4214 Vultus
910 4164 939 4212 in
957 4161 1083 4224 bostem“,
1101 4166 1132 4210 ut

93 4232 208 4298 peditem
224 4230 364 4297 galeatum
381 4232 494 4296 intelligi
512 4235 641 4297 oporteat;
666 4232 739 4283 miles
761 4231 806 4282 ille
824 4229 937 4282 Maurus
954 4230 1058 4280 omnino
1076 4229 1134 4279 sino
