2810 4764
418 306 596 356 chamutum
616 309 681 355 LIB·
697 310 746 355 111.
763 306 801 359 13.

137 441 183 504 Te
205 438 370 522 flagrantis
392 446 483 506 atrox
503 441 584 507 hora
605 443 776 510 Caniculae

94 535 124 585 tc
137 525 247 589 Nescit
268 531 415 607 tangere:
438 532 473 591 tu
494 526 597 609 frigus
618 529 756 595 amabile

177 609 287 675 Fessis
311 630 439 677 vomere
460 611 560 680 tauris

219 695 368 773 Praebea
391 701 424 762 et
443 697 551 782 pecori
570 717 664 780 vago.

135 777 210 845 Fies
232 779 385 845 nobilium
409 788 444 845 tu
467 801 594 864 quoque
616 781 759 862 fontium,

137 863 187 929 lle
211 863 335 932 dicente
357 865 444 932 cavis
465 866 635 951 inpositam
656 868 760 935 ilicem

96 959 125 1010 15
181 949 286 1028 Saxis,
312 950 395 1016 uude
417 951 566 1034 loquaces

219 1034 385 1120 Lymphae
406 1035 556 1102 desiliunt
576 1041 659 1103 tuse.

51 1201 131 1246 cecus,
156 1192 186 1236 ut
202 1202 250 1236 erec
273 1187 403 1251 Frigidior
422 1188 555 1239 Thracum
578 1204 626 1240 aec
648 1190 737 1255 purior
760 1189 860 1238 ambiat
877 1188 1010 1251 Hebms“;
1034 1190 1078 1241 ubi
1097 1191 1166 1242 vides

51 1271 110 1304 eum
127 1270 177 1303 nou
195 1254 279 1304 miuus
297 1271 312 1303 a
328 1261 453 1320 puritate,
470 1272 544 1320 quam
562 1272 577 1306 a
594 1256 700 1322 frigere
716 1255 897 1308 commendari:
916 1256 1024 1308 demiror
1041 1258 1163 1323 equidem,

50 1338 99 1372 cur
114 1322 216 1387 gelidae
233 1325 305 1373 riuos
315 1323 364 1385 =hic
381 1324 511 1385 maluerit,
536 1340 613 1389 quam
635 1324 706 1375 aliud
722 1326 864 1392 Epitheton
882 1329 1032 1388 speritate
1049 1331 1165 1379 tractum.

51 1391 110 1454 Ego
134 1405 206 1454 vero,
231 1391 254 1439 si
276 1406 339 1455 pace
355 1396 400 1442 'tot
422 1391 612 1458 Exemplarium
637 1394 693 1444 fieri
716 1398 814 1460 posset,
839 1393 876 1442 sic
899 1392 982 1444 libens
1004 1402 1166 1460 reponerem:

52 1458 200 1523 „Frustrae
217 1473 280 1508 nam
296 1458 408 1523 liquidos
425 1460 527 1522 inficiet
545 1464 594 1511 till
603 1460 693 1512 Rubra
709 1463 842 1528 sauguine
858 1462 931 1511 riuus
942 1462 1050 1513 Luscini
1064 1463 1166 1514 subeles

49 1528 170 1590 gregis.“
203 1526 255 1576 Hic
273 1532 340 1577 certe
353 1532 459 1578 venusta
482 1529 616 1579 antithesis
640 1534 692 1591 est;
719 1528 834 1595 liquidos
856 1529 925 1579 rivos
941 1532 1023 1581 autre
1042 1532 1166 1596 sauguine

48 1593 162 1655 inficiam
188 1594 233 1658 qui
250 1594 322 1659 prius
338 1595 432 1660 liquidi
455 1601 528 1646 erant
551 1602 578 1647 et
599 1599 668 1647 uitro
691 1597 884 1664 splendidiores
907 1598 970 1660 riri,
992 1615 1059 1649 nunc
1083 1603 1165 1650 rutro

51 1662 138 1712 colore
159 1660 370 1727 inquinabuntur.
405 1662 536 1729 Liquidus
559 1670 643 1715 antem
666 1669 741 1715 rium
757 1667 850 1716 Noster
865 1663 921 1730 ipse
938 1666 1022 1732 Epist
1041 1668 1062 1728 1,
1082 1669 1121 1729 tt,
1140 1671 1164 1720 9.

49 1734 78 1780 et
103 1729 217 1794 liquidos
239 1730 327 1791 fontes
343 1732 437 1797 passim
454 1737 558 1796 peltae,
580 1738 609 1783 ut
625 1733 751 1797 Virgilius
774 1738 812 1783 ter
829 1737 973 1799 quaterque.
1010 1735 1052 1785 Sic
1069 1735 1166 1800 Eulepa

50 1799 87 1861 ΙΙ,
105 1800 146 1850 59.
181 1799 309 1859 „llcrllus
326 1805 447 1850 austrum
464 1800 601 1863 perditus,
624 1807 650 1851 ct
672 1801 778 1866 liquidis
802 1804 901 1851 immisi
922 1802 1036 1855 tentibus
1054 1807 1165 1869 apeer‘3

49 1866 425 1998 ttz‘tttlthtttttt
439 1867 1165 1989 tlllllltltlbllltlt‘t‘tth,tutti

50 2001 133 2051 tentia
150 2002 288 2053 sustuleris.
322 2004 401 2069 Atqui
419 1973 503 2055 eisdem
522 2005 595 2054 modo
612 2005 679 2056 iacet
697 2010 722 2055 et
738 1977 843 2070 languet
859 2011 961 2070 recepta
977 2005 1064 2056 Flacci
1080 2006 1167 2057 lentim

49 2070 178 2135 Quorsum
195 2070 264 2120 enirn
281 2071 322 2120 hic
339 2072 461 2136 gelidos?
479 2072 540 2136 quid
557 2072 646 2138 {lugeto
663 2068 808 2123 aut'ebstat
824 2076 869 2122 eut
886 2072 994 2136 proficit,
1012 2079 1056 2123 aut
1067 2089 1166 2138 queque

50 2137 126 2188 mado
140 2139 252 2202 pertinet
269 2139 301 2188 ad
318 2140 432 2190 colerem
449 2141 579 2191 rostrum?
596 2141 667 2192 Adde
684 2142 742 2205 huc,
761 2141 873 2206 quadiu
891 2140 1054 2205 sequentibus
1067 2140 1166 2192 abunde

49 2206 115 2256 satis
136 2205 224 2255 laudat
246 2206 278 2256 cb
300 2207 381 2272 frigus
405 2213 430 2257 et
453 2209 581 2272 umbram,
610 2206 645 2258 Te
666 2211 812 2274 flagrumic
834 2213 915 2259 utrum
938 2209 1005 2258 hera
1024 2207 1167 2260 Caniculae

48 2272 145 2323 Nescit
161 2279 284 2338 tangere,
309 2279 338 2324 tu
359 2275 449 2340 fulgur
467 2277 579 2327 creabile
596 2282 643 2327 etc.
678 2284 708 2326 ut
724 2278 827 2327 minime
850 2291 951 2326 necesse
968 2277 1058 2338 fuerit,
1083 2277 1166 2327 alieno

48 2342 108 2392 loco
125 2341 167 2392 hic
184 2342 288 2405 gelidos
305 2343 441 2393 inculcare.

121 2412 159 2462 16.
181 2407 254 2462 llude
276 2410 398 2476 loquaces
414 2410 552 2477 Lymphae
574 2411 701 2461 desiliunt
723 2414 793 2473 luae]
828 2411 950 2476 Princeps
971 2410 1067 2462 Veneta
1090 2410 1167 2461 habet

45 2476 206 2543 Nymphae,
229 2477 400 2528 Loscheriana
417 2484 501 2528 autem
519 2478 668 2545 Lymphae,
695 2479 763 2542 quod
787 2480 913 2543 posterius
937 2479 1051 2529 obtinuit
1067 2479 1095 2528 in
1114 2479 1166 2529 edi·

49 2546 165 2595 tionibus
183 2546 354 2610 sequentibus.
388 2549 423 2596 At·
439 2563 491 2596 non
508 2547 536 2596 in
553 2546 649 2597 Veneta
665 2551 765 2596 tautum
782 2545 857 2612 edita,
876 2548 920 2597 sed
938 2553 964 2596 et
981 2547 1085 2613 scriptis
1102 2562 1166 2597 uon·

47 2614 128 2664 nullis
146 2615 272 2678 reperitur
289 2630 319 2664 ea
339 2614 431 2677 lectio,
456 2615 615 2679 quantumvis
632 2615 675 2665 hic
698 2615 833 2665 mussitent
854 2616 1019 2680 Interpretes:
1046 2613 1119 2664 (leste
1136 2630 1167 2666 ex

48 2683 113 2732 meis
131 2682 295 2744 Graecianus,
313 2682 395 2745 Gelai,
412 2683 507 2747 Regiae
526 2683 668 2743 societatis,
686 2683 848 2744 Bodleianns,
865 2688 890 2732 et
907 2699 954 2748 pro
972 2684 1041 2733 varia
1057 2683 1167 2734 lectione

49 2749 227 2808 colbertinus,
250 2748 392 2817 Nymphae
415 2750 481 2801 clare
504 2751 637 2802 exhibent:
665 2751 732 2801 unde
755 2751 786 2801 de
808 2751 915 2802 alierum
938 2751 1089 2802 membranis
1107 2767 1166 2802 con·

48 2819 148 2868 iectura
171 2817 225 2866 fieri
248 2824 338 2883 potest.
374 2821 458 2883 Atque
486 2820 552 2869 hauc
577 2821 649 2869 unice
674 2817 765 2883 probat
785 2821 826 2869 vir
849 2836 945 2870 summo
968 2819 1071 2885 ingenio
1089 2819 1167 2870 Ianus

46 2885 227 2936 Broukhusins
254 2886 286 2936 ad
303 2887 463 2950 Propertium
481 2888 529 2949 Ill,
550 2890 588 2939 14.
608 2891 639 2950 [v.
658 2890 691 2949 4}
720 2887 774 2951 „Et
790 2887 864 2937 cadit
879 2891 909 2938 ia
924 2889 1033 2954 patellae
1049 2888 1168 2954 Nympha

47 2956 156 3006 Ανιίοηα
175 2953 274 3004 lucca.“
308 2954 353 3004 ubi
371 2956 426 3019 pari
445 2961 521 3018 atque
537 2955 579 3004 hic
603 2956 776 3005 inconstantia
799 2956 957 3007 membranae
979 2956 1078 3020 aliquot
1094 2971 1167 3021 prae·

45 3024 135 3073 ferunt
165 3019 294 3087 Lympha.
337 3023 406 3073 Idem
431 3024 507 3073 etiem
530 3023 612 3087 Epod.
637 3023 707 3085 XVI,
730 3026 793 3074 vers.
812 3025 854 3075 48.
884 3023 929 3073 ubi
952 3040 1019 3073 nunc
1051 3021 1166 3084 habetur,

48 3091 201 3154 „meatibus
218 3089 367 3140 ulticLeur's
384 3097 510 3156 crepante
529 3091 638 3158 lympha
655 3091 744 3141 desilit
757 3091 855 3157 paam:
875 3108 905 3140 ex
916 3091 1166 3153 GedicaGraeriauo,

46 3175 101 3223 quc
117 3174 164 3207 nos
182 3159 231 3206 suri
248 3155 401 3225 μακαρίτου
421 3159 542 3208 beneficio
559 3175 627 3208 nunc
644 3160 747 3220 utimur,
765 3161 866 3224 reponit
881 3157 1014 3225 Nympha,
1038 3157 1113 3208 Certe
1129 3158 1166 3208 sic

46 3226 87 3276 ibi
109 3226 253 3275 habuerunt
277 3231 396 3289 quattuor
413 3227 589 3291 Torrentiani,
605 3231 631 3277 et
649 3227 746 3278 Gilauii
763 3243 840 3286 uuus3
859 3232 933 3276 etex
949 3226 1050 3289 nostris,
1068 3231 1167 3290 praeter

46 3294 234 3354 Graecianum,
260 3309 306 3358 pro
329 3296 399 3344 veria
422 3294 531 3345 lectione
549 3297 683 3346 Patrensis.
718 3295 795 3345 Plura
816 3295 891 3345 etiam
916 3293 1029 3359 exempla
1052 3295 1167 3359 sugerit

45 3364 107 3413 Nic.
125 3361 250 3410 Heinsius
273 3362 305 3410 ad
325 3363 396 3412 ovid.
415 3364 520 3413 Heroid.
537 3363 567 3413 V.
587 3366 628 3416 31.
661 3363 786 3427 Equidem
809 3368 906 3413 utnon
923 3361 1068 3428 negaverim
1110 3378 1167 3430 pm-

44 3431 131 3496 phara
155 3429 290 3494 aliquoties
319 3447 367 3496 pro
392 3447 461 3496 aqua
485 3431 561 3496 poni,
591 3436 620 3480 ut
643 3431 753 3481 Martini.
772 3431 881 3492 v1,43.
901 3435 933 3494 [v.
953 3433 978 3493 2]
1014 3432 1102 3493 „Dum
1120 3432 1169 3481 ati

43 3499 141 3560 felices
164 3497 322 3563 indulgent,
347 3498 478 3561 Caelrlce,
501 3498 600 3561 Baium·
631 3498 755 3564 Canaque
777 3499 905 3560 sulfureis
922 3499 1039 3566 Nympha
1056 3504 1168 3549 natatur

45 3568 157 3632 aqueb“:
191 3572 216 3616 et
234 3569 275 3618 47.
295 3570 328 3630 [v.
348 3569 372 3629 1]
398 3567 547 3633 „Nympha,
571 3582 628 3617 mec
647 3566 745 3617 Stellae
762 3580 830 3632 quoe
846 3565 921 3629 scale
939 3567 1082 3617 domesticu
1097 3582 1167 3633 puro

45 3634 176 3698 Laberis,
200 3640 227 3684 et
248 3635 351 3685 domimi
365 3650 490 3699 getaaaea
515 3640 583 3686 tecta
605 3636 709 3686 sudes&
734 3636 772 3685 ita
795 3635 929 3701 utrobique
946 3635 1015 3702 apud
1032 3636 1167 3685 Horatium

46 3702 212 3766 praetulerim
232 3702 368 3768 Lympha:
393 3718 450 3752 nam
468 3703 543 3767 longa
560 3703 692 3767 figuratius
717 3708 755 3752 est
772 3707 797 3752 et
813 3700 1027 3773 ποιητικώτερον
1045 3704 1168 3769 lymphae

44 3770 736 3900 llis'‘ltlttc’tltttlttttlitabit
753 3769 1167 3902 ltltltatttltlttttt

141 3873 147 3884 ‘
507 3879 512 3890 ⁸
546 3877 553 3900 5
615 3875 620 3885 ⁶
668 3877 674 3901 l
736 3879 741 3889 ¹
766 3877 773 3901 7

45 3904 113 3970 pede
133 3903 229 3955 detulit
250 3907 361 3957 raudus.“
396 3911 421 3957 et
438 3906 563 3971 Virgilius
581 3906 668 3957 Oulice
684 3906 755 3956 Vere.
775 3877 814 3958 ⁹17.
835 3908 837 3912 ’
848 3907 1049 3971 „Candidaque
1070 3920 1168 3954 senuas

44 3972 150 4037 liquido
168 3973 232 4039 pede
250 3974 349 4025 labitur
366 3975 466 4026 uadu.“
500 3977 592 4037 Porro,
617 3989 677 4024 cave
699 3975 742 4024 hic
765 3990 821 4024 cum
838 3975 914 4038 vulgo
937 3971 1013 4023 verba
1030 3976 1167 4033 construas,

46 4041 122 4091 rende
141 4041 265 4107 lymphae
283 4042 405 4107 loquaces
423 4049 486 4093 tuac
503 4042 629 4093 desiliunt
635 4081 642 4107 ,
667 4042 734 4111 quod
757 4058 855 4107 prosam
874 4040 1019 4091 Orationem
1037 4040 1118 4105 sapit3
1143 4046 1168 4089 et

46 4111 77 4158 in
95 4110 144 4159 hac
163 4113 290 4160 structura
298 4112 376 4161 Poeta
394 4111 499 4161 dixisset
517 4112 566 4161 tibi
581 4126 632 4161 nou
652 4115 726 4161 tuae:
746 4110 833 4160 sedin
850 4111 918 4160 hunc
935 4108 1036 4159 modum
1053 4106 1167 4168 colloces,

48 4175 269 4244 Uadelymphue
287 4183 349 4229 tuae
367 4179 494 4230 desiliunt
510 4180 647 4245 loquaces,
673 4179 740 4244 quod
757 4178 910 4228 Horatiano*
922 4176 982 4227 stilo
1006 4182 1044 4227 est
1066 4192 1113 4241 pro
1131 4176 1168 4228 la·

44 4247 180 4311 quaciter.
