2810 4764
184 202 247 264 204
580 212 611 272 Q.
634 212 774 261 uonnun
795 212 919 261 nascor

270 350 354 415 Nam
376 367 459 431 quae
481 345 578 412 nivali
601 347 742 432 pascitur
762 346 883 428 Algido

229 447 259 497 10
272 435 397 499 Devota
417 452 554 516 quercus
575 433 658 499 inter
679 439 712 497 et
732 430 831 508 ilices,

311 519 378 585 Aut
399 518 512 584 erescit
532 516 666 583 Albanis
687 516 721 583 in
742 516 860 595 herbis,

389 603 527 671 Victima
547 601 731 687 pontificum
754 602 891 668 securim

271 687 402 754 Cerviee
422 688 560 770 tinguet:
584 693 615 753 te
637 687 715 752 nihil
738 687 851 752 attinet

270 776 409 839 Tentare
429 773 531 839 multa
552 773 651 838 caede
673 773 860 851 bidentium,

228 872 257 922 ιι
314 860 434 926 Parvos
457 864 659 924 coronantem
680 857 802 923 marino

388 945 470 1009 Rore
491 945 579 1010 Deos
600 940 772 1027 fragilique
793 948 907 1027 myrto.

270 1029 414 1095 Inmunis
436 1049 525 1094 aram
547 1029 575 1095 si
597 1028 703 1111 tetigit
722 1047 853 1105 manus3
1007 1040 1010 1047 ’

268 1115 341 1180 Non
365 1120 531 1180 sumtuosa
551 1112 699 1179 blandior
718 1112 825 1179 hostia

311 1198 446 1265 Mollivit
467 1218 598 1265 aversos
619 1197 759 1275 Penatis,

227 1294 259 1348 to
385 1285 485 1350 Fame
506 1283 569 1372 pio,
593 1290 625 1350 et
647 1282 782 1350 saliente
805 1281 896 1347 mica.

419 1430 421 1435 ·
479 1437 501 1469 v.
523 1422 561 1473 12.
579 1419 654 1485 Vulg.
673 1419 791 1471 Secrarec.
829 1419 867 1469 19.
886 1415 1008 1468 Matttba't.

184 1565 291 1625 Hdotor
314 1569 464 1622 femininum
486 1573 515 1621 fit
532 1571 657 1638 Hedytr'c,
680 1572 717 1622 ita
742 1567 903 1624 recitator
926 1570 975 1619 erit
999 1569 1128 1636 Ptn'dplr'r.
1163 1570 1316 1621 Fatendum

185 1641 270 1687 tamen
288 1642 334 1698 cst,
353 1639 375 1687 si
392 1639 457 1689 illud
474 1639 588 1706 Priape
604 1640 746 1703 analogiam
765 1642 853 1698 servet,
872 1638 972 1702 gratius
988 1636 1160 1702 libentiusque
1177 1637 1205 1687 in
1224 1636 1314 1690 Creti-

185 1720 242 1756 cum
259 1704 349 1769 pedem
366 1707 414 1758 hoc
433 1723 533 1758 carmen
552 1707 628 1769 exire,
647 1723 721 1772 quam
739 1708 767 1757 in
784 1706 927 1772 Dactylum.

255 1775 294 1825 12.
315 1773 474 1837 Pontificum
491 1778 605 1838 secares]
623 1775 760 1826 Pulmanni
777 1775 863 1835 codex,
882 1778 908 1823 et
925 1771 1032 1833 Gitanii,
1051 1787 1125 1836 quem
1142 1772 1199 1823 vide
1217 1773 1246 1822 in
1265 1775 1315 1823 In-

185 1841 241 1891 dice
258 1841 375 1895 Lucretii
391 1860 414 1892 v.
436 1841 582 1908 Tingaere,
607 1843 702 1894 habent
718 1846 846 1894 conanimi
871 1847 946 1915 atque
964 1841 1002 1890 ita
1025 1856 1055 1890 ex
1073 1841 1168 1891 nostris
1185 1842 1313 1892 Graevia·

184 1924 241 1973 nus,
259 1910 420 1975 Baginensis,
437 1912 599 1973 Bodleianus,
623 1916 649 1962 et
666 1928 681 1961 a
698 1911 781 1977 prima
798 1926 874 1961 manu
891 1908 1104 1975 Magdalenensis.
1138 1909 1194 1959 Hoc
1211 1910 1314 1975 placet,

184 1976 274 2028 veleb
294 1979 460 2043 euphoniam
486 1997 518 2031 ne
543 1985 582 2030 ter
599 1979 759 2030 continenter
781 1979 809 2028 in
827 1979 844 2029 S
863 1982 954 2028 exeant
970 1993 1069 2039 versus,
1095 1977 1184 2039 itteea,
1208 1980 1313 2043 tertis,

183 2061 304 2109 secares,
328 2047 396 2113 quod
413 2048 526 2099 studiose
544 2064 631 2099 cavere
655 2047 719 2098 solet
736 2046 836 2099 Noster.
871 2045 1025 2096 Prudentius
1049 2044 1150 2110 quidem
1167 2047 1312 2110 apotheos.

183 2114 243 2175 461,
263 2115 430 2180 „pontificum
456 2116 531 2177 festis
548 2115 672 2176 ferienda
689 2115 819 2166 securibus
846 2115 903 2165 ittc‘e
919 2112 1039 2179 Agmina
1063 2128 1208 2164 vaccenem
1229 2120 1314 2165 stete·

183 2184 279 2232 rant“:
298 2183 347 2234 Sed
364 2184 402 2234 ibi
419 2190 492 2234 erant
507 2184 593 2251 plures
611 2200 721 2244 vaceae3
739 2184 782 2234 hio
799 2186 908 2234 victima
926 2183 953 2233 in
972 2180 1104 2247 singulari.
1129 2181 1221 2246 Virgil.
1241 2186 1312 2235 Aen.

183 2250 287 2310 Inane.
321 2251 438 2316 ‚finales
455 2257 583 2318 mugitus,
600 2253 675 2318 {agit
692 2268 752 2303 enm
768 2255 877 2302 coactas
894 2266 971 2303 aram
992 2248 1105 2312 Taranta,
1132 2255 1158 2299 et
1174 2253 1312 2303 incertam

184 2321 301 2368 eaeasmt
317 2321 414 2370 cervice
432 2322 565 2372 securim.“

253 2388 293 2439 19.
314 2386 431 2439 Moltr‘bit
448 2406 553 2441 aversas
570 2389 689 2449 Penates]
707 2387 849 2437 Losoherus
867 2386 969 2450 quidem
987 2382 1110 2449 Mollitia,
1128 2389 1155 2435 et
1171 2401 1202 2434 ex
1218 2401 1247 2435 eo
1267 2403 1312 2437 re·

183 2455 311 2506 tentiones
329 2456 461 2507 editiones.
496 2461 530 2507 At
546 2456 644 2507 Veneta
660 2455 789 2518 Mottina't,
814 2461 889 2520 atque
906 2454 944 2504 ita
961 2453 1027 2503 bana
1045 2468 1103 2518 pars
1121 2452 1242 2503 Codicum
1248 2491 1257 2517 ,
1279 2460 1312 2504 nt

183 2539 213 2572 ex
231 2520 385 2588 Oraquianis
409 2529 474 2587 tres,
499 2526 649 2576 Bersmanni
667 2524 730 2585 duo,
755 2522 892 2573 Palmanni
915 2525 941 2572 et
965 2521 1064 2572 Gitanii
1086 2537 1167 2587 nnus,
1194 2537 1224 2571 ex
1240 2523 1311 2573 meis

183 2590 403 2655 Magdalenensis,
430 2599 455 2642 et
478 2608 493 2645 a
520 2595 605 2658 prims
629 2608 706 2642 manu
728 2592 894 2657 Baginensis,
920 2608 977 2642 cum
1003 2592 1101 2641 Acrone
1118 2588 1310 2654 Mannscripto.

183 2657 256 2707 (terte
275 2674 349 2708 nemo
367 2675 433 2710 unus
450 2660 522 2712 illius
542 2661 598 2711 aevi
608 2661 719 2710 Futuras
738 2666 843 2725 quartae
860 2658 1049 2724 coniugationis
1067 2659 1095 2707 in
1114 2657 1170 2706 lBO
1186 2658 1309 2724 protulit.

183 2725 257 2780 Quod
275 2726 297 2775 si
315 2726 345 2776 ab
363 2727 472 2778 Horatio
490 2730 537 2780 hoc
555 2722 767 2794 praetermorem
784 2727 992 2789 factumtnisset,
1009 2727 1065 2775 sine
1083 2724 1161 2775 dnbio
1174 2727 1309 2777 Gramma-

184 2794 293 2843 ticorum
312 2799 423 2844 veterum
442 2796 576 2863 quispiam,
595 2801 624 2846 ut
641 2796 781 2853 insolitum,
800 2795 952 2849 adnotasset.
981 2795 1062 2858 Atqui
1078 2794 1158 2844 altum
1175 2793 1243 2858 apud
1260 2810 1309 2845 eos

183 2861 315 2911 silentium
334 2869 388 2924 est,
415 2865 476 2928 quia
494 2866 613 2914 nimirum
631 2864 658 2913 in
678 2864 731 2913 suis
749 2863 879 2914 codicibus
895 2865 1010 2915 mottioit
1027 2866 1081 2911 tum
1098 2862 1224 2926 legebant.
1257 2864 1310 2912 At·

184 2945 232 2993 que
250 2930 298 2980 hoc
316 2931 430 2995 profecto
447 2949 498 2983 non
517 2950 571 2982 mos
588 2931 669 2982 solum
685 2932 820 2997 loquendi,
844 2931 887 2982 sed
911 2938 938 2983 et
953 2933 1010 2998 ipsa
1027 2932 1154 2981 sententie
1176 2930 1308 2996 postulat:

182 2997 329 3062 „Immanis
348 3015 426 3062 arana
442 3004 468 3050 ci
485 3004 572 3065 tetigit
588 3016 699 3064 manaa,·
722 2999 785 3051 Non
810 3005 947 3052 mantnano
971 2999 1096 3050 blandior
1114 3000 1200 3049 bostra
1216 2998 1309 3049 Molli-

182 3066 220 3115 vit
238 3083 345 3117 aceram
362 3068 487 3130 Penates,
511 3069 597 3119 Ferre
613 3073 659 3134 pto
678 3075 705 3119 et
719 3069 830 3120 saliente
847 3073 942 3120 mica.“
977 3067 1028 3118 Ubi
1044 3066 1212 3116 Praeteritum
1229 3068 1309 3130 poni·

181 3140 224 3184 tur
240 3136 268 3185 in
286 3136 474 3200 significatione
492 3137 650 3199 Praesentia,
677 3137 716 3188 vel
734 3139 819 3203 potius
837 3136 958 3202 Perpetui
982 3135 1115 3202 temporis:
1141 3135 1227 3199 qualia
1244 3149 1308 3198 pas-

182 3204 230 3252 sim
248 3210 386 3254 occurrunt
403 3206 472 3271 apud
490 3207 599 3256 Graecos
614 3206 778 3270 Latinosque.
805 3206 899 3255 Noster
908 3204 988 3254 Germ.
999 3205 1047 3268 ΙΙΙ,
1057 3205 1097 3262 29,
1110 3205 1147 3255 16.
1165 3204 1308 3265 „Pterom-
1352 3256 1355 3264 ,

182 3286 233 3335 qac
248 3277 347 3336 gratae
365 3273 491 3324 diuitibus
508 3277 593 3337 uices,
616 3271 784 3338 Mandoeqae
800 3289 885 3339 pareo
909 3274 956 3324 arab
975 3272 1033 3323 tanc
1049 3286 1200 3337 puerperam
1218 3270 1308 3322 Canae

180 3341 239 3387 stne
256 3339 359 3389 catasta
385 3346 411 3391 et
427 3347 498 3393 astro
517 3341 666 3392 Sattieitana
684 3342 826 3406 explicuere
849 3341 991 3402 montana
1026 3340 1159 3403 Perpetui,
1188 3340 1305 3404 inquam,

181 3406 229 3455 hoc
248 3407 369 3472 temporis
388 3413 439 3471 est,
457 3409 563 3475 perinde
580 3425 610 3460 ao
628 3410 650 3459 si
667 3410 787 3474 dixisset,
805 3411 955 3475 explicant,
972 3408 1167 3474 empticaerant,
1184 3407 1306 3472 emptica·

182 3475 255 3524 baert.
280 3474 323 3524 Sic
341 3475 425 3541 Epist.
444 3478 465 3539 1,
475 3480 499 3539 2,
508 3480 549 3530 la.
585 3476 664 3540 „Non
683 3478 775 3528 domna
793 3476 968 3540 auttandus,
986 3492 1041 3527 non
1058 3478 1129 3526 berte
1148 3490 1259 3525 acernae
1276 3481 1307 3525 et

182 3544 246 3591 nari
262 3542 380 3607 Aegeate
399 3544 502 3596 damini
519 3545 624 3596 deduxit
642 3561 754 3612 corpore
770 3544 882 3605 febresf‘
900 3551 926 3595 et
942 3545 1019 3595 alibi:
1046 3543 1090 3594 sed
1106 3543 1183 3593 verbo
1200 3558 1305 3593 monere

180 3611 228 3660 hoc
247 3611 310 3660 sctis
327 3615 378 3661 cst:
403 3612 479 3677 plena
497 3615 566 3665 enim
583 3619 643 3665 sunt
660 3615 752 3665 omnia.
787 3615 857 3678 Ergo
875 3613 1028 3663 sententiose
1045 3612 1107 3662 haec
1125 3610 1303 3676 proteruntur3

181 3679 313 3743 nequead
332 3680 455 3746 Phidylen
474 3681 613 3744 duntaxat,
640 3682 683 3731 sed
701 3682 733 3732 ad
750 3698 836 3732 omnes
853 3682 996 3746 pertinent:
1021 3680 1166 3743 „Immanis
1184 3693 1261 3729 armna
1277 3682 1305 3730 aa·

181 3749 271 3811 tetigit
286 3750 408 3811 manas“,
426 3751 559 3813 immanis,
577 3767 629 3801 non
647 3766 662 3799 a
680 3750 780 3810 scelere,
798 3755 827 3799 ut
838 3750 903 3800 male
922 3749 1019 3814 aliquot
1029 3748 1191 3812 interpretes:
1213 3762 1303 3810 quam-

181 3831 253 3880 quam
274 3815 380 3866 Ovidius
397 3818 425 3867 in
443 3818 527 3883 Epist.
545 3820 758 3884 Hypermnestrae
777 3818 847 3880 [Her.
856 3817 927 3883 XIV,
936 3819 969 3880 8l,
989 3815 1069 3880 „Non
1084 3818 1161 3881 piget
1177 3815 1303 3865 immunes

182 3883 271 3933 acedia
289 3885 385 3935 tabere
401 3887 525 3935 manus“:
552 3902 675 3951 nusquam
694 3888 761 3936 enim
778 3887 904 3951 reperitur
927 3901 956 3936 ea
972 3901 1034 3945 vox,
1058 3877 1148 3939 ἅπλῶς
1170 3887 1195 3933 et
1212 3899 1259 3947 per
1274 3898 1303 3932 se

180 3953 273 4016 posita,
290 3969 338 4019 pro
356 3959 467 4019 eapcrte
481 3954 601 4004 scetem:
620 3954 664 4004 sed
680 3957 805 4004 tnrmnnis
822 3969 926 4014 manac,
944 3969 1023 4003 sacua
1033 3952 1153 4014 muneris,
1170 3950 1302 4001 sinedono

182 4023 207 4068 et
224 4026 324 4082 sumtu,
347 4026 377 4070 ut
399 4022 485 4088 Epist.
501 4023 522 4084 I,
541 4024 580 4085 14,
596 4024 637 4075 33.
672 4022 772 4086 ,‚Qaern
796 4025 848 4072 aeta
869 4023 1006 4071 immunem
1032 4019 1145 4071 Cinarae
1168 4019 1303 4084 placuisse

181 4090 303 4150 rapaci.“
321 4094 347 4138 et
365 4088 446 4140 Carni.
466 4089 511 4141 IV.
530 4092 641 4152 [12‚23].
668 4105 741 4154 „non
758 4104 807 4154 ego
832 4095 857 4139 te
873 4093 939 4140 aneta
955 4091 1093 4139 Immunem
1118 4086 1233 4137 meditor
1250 4090 1302 4136 tina

178 4169 263 4218 gnere
277 4157 409 4221 peccatta.“
444 4158 576 4209 Stantem
602 4158 644 4210 hic
671 4159 737 4209 valet
762 4161 824 4223 etat,
852 4163 881 4207 at
905 4159 967 4208 bene
991 4157 1137 4207 Theodorus
1154 4153 1299 4205 Marcilius:
