2810 4764
447 311 625 361 ciamus
646 312 712 361 Lm.
727 313 777 362 111.
800 310 838 363 17.
864 310 902 362 18.

200 445 333 513 Annosa
354 445 473 512 cornix.
507 444 582 513 dum
604 447 699 534 potis.
720 448 848 515 aridum

198 530 351 617 (leupone
372 530 511 614 lignum:
534 551 605 599 oras
628 533 758 615 genium
780 554 868 602 mero

149 628 183 678 15
243 616 391 695 (iurabis,
414 623 447 683 et
466 636 563 702 poroo
585 616 739 696 bimestri,

315 700 396 768 ilum
419 701 550 769 famulis
572 721 704 789 operum
727 704 852 772 solutis.

607 872 727 941 XVIII.

482 989 557 1059 AD
593 989 854 1061 FAUNUM.

192 1124 315 1201 Fauno,
336 1122 560 1209 Nympharum
582 1124 762 1206 fugientum
783 1132 917 1207 amator,
953 1150 956 1157 ·

193 1211 257 1275 Per
278 1227 367 1275 meos
387 1206 461 1274 finis
481 1215 517 1276 et
536 1210 646 1295 apiioa
667 1231 743 1277 rura

191 1293 291 1360 Lenis
311 1293 452 1370 iuoedas,
475 1295 640 1378 abeasque
662 1297 771 1397 parvis

396 1378 530 1462 Aequus
551 1379 707 1447 alumnis:
876 1455 880 1465 ,

162 1461 229 1530 esi
250 1468 340 1529 tener
360 1460 456 1551 pleno
478 1462 564 1529 eadit
584 1464 709 1532 haedus
730 1486 825 1548 anno,

190 1549 300 1630 Larga
320 1567 380 1614 neo
402 1547 520 1617 desunt
540 1549 675 1617 Veneris
699 1551 803 1619 sodali

190 1633 275 1698 Vina
295 1640 456 1713 oretanae3
478 1640 572 1701 vetus
594 1655 652 1702 aia
672 1638 773 1703 multo

394 1719 512 1785 Fumat
531 1720 640 1786 odore.

190 1802 290 1869 Ludit
311 1803 448 1869 herboso
469 1825 569 1890 pecus
591 1824 684 1872 omne
705 1824 776 1872 eam
822 1858 829 1884 ,

144 1901 177 1958 ro
192 1886 275 1953 Cum
297 1887 354 1954 tibi
375 1889 488 1957 Nouae
510 1891 645 1957 redeunt
663 1892 784 1958 Deoem
806 1909 875 1958 res:

188 1973 307 2039 Festus
327 1975 361 2039 in
382 1974 484 2060 prais
504 1981 600 2041 vaeat
621 1976 724 2043 otioso

392 2059 474 2125 Cum
495 2059 577 2126 bove
598 2081 721 2148 pagus:

522 2178 545 2212 v.
566 2164 606 2216 ra.
629 2162 704 2228 ung.
723 2162 807 2213 roae.

100 2277 207 2329 Servius
225 2277 257 2327 ad
274 2275 366 2342 virgil.
384 2276 565 2342 Asuvium.
590 2280 708 2333 (latorum
726 2278 835 2330 Lirim
852 2295 904 2329 non
921 2277 1001 2331 baren
1016 2277 1152 2341 edidimus,
1170 2294 1227 2329 onnu

101 2345 229 2397 editiones
247 2349 343 2397 veteres
360 2347 455 2408 mooli,
479 2351 533 2399 tum
551 2352 578 2399 et
595 2349 695 2400 oodioes
712 2349 830 2414 soriptos.
864 2346 930 2399 Nam
952 2346 983 2399 in
999 2346 1098 2397 Italicis
1115 2347 1227 2397 nomini-

99 2413 149 2465 bus
171 2418 259 2463 amant
281 2414 367 2479 potius
390 2416 595 2468 terminationem
617 2417 752 2477 Latinam3
778 2420 809 2466 ιιι
832 2415 971 2480 Virgilius,
996 2416 1066 2478 [seu
1084 2413 1147 2476 VII,
1164 2417 1227 2478 111]

99 2481 175 2545 „Qui
193 2480 309 2533 Tiberim
317 2481 497 2549 Fabarimque
514 2486 638 2536 lilaai‘:
658 2486 761 2551 [Georg.
779 2485 801 2547 1,
811 2485 872 2548 199]
890 2482 963 2548 „uae
975 2480 1089 2535 Tuscae
1102 2480 1225 2548 Tibm'ta,

99 2548 266 2603 alliamenta
282 2550 387 2616 patrue
404 2554 521 2603 samaa“

172 2619 211 2670 13.
229 2618 301 2669 Dura
308 2621 393 2684 poter]
411 2618 471 2670 Tres
490 2621 619 2671 veterrimi
630 2622 720 2682 nostri,
738 2619 881 2681 Leidensia,
899 2617 1065 2681 (insaniemus,
1082 2623 1108 2669 et
1119 2619 1226 2685 aprima

98 2701 178 2738 mauu
195 2684 356 2750 Baginensis,
373 2690 482 2751 potis,
499 2704 551 2738 uon
567 2694 650 2754 potes.
685 2690 747 2741 Sina
764 2689 843 2740 (lubio
860 2686 892 2737 ab
909 2687 1015 2738 Horatii
1031 2687 1137 2738 insuda:
1158 2687 1227 2739 uude

99 2754 170 2805 enim
192 2753 268 2804 bonis
294 2753 347 2804 illis
364 2752 491 2807 Librariia
519 2772 649 2807 nummum
674 2762 726 2808 tam
752 2773 823 2807 rarae
846 2757 941 2808 notae?
975 2756 1048 2806 Dum
1066 2757 1152 2821 potis,
1173 2750 1226 2813 ἕως

97 2819 214 2882 ἔξεστιν,
238 2815 289 2877 ἕως
311 2818 432 2872 δυνατόν
454 2819 528 2882 ἐστι,
553 2824 679 2890 Virgilius
697 2828 758 2876 Aen.
777 2826 826 2887 111,
842 2827 899 2877 670.
935 2822 1055 2888 „Veram
1080 2823 1128 2874 ubi
1149 2825 1226 2876 auita

98 2891 184 2943 datur
201 2889 324 2943 deutrum
341 2889 480 2952 adfectare
495 2898 626 2958 potestas,
652 2891 708 2944 Nee
731 2895 800 2958 potis
817 2892 908 2945 Ionios
930 2893 1029 2954 lisoius
1053 2907 1170 2957 aequare
1186 2908 1225 2952 ae·¹

98 2958 233 3025 quando.“
266 2958 394 3009 Arnohius
412 2975 495 3025 saepe,
514 2965 543 3011 ut
560 2959 606 3014 lib.
624 2962 645 3012 Ι.
665 2964 697 3025 [o.
716 2964 759 3024 31]
792 2961 849 3023 „Da
866 2974 919 3025 qao
937 2960 1002 3023 ideo)
1026 2959 1097 3011 neta
1121 2959 1177 3010 diei
1198 2966 1225 3010 et

98 3028 219 3091 exprirui
243 3027 398 3077 mortoiium
422 3028 492 3093 potis
518 3035 557 3080 ast
582 3030 783 3095 significatione
814 3029 980 3078 verbomm.¹‘
1013 3033 1040 3078 et
1063 3027 1098 3078 Π.
1125 3029 1156 3089 [o.
1182 3030 1223 3092 13]

97 3094 256 3159 „Quantam
272 3092 328 3145 fieri
345 3095 414 3160 potis
432 3097 496 3146 eat.“
519 3100 550 3160 [o.
568 3100 612 3160 50]
643 3096 753 3163 „Neqrw
771 3098 841 3147 anim
859 3099 1025 3146 sommarium
1042 3098 1153 3145 insitum
1170 3110 1225 3144 esea

98 3166 238 3214 ronaario
261 3163 330 3228 potis
353 3168 418 3214 est.“
444 3168 469 3213 et
486 3163 532 3214 VI.
549 3168 582 3228 [o.
600 3167 626 3229 9]
662 3165 712 3226 „Si
733 3163 799 3230 quid
820 3164 884 3226 fieri
906 3164 974 3228 potis
1000 3166 1039 3212 est
1055 3164 1224 3227 iniuriosius,

98 3231 324 3295 contumeliosius,
342 3231 462 3283 darium
488 3231 554 3284 Vide
572 3234 727 3299 interpretes
745 3233 776 3283 ad
794 3231 943 3282 Lucretium
961 3233 986 3283 et
1004 3228 1139 3280 Catullum.

170 3300 208 3350 12.
229 3297 293 3349 Cum
318 3299 382 3349 boue
401 3303 500 3365 pegae]
535 3301 628 3366 Pagus
650 3300 728 3352 habet
750 3300 840 3350 Editio
864 3299 975 3361 Veneta,
1001 3302 1029 3349 at
1050 3298 1223 3349 Losohariana

93 3365 210 3432 pardus.
237 3365 348 3428 „ueras
364 3369 393 3416 ia
410 3371 497 3433 prair'a
516 3374 597 3420 oooat
614 3372 698 3420 otioso
718 3368 783 3420 Cam
801 3369 864 3418 booe
880 3367 983 3433 pardus.
1015 3366 1090 3417 later
1108 3366 1222 3419 audreas

96 3435 178 3496 lupus
195 3439 271 3484 mat
286 3437 398 3498 agaoa.“
431 3435 468 3485 Et
484 3451 545 3486 sane
562 3437 656 3487 mirum
672 3441 726 3500 est,
744 3441 774 3486 ιιι
791 3452 837 3502 par
853 3452 940 3486 omnes
956 3435 1009 3486 sere
1027 3433 1133 3487 Codioes
1150 3451 1221 3500 gras-

96 3508 168 3553 satus
187 3502 221 3551 sit
237 3501 283 3552 ille
298 3502 409 3568 pardum.
444 3504 485 3555 lta
494 3505 622 3555 Patrensis
639 3509 733 3567 noster,
750 3504 845 3569 Regiae
855 3503 1000 3568 societatis,
1009 3502 1222 3569 Magdalenensis,

95 3570 283 3636 vigorniensis,
302 3570 469 3633 Battelianas,
487 3587 504 3622 a
519 3588 596 3623 manu
614 3572 724 3624 secunda
741 3573 902 3638 Baginensis,
920 3577 946 3622 et
962 3588 1009 3637 pro
1027 3572 1098 3623 varia
1111 3571 1222 3623 leotione

94 3638 246 3701 Leideusis,
273 3638 429 3689 Graevianus
453 3644 479 3690 et
496 3639 664 3691 eolueainus.
699 3640 764 3691 Vide
788 3646 889 3702 autem,
913 3645 939 3691 et
962 3640 1018 3691 risle
1039 3640 1222 3691 Monaohorum

94 3707 238 3773 ingenium.
282 3706 349 3761 Quia
372 3707 436 3757 illud
461 3708 612 3774 sequebatur
636 3708 666 3759 de
684 3708 761 3775 Lupo
785 3711 858 3759 iuter
878 3723 964 3773 agnos
987 3711 1117 3767 innocuo,
1143 3707 1220 3759 laeeti

93 3775 211 3826 homiues
235 3776 423 3825 commutarunt
440 3777 529 3841 Pagus
553 3776 581 3826 in
598 3776 716 3840 Pardus,
741 3792 773 3828 ex
797 3777 889 3827 Esaiae
911 3775 1027 3843 eapitulo
1049 3776 1095 3837 XI,
1113 3791 1175 3825 vera
1193 3778 1218 3827 6.

92 3843 254 3906 „Habitabii
269 3842 346 3907 lupus
364 3858 424 3894 mem
441 3859 527 3909 agua,
552 3850 579 3894 et
594 3845 690 3911 pardus
709 3859 769 3895 outa
786 3845 871 3896 hoedo
894 3845 1051 3895 aoeuiabii:
1076 3842 1176 3894 mistim
1194 3848 1221 3893 et

94 3912 136 3962 leo
162 3915 189 3961 ai
211 3913 268 3962 ouis
291 3912 373 3961 simod
394 3913 586 3977 morabantur,
610 3917 638 3964 ei
656 3928 727 3979 puer
741 3912 873 3979 paruulus
889 3913 1004 3965 minabit
1020 3913 1091 3961 eoa“
1125 3909 1219 3960 Nullus

91 3977 199 4043 dubita,
225 3978 287 4044 quin
306 3994 337 4028 ex
354 3995 426 4030 saoro
443 3979 490 4030 hoo
507 3980 578 4031 fonte
595 3981 710 4032 derivata
733 3980 768 4031 sit
791 3996 821 4032 aa
837 3980 928 4040 laetio;
953 3984 979 4030 et
1001 3978 1080 4030 miror
1102 3978 1219 4043 equidem

90 4047 222 4099 nemiuem
246 4061 277 4097 ex
299 4046 486 4112 Interpretibus
510 4049 558 4099 hoo
581 4049 796 4100 animadvertisse.
832 4048 991 4113 Quamquam
1015 4050 1099 4096 autem
1121 4045 1217 4095 insulse

90 4115 229 4168 modum
248 4121 274 4165 et
290 4130 355 4180 pene
370 4115 448 4181 impie
465 4117 515 4166 huo
533 4117 656 4168 translata
673 4117 709 4168 sit
725 4133 755 4168 aa
772 4117 916 4184 scriptum
938 4114 1044 4166 mirifioe
1062 4118 1145 4165 amen
1162 4113 1217 4177 pla·

88 4186 150 4234 cuit
167 4187 343 4244 commeatum,
362 4187 388 4234 et
404 4199 435 4234 ex
452 4200 502 4249 quo
519 4184 628 4249 primum
646 4186 816 4250 excogitatum
829 4192 875 4247 est,
892 4184 1050 4234 membranas
1065 4181 1116 4233 iere
1131 4196 1217 4232 omnes

87 4253 274 4318 pervolitavit,
297 4250 396 4305 utiam
412 4251 510 4306 vidisti.
545 4254 595 4304 Eia
612 4269 683 4305 vero:
709 4254 777 4307 unde
800 4255 829 4304 in
846 4252 923 4305 Italia
940 4251 1060 4314 Pardua,
1083 4249 1128 4315 qui
1145 4254 1217 4303 extra

965 4334 1013 4390 1³*
