2842 4758
218 252 279 313 362
604 263 637 323 o.
659 264 801 311 nonnrn
821 264 945 312 annom

281 398 333 462 Nil
356 397 492 480 aequale
513 395 634 462 hornini
655 397 716 462 tuit
737 397 799 462 illi:
830 417 928 484 saepe
949 400 1037 465 velut
1058 399 1113 482 qui

241 498 269 546 ro
283 483 439 548 Currebat
461 482 589 563 fugiens
610 481 751 561 hostem3
775 503 931 569 persaepe
952 484 1041 549 velut
1062 485 1117 566 qui

281 567 412 633 Iunonis
434 587 527 633 sacra
548 567 660 632 terret:
683 567 858 645 babebat*)
881 589 980 654 saepe
1002 570 1165 645 ducentos,

282 655 387 738 Saepe
410 653 519 718 decern
542 671 668 718 servos:
691 653 786 717 modo
810 672 904 735 reges
925 661 1022 735 atque
1044 654 1239 730 tetrarchae,

282 739 398 804 Omnia
419 756 539 818 magna
559 738 710 818 loqueum
732 738 842 816 modo,
866 739 915 804 Sit
937 739 1015 804 mihi
1036 760 1148 806 mensa
1169 741 1302 825 tripes,
1327 745 1359 804 et

282 823 411 889 Concha
434 822 511 887 salis
532 822 615 907 puri,
638 828 670 885 et
691 828 768 904 toga
789 843 873 905 quae
895 822 1067 889 defendere
1088 824 1193 905 trigas

220 953 222 957 ν
244 922 270 970 re
285 907 439 987 Quamvis
461 928 571 973 crassa
593 912 699 989 queat.
744 907 850 973 decies
873 916 1006 973 centena
1027 908 1171 974 dedisses

282 992 364 1058 Huic
387 1012 494 1077 parco,
516 993 629 1077 paucis
652 1000 798 1057 contento
805 1014 814 1070 ;
837 992 979 1076 quinque
1001 994 1115 1059 diebus

281 1079 335 1143 Nil
357 1083 426 1141 erat
446 1077 480 1141 in
501 1076 624 1141 loculis.
668 1082 778 1142 noctes
798 1077 954 1159 vigilabat
975 1078 1017 1143 ad
1039 1079 1144 1164 ipsum

282 1165 392 1241 Mane;
416 1162 499 1226 diem
523 1167 623 1226 toturn
648 1163 809 1227 stertebat.
854 1162 900 1226 nil
921 1163 982 1227 tuit
1005 1184 1155 1245 umquam

283 1248 336 1313 Sic
357 1247 462 1331 impar·
484 1245 553 1312 sibi.
598 1266 683 1311 nunc
704 1245 822 1330 aliquis
845 1247 931 1312 dicat
952 1247 1039 1325 mihi,
1063 1247 1149 1327 Quid
1170 1250 1229 1312 tui

241 1345 272 1395 to
286 1333 425 1396 Nullane
446 1331 547 1396 babes
568 1330 668 1396 vitia?
688 1333 757 1396 Imo
779 1333 854 1410 alia,
878 1338 910 1397 et
931 1333 1069 1399 tortasse
1091 1333 1225 1396 minora.

344 1435 394 1495 [„r.
414 1435 454 1484 11.
471 1432 547 1498 Vulg.
565 1433 708 1483 Habebat.“
725 1433 764 1483 ed.
782 1435 863 1485 Amet.
884 1436 958 1497 1713]
993 1435 1034 1487 20.
1052 1434 1133 1485 Haud
1147 1433 1207 1483 tort.

221 1504 389 1596 callr'bar'edrt,
408 1537 440 1584 ab
459 1550 508 1584 avo
521 1532 605 1600 Urqrce
624 1535 662 1584 ad
677 1535 750 1584 mala
768 1535 879 1595 iteraret,
899 1534 1067 1586 loBacclre.“
1095 1535 1169 1592 Quod
1186 1534 1249 1585 ideo
1270 1534 1356 1584 inter·

221 1604 334 1670 polatum
352 1602 464 1665 credidi,
481 1603 542 1667 quia
558 1602 706 1666 plerumque
725 1601 839 1652 Librarii
856 1609 896 1653 ter
913 1609 939 1652 et
956 1620 1001 1654 cer
1018 1609 1044 1652 et
1062 1603 1101 1654 ler·
1118 1609 1144 1654 et
1161 1603 1262 1653 similia
1282 1600 1358 1652 soliti

222 1676 305 1724 esseut
321 1670 498 1735 compendiose
517 1670 642 1731 scribere,
668 1676 848 1720 consonantem
871 1676 970 1720 tantum
992 1676 1115 1736 ponentes
1133 1688 1191 1721 cum
1209 1672 1293 1736 apice
1315 1684 1357 1719 su·

221 1756 298 1806 perne
316 1739 452 1805 adscripto.
482 1739 553 1802 Ergo
571 1754 653 1803 arque
670 1738 707 1788 ad
723 1738 796 1788 mala
813 1741 896 1789 iteret
912 1739 1014 1789 tandem
1031 1746 1070 1788 est
1087 1739 1194 1801 lectum
1213 1740 1296 1803 apice
1310 1737 1356 1787 illo

222 1825 282 1874 prae
299 1811 424 1858 vetustate
441 1806 547 1856 evanida
565 1812 591 1855 et
607 1805 694 1856 oculos
711 1806 834 1870 fugiente.
869 1806 942 1862 Quod
966 1823 1023 1857 oum
1046 1807 1165 1857 adversus
1182 1808 1263 1857 metri
1284 1807 1357 1871 leges

221 1879 351 1944 peccaret3
379 1874 534 1925 laudabilem
556 1890 660 1939 operam
683 1890 708 1924 se
732 1889 835 1924 navasse
860 1874 982 1937 credidit,
1010 1876 1055 1939 qui
1078 1876 1177 1941 primus
1195 1875 1229 1925 ad
1246 1888 1355 1924 versum

221 1943 376 1995 fulciendum
394 1946 491 1994 citaret
507 1943 629 2007 reposuit.
664 1943 763 2003 Postea,
780 1943 826 1992 ubi
845 1944 971 1992 veterrimi
989 1944 1085 1992 codicis
1100 1943 1254 2007 Baginensis
1275 1941 1356 2008 copia

221 2012 286 2063 mihi
302 2012 427 2076 contigit,
446 2013 543 2060 citaret
560 2009 662 2075 quidem
679 2010 718 2059 ibi
734 2010 836 2070 inveni,
854 2010 898 2060 sed
916 2012 953 2060 ita
970 2018 1000 2060 ut
1017 2018 1068 2061 tres
1085 2013 1182 2076 priores
1200 2012 1299 2060 literae
1319 2011 1357 2059 cit

222 2082 274 2131 alia
290 2096 367 2129 manu
385 2079 495 2144 scriptae
513 2078 579 2139 sint3
603 2083 628 2127 et
646 2093 678 2128 ex
694 2079 778 2143 spatio
796 2084 895 2128 constet
913 2084 1034 2143 quattuor
1050 2078 1138 2129 literas
1156 2094 1241 2128 erasas
1260 2079 1353 2137 tuisse,

222 2165 286 2213 quae
304 2148 346 2197 vix
364 2146 428 2196 aliae
447 2162 522 2211 quarn
540 2149 592 2195 iter
610 2162 662 2196 esse
679 2151 825 2211 potuerunt.
862 2149 944 2211 Atque
963 2147 991 2197 id
1008 2147 1111 2212 quidem
1128 2146 1216 2197 multis
1236 2144 1353 2205 ostendi,

222 2233 327 2283 qnorum
346 2231 419 2265 nemo
437 2214 576 2273 dubitavit,
602 2213 680 2278 quin,
707 2218 737 2263 ut
754 2219 813 2263 ante
830 2214 913 2265 visum
931 2231 986 2265 eum
1005 2214 1116 2265 codicem
1134 2230 1312 2275 correxeram,
1339 2227 1355 2261 a

221 2286 305 2352 prima
327 2299 404 2332 mauu
428 2285 540 2332 iteraret
562 2282 641 2331 luerit
663 2281 796 2347 scriptum.
831 2282 933 2348 Quippe
957 2283 1005 2333 hoc
1022 2282 1172 2333 vocabulum
1196 2282 1261 2333 adeo
1281 2284 1352 2346 apte,

222 2354 354 2418 concinno,
373 2355 398 2401 et
415 2349 489 2415 quasi
506 2350 538 2400 ad
555 2350 676 2402 amussim
694 2350 835 2400 sententiae
853 2355 879 2400 et
897 2350 979 2401 verbis
996 2351 1130 2412 couvenit3
1149 2355 1176 2401 ut
1194 2351 1251 2401 sine
1269 2349 1353 2400 ullius

224 2421 320 2472 codicis
337 2420 489 2470 auctoritate
506 2418 597 2468 merito
616 2418 680 2468 toret
697 2418 880 2483 recipiendum.
919 2417 952 2472 m
968 2421 1001 2469 ab
1019 2435 1083 2481 aaa,
1101 2419 1200 2483 inquit,
1219 2418 1259 2469 ad
1277 2416 1352 2468 mala

223 2493 340 2549 iteraret,
359 2488 389 2537 Ia
406 2486 524 2537 Bacche:
542 2487 590 2535 hoc
608 2491 654 2547 est,
674 2489 770 2536 iterum
788 2489 937 2552 iterumque
955 2492 1090 2537 cantaret:
1114 2502 1196 2551 neque
1214 2487 1287 2536 enim
1305 2500 1351 2550 per

223 2563 302 2607 totam
326 2571 428 2605 caenam
454 2555 569 2618 protrahi
592 2553 678 2619 potuit
703 2569 754 2603 una
772 2554 912 2616 cantilena,
940 2555 991 2604 nisi
1009 2570 1084 2620 saepe
1101 2555 1219 2619 repetita,
1256 2555 1352 2602 Noster

224 2625 305 2675 Oarm.
324 2625 364 2687 ΙΙ,
384 2626 429 2685 19,
449 2625 488 2674 11.
523 2622 619 2686 „lactis
643 2627 669 2671 et
690 2623 783 2671 uberes
800 2621 908 2672 Oantare
926 2625 1012 2687 ricae,
1036 2629 1116 2688 elprae
1134 2625 1236 2673 truncis
1256 2622 1351 2685 Lapsa

226 2696 297 2743 caor'r
321 2694 412 2740 iterare
437 2690 544 2740 mella.“
579 2688 709 2739 Phaedrus
734 2689 779 2740 lib.
797 2691 829 2740 V.
853 2690 902 2741 tab.
922 2692 945 2742 8.
970 2690 997 2753 [t.
1017 2693 1031 2741 ”l
1055 2708 1079 2740 v.
1098 2693 1141 2753 31]
1176 2689 1350 2754 „Magnoque

177 2769 179 2773 “
224 2764 282 2809 crea
299 2758 426 2809 canticum
445 2760 531 2822 repeti
548 2759 634 2807 iubet:
652 2759 764 2807 Iteratur
780 2759 875 2810 literar
910 2758 1034 2823 Apuleius
1052 2760 1154 2808 Metam.
1172 2758 1219 2809 XI.
1237 2761 1274 2821 [p.
1290 2757 1349 2814 261,

225 2830 257 2879 22
275 2826 353 2888 Elm]
387 2824 571 2889 „Sequebatur
594 2825 751 2874 lectissimae
774 2829 919 2876 inventutis
945 2825 1060 2889 Char-ar,
1084 2842 1186 2876 carmen
1208 2830 1350 2876 venustam

223 2895 372 2944 iterantes.“
400 2893 531 2958 Sulpicius
541 2892 646 2942 Severus
658 2893 742 2958 Epist.
758 2895 793 2943 ΙΙ.
807 2895 833 2960 [ξ
844 2896 868 2955 4,
886 2910 911 2960 p.
925 2896 980 2955 142,
999 2896 1031 2946 22
1040 2893 1146 2957 HalmJ„
1175 2892 1260 2956 „Cam
1278 2895 1350 2942 trater

223 2962 421 3014 Benedictiorrie
439 2961 519 3010 cerba
536 2960 676 3011 sollemnia
693 2959 831 3021 familiare
849 2961 919 3012 illari
935 2965 979 3012 ari
994 2978 1043 3012 sua
1055 2961 1253 3013 Grucrtaomen
1272 2960 1349 3010 itera·

223 3036 291 3082 ret.“
326 3029 432 3079 Plautus
450 3028 543 3078 Casina
559 3027 590 3093 V,
615 3032 638 3080 2.
657 3032 690 3092 [v.
708 3032 734 3091 5]
768 3029 901 3096 „Operam
921 3031 995 3092 date,
1014 3030 1077 3080 dam
1094 3045 1153 3081 mea
1171 3029 1246 3091 sacta
1265 3030 1350 3079 itero:

225 3105 263 3151 ert
280 3114 385 3164 operae,
403 3098 515 3148 acratas
529 3099 683 3162 percipere:
701 3097 743 3147 Ita
761 3098 879 3148 ridicula
897 3098 1006 3162 auditae,
1024 3098 1118 3148 iterata
1136 3114 1167 3147 ea
1185 3102 1262 3160 areat,
1282 3109 1349 3162 quae

225 3183 273 3232 ego
291 3172 364 3216 intas
383 3167 516 3216 tartaci.“
550 3164 685 3214 Lucretius
702 3164 746 3226 IV,
765 3166 824 3217 580.
860 3169 916 3227 „ita
935 3166 1027 3228 calles,
1046 3166 1158 3216 callibus
1175 3167 1242 3231 ipris
1259 3162 1348 3215 Verba

224 3236 398 3300 repulsantes,
418 3233 544 3283 iterabant
563 3232 635 3282 dicta
653 3232 781 3293 relcrre.“
806 3235 901 3284 Noster
917 3233 1002 3300 Epist.
1021 3234 1039 3299 l,
1060 3235 1099 3296 18,
1119 3235 1158 3285 12.
1191 3232 1255 3296 „Sic
1273 3231 1348 3281 iterat

226 3318 310 3365 vaces,
328 3307 353 3351 et
370 3303 450 3351 acrba
469 3299 593 3350 cadentia
611 3300 707 3351 1011111ί

296 3368 384 3420 11**1.
404 3369 522 3417 Habebat
538 3384 617 3433 saepe
635 3368 761 3418 ducentos
779 3368 864 3433 Saepe
882 3369 970 3420 decem
986 3372 1086 3431 seruos]
1104 3368 1245 3418 Vossianus
1263 3366 1347 3425 codex,

226 3436 298 3486 cuius
315 3436 442 3486 variantes
459 3435 581 3485 lectiones
599 3436 679 3486 serius
703 3436 735 3485 ad
758 3452 797 3485 me
820 3442 1003 3502 pervenerunt,
1027 3453 1074 3503 pro
1093 3437 1213 3486 Habebat
1230 3437 1345 3499 corrupte

226 3504 443 3563 habetHalebat;
462 3503 527 3553 unde
546 3507 629 3553 tamen
647 3503 762 3553 fortassis
780 3505 963 3555 emendandum
980 3510 1026 3568 est,
1045 3503 1146 3568 „alebat
1161 3520 1241 3568 saepe
1252 3503 1346 3554 duam·

227 3579 274 3633 lar,
292 3571 378 3638 Saepe
395 3570 483 3621 decem
500 3573 616 3621 aeroar.“
650 3570 730 3622 Alere
753 3588 843 3622 saraae
866 3573 1010 3637 eleganter,
1037 3579 1066 3623 ut
1084 3573 1175 3623 Graeci
1194 3570 1346 3621 adverbum

226 3636 341 3691 Βόσκειν
359 3634 476 3700 ciatrem
503 3639 632 3704 Aristoph.
651 3638 794 3705 Lysistrata
810 3658 833 3690 v.
854 3643 927 3694 1205.
962 3636 999 3691 Ei
1017 3638 1047 3692 dt
1066 3657 1104 3720 erp
1120 3637 1158 3710 μὴ
1178 3641 1254 3694 σῖτος
1271 3634 1344 3706 ὑμῶν

226 3708 300 3767 ἔστι,
320 3709 454 3758 ΒΟΣΚΕΙ
472 3700 500 3756 d'
523 3707 682 3779 ΟΙΚΕΤᾼΣ
699 3706 753 3756 Καὶ
778 3704 879 3778 σμικρὰ
903 3707 988 3759 πολλὰ
1012 3706 1118 3760 acedia.
1154 3706 1232 3771 breed
1254 3709 1280 3756 st
1304 3704 1346 3771 qai

226 3783 342 3827 cestmcm
359 3792 429 3841 parre
448 3780 528 3840 earet,
546 3780 573 3824 et
589 3778 673 3824 servbs
691 3775 738 3824 alit
750 3774 901 3842 Mrrltarqrce
915 3792 1016 3842 parcos
1028 3777 1131 3828 liberas.
1159 3775 1259 3824 Terent
1271 3773 1344 3824 Andr.

226 3847 248 3908 Ι,
269 3848 290 3897 1.
308 3862 331 3894 v.
343 3847 384 3897 30.
411 3841 463 3908 „Ut
480 3845 599 3893 animam
618 3843 655 3892 ad
672 3843 783 3907 aliquod
799 3844 917 3895 stadium
935 3845 1096 3909 adiungeret,
1115 3849 1164 3895 eat
1177 3859 1254 3908 equos
1267 3842 1344 3900 Alere,

227 3918 275 3964 aret
292 3928 371 3963 canes
389 3911 426 3963 ad
441 3910 598 3971 venandam,
609 3915 666 3965 aut
683 3911 719 3960 ad
735 3912 932 3976 philosophas
959 3917 985 3963 et
1002 3914 1095 3962 Heaut.
1114 3911 1159 3973 Ill,
1177 3913 1202 3962 3.
1220 3913 1266 3973 [5.]
1284 3926 1308 3959 v.
1325 3908 1344 3960 3.

226 3980 391 4044 „lllaaceiae
409 3979 539 4029 mulierem
557 3978 623 4028 alere
641 3993 701 4030 atem
719 3979 769 4029 illa
787 3979 910 4029 familia.“
937 3980 1020 4032 Plaut.
1039 3980 1170 4031 Menaech.
1187 3980 1208 4040 I,
1229 3980 1251 4030 1.
1271 3995 1295 4028 v.
1309 3977 1344 4029 22

227 4046 315 4111 „Nam
332 4047 390 4097 illie
408 4048 484 4097 bomo
502 4046 617 4096 homines
635 4061 689 4096 aaa
707 4046 762 4109 alit,
785 4063 876 4098 ceram
894 4048 992 4099 educat
1007 4047 1196 4113 Recreatqae.“

295 4117 335 4166 20.
372 4114 428 4163 lma
447 4114 512 4177 alia,
537 4114 611 4164 baad
627 4113 742 4174 fortasse
759 4113 876 4182 minora]
910 4116 946 4166 Et
964 4116 1090 4167 editiones
1107 4115 1207 4181 priscae
1225 4116 1251 4163 et
1268 4128 1344 4163 exem·

278 4206 303 4267 *t
322 4198 421 4263 [alebat
437 4207 470 4246 aa.
484 4206 550 4245 amaa
566 4194 632 4256 arar.
645 4225 670 4234 -
683 4203 719 4256 *rr
734 4204 804 4257 [nano
816 4204 889 4249 aanor.
903 4208 975 4249 aean.
989 4208 1050 4250 aare
1068 4207 1092 4248 n
1105 4206 1217 4250 arcanea
1230 4204 1265 4248 er.
1279 4203 1334 4257 rur]

1405 1080 1416 1657 l
