2818 4758
427 262 606 310 CARMINUM
621 264 688 311 LIB.
710 264 758 311 111.
782 260 806 312 l.

138 398 190 463 Me
213 396 379 465 fabulosae
402 396 533 463 Volture
554 396 587 461 in
609 398 747 484 Appulo,

97 497 127 546 ro
142 481 272 547 Altrieis
296 488 386 547 extra
407 480 504 547 limen
525 482 672 568 Apuliae,

182 566 274 633 Ludo
297 567 531 649 fatigatumque
554 587 674 644 somno,

225 652 352 716 Fronde
373 670 456 718 nova
477 672 611 737 puerum
634 653 802 737 palumbes

139 739 279 801 Tenere:
302 737 416 801 mirum
439 736 524 817 quod
546 737 628 801 ioret
650 737 806 815 omnibus,

139 819 339 903 Quicumque
362 821 467 887 celsae
489 821 598 886 nidum
620 821 841 900 Acherontiaa

94 919 125 968 15
184 905 356 988 Saltusque
377 905 540 983 Bantinos,
565 913 596 971 et
617 926 728 971 arvum

222 990 346 1073 Pingue
367 996 476 1056 tenent
496 991 626 1057 humilis
647 993 790 1057 Ferenti:

137 1076 181 1141 Ut
202 1080 271 1140 tuto
293 1076 334 1140 ab
356 1074 435 1141 atris
457 1094 588 1161 corpore
609 1076 727 1162 viperis

136 1160 317 1226 Dormirem
340 1166 372 1226 et
393 1160 493 1239 ursis;
518 1168 553 1226 ut
574 1180 735 1246 premerer
757 1180 848 1226 saera

181 1247 361 1328 Lauroque,
383 1246 572 1328 conlataque
594 1252 708 1331 myrto,

89 1342 126 1393 ao
225 1331 299 1395 Non
323 1331 391 1396 sine
413 1333 473 1396 Dis
495 1331 658 1397 animosus
680 1331 795 1396 inians.

137 1416 261 1494 Vester,
285 1415 455 1494 Camenae,
479 1423 585 1482 vester
605 1415 637 1480 in
660 1416 779 1482 arduos

136 1499 248 1565 Tollor
269 1500 422 1579 Sabinos;
446 1520 503 1566 seu
525 1499 602 1564 mihi
624 1500 775 1582 frigidum

180 1586 361 1662 Praeneste,
385 1605 443 1651 seu
465 1585 566 1651 Tibur
588 1587 746 1671 supinum,

222 1670 287 1735 Seu
308 1671 450 1752 liquidae
471 1669 622 1755 placuere
642 1671 751 1736 Baiae.

47 1822 134 1886 lucos,
154 1836 228 1884 quam
237 1821 355 1884 Piorum,
364 1820 423 1872 data
441 1837 517 1888 opera
534 1821 630 1872 dixisse
646 1822 769 1873 videatur.
798 1821 839 1869 Sic
855 1820 922 1869 enirn
938 1825 964 1870 et
982 1820 1028 1870 alii
1041 1819 1174 1881 dixerant3

44 1894 76 1940 nt
93 1892 194 1940 Auctor
202 1888 307 1953 Elegiae
318 1889 356 1939 De
365 1894 445 1939 morte
453 1890 569 1941 Drusir.
580 1892 637 1943 329.
659 1890 725 1952 „1110
742 1890 787 1956 pio
805 1891 840 1949 (si
855 1904 909 1939 uon
928 1893 1023 1938 temere
1038 1889 1103 1938 basa
1117 1905 1173 1939 ere·

45 1958 163 2020 duntur)
181 1960 210 2007 ia
228 1972 287 2007 arvo
304 1956 378 2006 Inter
395 1959 540 2009 bonoratur
558 1961 708 2023 arripiatur·
725 1957 813 2008 aooa.“
848 1955 974 2020 Virgilius
991 1955 1077 2006 Culiee
1095 1973 1118 2005 v.
1131 1958 1172 2009 38.

44 2026 101 2090 „Et
118 2027 172 2076 libi
187 2024 244 2074 seda
261 2025 305 2089 pia
321 2030 429 2075 maneat
447 2026 548 2077 loeru.“
577 2030 602 2076 et
619 2025 681 2077 ibid.
701 2027 759 2077 373.
782 2039 852 2088 „quo
869 2022 1088 2074 maalmadlr'uos
1106 2023 1172 2075 Coa·

43 2094 182 2144 seelerata
200 2093 243 2157 pia
261 2092 388 2143 dboerm'l
405 2095 513 2144 uincula
530 2093 614 2145 sede.“
650 2093 696 2143 Pio
714 2108 797 2154 arvo,
812 2094 861 2156 pla
878 2092 951 2142 roda:
984 2107 1040 2141 eum
1058 2091 1172 2155 Ovidius,

45 2161 129 2211 Silius
149 2160 258 2224 aliique,
275 2160 339 2210 louis
356 2161 406 2210 iam
425 2162 525 2223 uitatis,
543 2162 651 2212 Piorum
671 2177 751 2221 arua,
769 2161 878 2210 Piorum
895 2158 969 2209 seder
986 2159 1104 2209 dixerint.
1138 2162 1179 2215 At,

43 2229 110 2279 alibi
120 2229 236 2291 Ovidius,
254 2228 339 2278 eadem
357 2229 438 2294 ligura
455 2230 503 2280 Pia
519 2233 628 2280 sarabia
643 2228 717 2292 dixit,
734 2227 853 2293 Epistola
861 2227 941 2278 Didus
951 2227 1020 2290 [Her.
1030 2227 1088 2288 VII,
1099 2230 1171 2292 107];

42 2297 139 2360 „Diua
157 2312 269 2362 parem,
288 2295 436 2362 Seaiorque
451 2303 546 2362 pater,
564 2298 609 2363 pia
626 2298 726 2347 sarcina
744 2298 833 2346 uati“:
862 2294 963 2345 surr-ua
978 2298 1039 2360 pios
1056 2295 1172 2346 Valerius

42 2364 157 2415 Flaamm
174 2365 275 2427 Il,4ll.
308 2363 386 2427 „llb'e
403 2368 503 2415 servati
518 2367 651 2429 genitoris
669 2367 774 2414 coarcta
792 2379 871 2413 saera
888 2365 989 2413 Pressit
1005 2378 1056 2415 auu
1074 2379 1173 2415 aumas·

136 2433 142 2444 .
176 2434 204 2464 „⁵
290 2432 296 2444 .
358 2432 374 2445 ..
421 2434 427 2444 .
587 2434 593 2444 .
616 2434 621 2443 .
811 2431 816 2441 .

41 2430 1172 2566 tttrtssffiatttt{buln,lattabutttlffbtttlttlt?latta

41 2570 170 2631 rubeant,
189 2573 215 2618 et
231 2570 346 2618 aurae“:
365 2569 465 2619 etiamsi
483 2584 540 2618 enm
551 2571 649 2619 Acrone
660 2569 690 2618 de
700 2567 789 2634 Elysio
802 2567 983 2633 interpreteris.
1011 2567 1060 2617 Sed
1069 2569 1172 2618 omnino

41 2652 102 2685 aum
112 2638 214 2686 Acrone
232 2652 278 2685 sno
294 2636 426 2700 falluntur,
445 2637 489 2701 qui
507 2636 538 2686 ad
555 2636 657 2703 Illyrios
674 2636 746 2686 lueos
755 2637 892 2686 Horatium
906 2635 950 2685 hia
964 2634 1090 2700 ablegant,
1108 2641 1171 2686 tam·

43 2720 122 2768 quam
131 2708 178 2754 ant
188 2704 374 2769 ipaemortuua,
392 2709 437 2754 aut
445 2704 590 2771 Eurydicen
607 2704 667 2754 inde
686 2703 797 2768 aliquam
811 2703 843 2753 ad
857 2704 928 2754 vivos
937 2703 1086 2754 reducturus
1099 2710 1171 2756 esset.

43 2772 115 2829 Quin
134 2772 203 2821 nihil
219 2772 291 2822 aliud
307 2773 363 2823 vult
385 2773 436 2822 uisi
453 2773 538 2822 Lueos
558 2777 584 2822 et
601 2789 701 2822 nemora
719 2772 862 2833 Musarum,
880 2770 969 2821 Liberi
986 2774 1081 2837 patris,
1099 2773 1172 2823 Heli·
1221 2832 1226 2839 Ι

42 2841 118 2889 oanis
138 2843 187 2891 eto.
204 2839 296 2905 quibus
314 2856 412 2891 omnem
429 2840 549 2906 paginam
568 2840 668 2906 replent
679 2841 780 2904 Poetae,
798 2840 841 2889 ubi
859 2839 946 2904 vagari
964 2855 990 2889 sa
1007 2848 1032 2890 et
1049 2855 1106 2889 eum
1114 2840 1172 2890 Diis

43 2908 144 2958 versari
160 2907 315 2957 fabulantur.
349 2910 391 2959 Ita
407 2909 500 2959 Noster
518 2907 599 2958 Garm.
619 2910 667 2969 ΙΙΙ,
686 2910 727 2971 25,
743 2911 766 2959 2.
802 2906 878 2972 „Quo
895 2923 943 2972 me,
962 2907 1079 2970 Baraba,
1096 2912 1172 2974 rapis

42 2976 216 3039 tae'Pleaum,
235 2991 303 3039 quaa
319 2992 421 3026 nemora
438 2982 464 3027 et
481 2992 546 3042 quos
564 2978 808 3042 agoriurpeourl“
826 2975 923 3025 Statius
941 2976 1002 3025 Silv.
1013 2976 1169 3028 varam.

42 3042 107 3105 „Ma
126 3059 231 3109 quoque
249 3043 353 3093 uocales
369 3044 440 3094 lucos
459 3045 625 3109 lustrataque
645 3042 739 3108 Tempe
755 3043 920 3105 Pulsantur,
947 3059 1006 3093 oum
1023 3046 1106 3109 stirpe
1124 3048 1170 3093 tua

41 3110 207 3163 descendere
224 3110 292 3174 dmi,
310 3112 447 3162 Admisere
465 3111 556 3162 deae.“
573 3118 599 3161 et
617 3111 679 3161 ibid.
696 3112 726 3173 V,
736 3114 760 3162 5.
777 3128 800 3161 v.
815 3114 838 3164 6.
864 3110 1021 3175 „Numquid
1037 3114 1170 3160 iuaeoearo

39 3182 125 3245 pasuri
143 3181 256 3243 uraugia
273 3178 351 3232 lneo?
369 3177 441 3230 Num
458 3183 538 3231 uetito
558 3179 590 3229 de
608 3180 682 3240 faute
700 3180 788 3229 oraim
824 3178 903 3228 Silius
920 3177 1029 3241 XlV.[v.
1040 3180 1081 3241 29]
1108 3194 1170 3243 „na-

40 3253 101 3298 tum
122 3246 177 3298 Ora
197 3246 386 3310 excollendum,
411 3262 504 3298 saer-aa
527 3250 575 3313 qui
598 3250 718 3298 earmina
734 3246 824 3309 silras,
849 3245 952 3311 Quique
969 3245 1114 3312 Syracosia
1130 3264 1171 3296 re

38 3320 147 3367 sonant
161 3314 290 3365 Helicona
309 3317 444 3365 eameaa.“
478 3315 541 3366 Vide
559 3316 636 3366 etiam
653 3330 717 3380 quae
734 3315 865 3366 attulimus
883 3313 915 3364 ad
933 3313 1014 3363 Oarm.
1025 3314 1046 3375 l,
1056 3316 1097 3365 32.
1110 3331 1134 3363 r.
1149 3318 1169 3366 1.

113 3386 137 3435 9.
158 3381 201 3432 Me
217 3382 481 3443 fabulosaal'ulture
498 3387 526 3434 in
538 3383 657 3449 Appula]
675 3384 726 3432 Vix
743 3383 825 3432 oeulis
841 3383 904 3432 meis
922 3382 995 3433 ddem
1012 3382 1101 3442 habeo,
1114 3399 1171 3433 eum

38 3450 99 3516 lego
118 3451 150 3501 in
167 3466 212 3500 ora
229 3449 326 3501 oodieis
343 3451 489 3513 Heiusiaui‚
506 3451 587 3501 Forte
599 3451 751 3502 Sabalassa.
770 3450 878 3501 Omnino
896 3449 966 3500 aliud
983 3451 1075 3514 agebat
1082 3451 1130 3501 Vir
1143 3452 1171 3501 in

38 3519 81 3568 hia
100 3516 180 3570 rebus
198 3518 413 3583 incomparabilis.
439 3521 485 3569 Bis
503 3520 570 3569 enim
588 3524 691 3585 peaoat3
708 3519 791 3584 primo
809 3523 896 3568 eontra
912 3519 987 3568 metri
1004 3519 1092 3584 legem,
1111 3521 1172 3584 quia

40 3586 194 3637 Sululosua
211 3586 318 3651 primam
328 3585 454 3653 Syllabam
473 3588 593 3652 corripit:
612 3587 704 3637 deiude
716 3587 834 3637 adversus
845 3588 1072 3638 constructionem:
1090 3604 1171 3653 neque

38 3656 113 3705 enim
132 3670 189 3704 eum
208 3654 334 3704 veteribus
353 3655 503 3705 Scholiastis
521 3660 546 3705 et
564 3656 697 3705 Torrentio
714 3655 852 3717 fabulosae
869 3654 984 3720 Apuliae
1002 3656 1170 3722 copulandum

39 3727 93 3784 est,
114 3722 161 3772 sed
177 3722 316 3783 fabulosae
333 3722 477 3773 Palumbea
512 3724 577 3775 Vide
595 3739 641 3773 nos
659 3723 691 3772 ad
708 3722 790 3775 Carm.
807 3724 828 3785 1,
845 3724 885 3775 22.
900 3739 924 3774 v.
942 3726 966 3774 7,
1001 3725 1037 3773 Et
1053 3728 1171 3791 potuerat

39 3790 150 3855 quidem
166 3790 291 3839 Horatius
308 3791 389 3841 uitare
408 3790 568 3857 ambiguum,
587 3792 609 3840 si
627 3807 683 3842 oum
701 3790 819 3853 Lucilio,
837 3791 942 3853 Plauto,
959 3791 1046 3844 Plinio
1063 3793 1170 3855 aliisque

38 3857 187 3909 masculino
204 3873 295 3923 genere
312 3859 475 3924 protulisset,
509 3859 568 3924 „Me
585 3858 695 3909 fabulosi
713 3858 826 3909 Vulture
844 3861 872 3909 in
889 3858 996 3924 Appula
1017 3889 1044 3896 —
1065 3859 1170 3911 Fraude

38 3943 114 3977 aava
131 3941 246 3992 puerum
264 3925 395 3991 palumbes
422 3925 548 3977 Teaeero.“
595 3927 644 3977 Sed
662 3926 788 3977 obstinate
806 3927 972 3976 faemininum
992 3926 1033 3976 hio
1051 3926 1171 3976 exhibent

40 3995 147 4045 oodioes
165 3994 342 4060 manuscripti.

114 4064 155 4113 10.
181 4062 293 4113 Altmeia
310 4067 388 4112 antra
409 4062 487 4112 limem
506 4062 631 4128 Apuliae]
667 4062 780 4113 Altrieia
804 4062 899 4112 habent
916 4061 1014 4112 codices
1031 4058 1112 4110 nostri
1129 4074 1170 4110 ve-

39 4130 174 4193 tustiores,
193 4129 340 4191 Leidenais‚
359 4131 533 4191 (luperianus,
551 4130 706 4195 Baginensis
724 4147 780 4181 oum
797 4130 869 4179 aliis:
896 4129 939 4180 sed
955 4128 1030 4178 multi
1048 4134 1073 4178 et
1090 4125 1170 4179 bonae

39 4197 148 4263 quidem
166 4203 241 4248 notae
257 4199 384 4258 nutriam
407 4199 474 4263 quod
492 4198 611 4249 Editores
629 4198 737 4263 aliquot,
756 4198 800 4263 qui
809 4197 924 4263 Apuliae
940 4213 1037 4262 nempe,
1055 4213 1107 4246 non
1122 4197 1170 4247 Re·

96 4298 210 4339 Horatius.
223 4297 239 4339 L
987 4284 1017 4334 10
