<?xml version="1.0" encoding="UTF-8"?>
<!DOCTYPE html PUBLIC "-//W3C//DTD XHTML 1.0 Transitional//EN"
    "http://www.w3.org/TR/xhtml1/DTD/xhtml1-transitional.dtd">
<html xmlns="http://www.w3.org/1999/xhtml" xml:lang="en" lang="en">
 <head>
  <title>
</title>
<meta http-equiv="Content-Type" content="text/html;charset=utf-8" />
  <meta name='ocr-system' content='tesseract 3.04.00' />
  <meta name='ocr-capabilities' content='ocr_page ocr_carea ocr_par ocr_line ocrx_word'/>
</head>
<body>
  <div class='ocr_page' id='page_1' title='image "./qhoratiusflaccu02bentgoog_0309.png"; bbox 0 0 2842 4758; ppageno 0'>
   <div class='ocr_carea' id='block_1_1' title="bbox 202 190 922 262">
    <p class='ocr_par' dir='ltr' id='par_1_1' title="bbox 202 190 922 262">
     <span class='ocr_line' id='line_1_1' title="bbox 202 190 922 262; baseline -0.003 -12"><span class='ocrx_word' id='word_1_1' title='bbox 202 190 263 251; x_wconf 82' lang='lat'>378</span> <span class='ocrx_word' id='word_1_2' title='bbox 597 201 922 262; x_wconf 67' lang='lat' dir='ltr'>nnosnuusuncu</span> 
     </span>
    </p>
   </div>
   <div class='ocr_carea' id='block_1_2' title="bbox 263 336 1264 758">
    <p class='ocr_par' dir='ltr' id='par_1_2' title="bbox 263 336 1264 678">
     <span class='ocr_line' id='line_1_2' title="bbox 265 336 1157 419; baseline 0.001 -17"><span class='ocrx_word' id='word_1_3' title='bbox 265 338 346 402; x_wconf 78' lang='lat' dir='ltr'>(lum</span> <span class='ocrx_word' id='word_1_4' title='bbox 367 336 480 403; x_wconf 88' lang='lat' dir='ltr'>flueret</span> <span class='ocrx_word' id='word_1_5' title='bbox 501 337 686 414; x_wconf 88' lang='lat' dir='ltr'>lutulentus,</span> <span class='ocrx_word' id='word_1_6' title='bbox 710 342 779 401; x_wconf 86' lang='lat' dir='ltr'>erat</span> <span class='ocrx_word' id='word_1_7' title='bbox 801 337 887 419; x_wconf 92' lang='lat' dir='ltr'>quod</span> <span class='ocrx_word' id='word_1_8' title='bbox 909 338 1019 402; x_wconf 86' lang='lat' dir='ltr'>tollere</span> <span class='ocrx_word' id='word_1_9' title='bbox 1041 338 1157 403; x_wconf 85' lang='lat' dir='ltr'>velles:</span> 
     </span>
     <span class='ocr_line' id='line_1_3' title="bbox 264 422 1128 507; baseline -0.006 -17"><span class='ocrx_word' id='word_1_10' title='bbox 264 423 430 498; x_wconf 84' lang='lat' dir='ltr'>Garrulus,</span> <span class='ocrx_word' id='word_1_11' title='bbox 452 430 549 506; x_wconf 88' lang='lat' dir='ltr'>atque</span> <span class='ocrx_word' id='word_1_12' title='bbox 572 423 663 507; x_wconf 82' lang='lat' dir='ltr'>piger</span> <span class='ocrx_word' id='word_1_13' title='bbox 685 422 843 488; x_wconf 88' lang='lat' dir='ltr'>scribendi</span> <span class='ocrx_word' id='word_1_14' title='bbox 866 422 948 488; x_wconf 86' lang='lat' dir='ltr'>ferre</span> <span class='ocrx_word' id='word_1_15' title='bbox 970 423 1128 501; x_wconf 88' lang='lat' dir='ltr'>laborem;</span> 
     </span>
     <span class='ocr_line' id='line_1_4' title="bbox 263 507 1264 584; baseline 0.001 -12"><span class='ocrx_word' id='word_1_16' title='bbox 263 507 428 573; x_wconf 83' lang='lat' dir='ltr'>Scribeudi</span> <span class='ocrx_word' id='word_1_17' title='bbox 451 517 549 573; x_wconf 85' lang='lat' dir='ltr'>recte:</span> <span class='ocrx_word' id='word_1_18' title='bbox 573 529 657 583; x_wconf 89' lang='lat' dir='ltr'>nam,</span> <span class='ocrx_word' id='word_1_19' title='bbox 680 517 716 572; x_wconf 93' lang='lat' dir='ltr'>ut</span> <span class='ocrx_word' id='word_1_20' title='bbox 738 508 882 584; x_wconf 87' lang='lat' dir='ltr'>multum,</span> <span class='ocrx_word' id='word_1_21' title='bbox 906 507 951 572; x_wconf 90' lang='lat' dir='ltr'>nil</span> <span class='ocrx_word' id='word_1_22' title='bbox 971 526 1086 572; x_wconf 88' lang='lat' dir='ltr'>moror.</span> <span class='ocrx_word' id='word_1_23' title='bbox 1131 528 1204 573; x_wconf 86' lang='lat' dir='ltr'>ecce</span> <span class='ocrx_word' id='word_1_24' title='bbox 1261 562 1264 565; x_wconf 21' lang='lat' dir='ltr'>r</span> 
     </span>
     <span class='ocr_line' id='line_1_5' title="bbox 263 592 1122 678; baseline -0.005 -19"><span class='ocrx_word' id='word_1_25' title='bbox 263 592 429 678; x_wconf 77' lang='lat' dir='ltr'>Crispinus</span> <span class='ocrx_word' id='word_1_26' title='bbox 450 612 579 657; x_wconf 89' lang='lat' dir='ltr'>nummo</span> <span class='ocrx_word' id='word_1_27' title='bbox 601 613 653 658; x_wconf 87' lang='lat' dir='ltr'>me</span> <span class='ocrx_word' id='word_1_28' title='bbox 675 600 840 678; x_wconf 83' lang='lat' dir='ltr'>provocat:</span> <span class='ocrx_word' id='word_1_29' title='bbox 863 592 990 678; x_wconf 86' lang='lat' dir='ltr'>Accipe,</span> <span class='ocrx_word' id='word_1_30' title='bbox 1014 593 1042 658; x_wconf 89' lang='lat' dir='ltr'>si</span> <span class='ocrx_word' id='word_1_31' title='bbox 1063 593 1122 668; x_wconf 86' lang='lat' dir='ltr'>vis,</span> 
     </span>
    </p>

    <p class='ocr_par' dir='ltr' id='par_1_3' title="bbox 604 692 917 758">
     <span class='ocr_line' id='line_1_6' title="bbox 604 692 917 758; baseline 0.003 -14"><span class='ocrx_word' id='word_1_32' title='bbox 604 711 627 744; x_wconf 87' lang='lat' dir='ltr'>v.</span> <span class='ocrx_word' id='word_1_33' title='bbox 647 698 687 746; x_wconf 83' lang='lat'>14.</span> <span class='ocrx_word' id='word_1_34' title='bbox 704 694 781 758; x_wconf 81' lang='lat' dir='ltr'>Vulg.</span> <span class='ocrx_word' id='word_1_35' title='bbox 798 692 917 745; x_wconf 85' lang='lat' dir='ltr'>Minimo.</span> 
     </span>
    </p>
   </div>
   <div class='ocr_carea' id='block_1_3' title="bbox 190 812 1328 1898">
    <p class='ocr_par' dir='ltr' id='par_1_4' title="bbox 190 812 1328 1898">
     <span class='ocr_line' id='line_1_7' title="bbox 270 812 1328 878; baseline -0.002 -14"><span class='ocrx_word' id='word_1_36' title='bbox 270 815 309 866; x_wconf 79' lang='lat'>14.</span> <span class='ocrx_word' id='word_1_37' title='bbox 345 813 483 878; x_wconf 69' lang='lat' dir='ltr'>Compiaas</span> <span class='ocrx_word' id='word_1_38' title='bbox 493 814 602 863; x_wconf 84' lang='lat' dir='ltr'>minimo</span> <span class='ocrx_word' id='word_1_39' title='bbox 622 815 811 877; x_wconf 84' lang='lat' dir='ltr'>meprouocal]</span> <span class='ocrx_word' id='word_1_40' title='bbox 838 812 905 867; x_wconf 81' lang='lat' dir='ltr'>Quid</span> <span class='ocrx_word' id='word_1_41' title='bbox 922 812 958 861; x_wconf 91' lang='lat' dir='ltr'>sit</span> <span class='ocrx_word' id='word_1_42' title='bbox 973 813 1082 861; x_wconf 87' lang='lat' dir='ltr'>minimo</span> <span class='ocrx_word' id='word_1_43' title='bbox 1100 828 1250 878; x_wconf 85' lang='lat' dir='ltr'>prouocare</span> <span class='ocrx_word' id='word_1_44' title='bbox 1266 814 1328 862; x_wconf 85' lang='lat' dir='ltr'>iam</span> 
     </span>
     <span class='ocr_line' id='line_1_8' title="bbox 200 879 1327 945; baseline 0.001 -15"><span class='ocrx_word' id='word_1_45' title='bbox 200 881 244 931; x_wconf 90' lang='lat' dir='ltr'>diu</span> <span class='ocrx_word' id='word_1_46' title='bbox 261 881 289 930; x_wconf 91' lang='lat' dir='ltr'>in</span> <span class='ocrx_word' id='word_1_47' title='bbox 307 881 477 931; x_wconf 85' lang='lat' dir='ltr'>controversia</span> <span class='ocrx_word' id='word_1_48' title='bbox 494 886 538 930; x_wconf 89' lang='lat' dir='ltr'>cst.</span> <span class='ocrx_word' id='word_1_49' title='bbox 575 880 731 930; x_wconf 84' lang='lat' dir='ltr'>Scholiastae</span> <span class='ocrx_word' id='word_1_50' title='bbox 748 886 857 930; x_wconf 85' lang='lat' dir='ltr'>veteres:</span> <span class='ocrx_word' id='word_1_51' title='bbox 884 879 999 942; x_wconf 80' lang='lat' dir='ltr'>„Senem</span> <span class='ocrx_word' id='word_1_52' title='bbox 1017 896 1051 929; x_wconf 78' lang='lat' dir='ltr'>es</span> <span class='ocrx_word' id='word_1_53' title='bbox 1067 880 1236 945; x_wconf 76' lang='lat' dir='ltr'><em>proverbiali</em></span> <span class='ocrx_word' id='word_1_54' title='bbox 1258 896 1327 931; x_wconf 78' lang='lat' dir='ltr'>eors-</span> 
     </span>
     <span class='ocr_line' id='line_1_9' title="bbox 200 946 1326 1012; baseline -0.001 -13"><span class='ocrx_word' id='word_1_55' title='bbox 200 949 339 999; x_wconf 81' lang='lat' dir='ltr'>saelatliae</span> <span class='ocrx_word' id='word_1_56' title='bbox 363 949 466 998; x_wconf 68' lang='lat' dir='ltr'>dorcas.</span> <span class='ocrx_word' id='word_1_57' title='bbox 501 947 620 999; x_wconf 76' lang='lat' dir='ltr'>Solemus</span> <span class='ocrx_word' id='word_1_58' title='bbox 644 951 713 998; x_wconf 88' lang='lat' dir='ltr'>caim</span> <span class='ocrx_word' id='word_1_59' title='bbox 737 949 839 1011; x_wconf 85' lang='lat' dir='ltr'>dicere,</span> <span class='ocrx_word' id='word_1_60' title='bbox 864 948 971 997; x_wconf 89' lang='lat' dir='ltr'>Minimo</span> <span class='ocrx_word' id='word_1_61' title='bbox 995 946 1077 1012; x_wconf 84' lang='lat' dir='ltr'>digito</span> <span class='ocrx_word' id='word_1_62' title='bbox 1095 956 1231 1012; x_wconf 88' lang='lat' dir='ltr'>provocat,</span> <span class='ocrx_word' id='word_1_63' title='bbox 1259 965 1326 998; x_wconf 81' lang='lat' dir='ltr'>earn</span> 
     </span>
     <span class='ocr_line' id='line_1_10' title="bbox 200 1016 1327 1081; baseline -0.003 -13"><span class='ocrx_word' id='word_1_64' title='bbox 200 1018 321 1068; x_wconf 81' lang='lat' dir='ltr'>volamus</span> <span class='ocrx_word' id='word_1_65' title='bbox 344 1033 419 1081; x_wconf 83' lang='lat' dir='ltr'>qoem</span> <span class='ocrx_word' id='word_1_66' title='bbox 442 1016 560 1081; x_wconf 77' lang='lat' dir='ltr'><em>intelligi</em></span> <span class='ocrx_word' id='word_1_67' title='bbox 582 1021 686 1066; x_wconf 75' lang='lat' dir='ltr'>tonicam</span> <span class='ocrx_word' id='word_1_68' title='bbox 710 1017 799 1066; x_wconf 85' lang='lat' dir='ltr'>volere</span> <span class='ocrx_word' id='word_1_69' title='bbox 821 1019 930 1067; x_wconf 77' lang='lat' dir='ltr'>minimo</span> <span class='ocrx_word' id='word_1_70' title='bbox 962 1016 1063 1080; x_wconf 81' lang='lat' dir='ltr'><em>digito,</em></span> <span class='ocrx_word' id='word_1_71' title='bbox 1089 1023 1223 1081; x_wconf 80' lang='lat' dir='ltr'>pacatam</span> <span class='ocrx_word' id='word_1_72' title='bbox 1248 1018 1327 1067; x_wconf 76' lang='lat' dir='ltr'>olias</span> 
     </span>
     <span class='ocr_line' id='line_1_11' title="bbox 200 1084 1325 1150; baseline -0.003 -14"><span class='ocrx_word' id='word_1_73' title='bbox 200 1088 262 1136; x_wconf 86' lang='lat' dir='ltr'>lotis</span> <span class='ocrx_word' id='word_1_74' title='bbox 279 1087 406 1135; x_wconf 80' lang='lat' dir='ltr'>uiribus.“</span> <span class='ocrx_word' id='word_1_75' title='bbox 441 1087 524 1148; x_wconf 81' lang='lat' dir='ltr'><strong>Atque</strong></span> <span class='ocrx_word' id='word_1_76' title='bbox 548 1085 587 1134; x_wconf 89' lang='lat' dir='ltr'>bis</span> <span class='ocrx_word' id='word_1_77' title='bbox 610 1084 662 1134; x_wconf 88' lang='lat' dir='ltr'>iere</span> <span class='ocrx_word' id='word_1_78' title='bbox 686 1085 859 1150; x_wconf 76' lang='lat' dir='ltr'>astipulantur</span> <span class='ocrx_word' id='word_1_79' title='bbox 882 1085 1034 1134; x_wconf 80' lang='lat' dir='ltr'>recentiores</span> <span class='ocrx_word' id='word_1_80' title='bbox 1053 1084 1223 1149; x_wconf 82' lang='lat' dir='ltr'>interpretes,</span> <span class='ocrx_word' id='word_1_81' title='bbox 1251 1091 1276 1135; x_wconf 89' lang='lat' dir='ltr'>et</span> <span class='ocrx_word' id='word_1_82' title='bbox 1291 1086 1325 1134; x_wconf 87' lang='lat' dir='ltr'>in</span> 
     </span>
     <span class='ocr_line' id='line_1_12' title="bbox 199 1151 1322 1219; baseline -0.002 -15"><span class='ocrx_word' id='word_1_83' title='bbox 199 1154 304 1219; x_wconf 84' lang='lat' dir='ltr'>Adagiis</span> <span class='ocrx_word' id='word_1_84' title='bbox 327 1155 456 1202; x_wconf 86' lang='lat' dir='ltr'>Erasmus.</span> <span class='ocrx_word' id='word_1_85' title='bbox 498 1151 546 1202; x_wconf 85' lang='lat' dir='ltr'>Sed</span> <span class='ocrx_word' id='word_1_86' title='bbox 569 1169 649 1216; x_wconf 89' lang='lat' dir='ltr'>neque</span> <span class='ocrx_word' id='word_1_87' title='bbox 672 1153 753 1203; x_wconf 91' lang='lat' dir='ltr'>ullum</span> <span class='ocrx_word' id='word_1_88' title='bbox 776 1152 917 1217; x_wconf 81' lang='lat' dir='ltr'>exemplum</span> <span class='ocrx_word' id='word_1_89' title='bbox 940 1154 1049 1202; x_wconf 87' lang='lat' dir='ltr'>afferunt</span> <span class='ocrx_word' id='word_1_90' title='bbox 1072 1153 1148 1202; x_wconf 88' lang='lat' dir='ltr'>istius</span> <span class='ocrx_word' id='word_1_91' title='bbox 1171 1153 1322 1212; x_wconf 90' lang='lat' dir='ltr'>locutionis,</span> 
     </span>
     <span class='ocr_line' id='line_1_13' title="bbox 199 1220 1320 1286; baseline 0 -15"><span class='ocrx_word' id='word_1_92' title='bbox 199 1220 311 1271; x_wconf 89' lang='lat' dir='ltr'>Minimo</span> <span class='ocrx_word' id='word_1_93' title='bbox 330 1222 416 1285; x_wconf 79' lang='lat' dir='ltr'>digito</span> <span class='ocrx_word' id='word_1_94' title='bbox 431 1236 593 1286; x_wconf 87' lang='lat' dir='ltr'>provocare:</span> <span class='ocrx_word' id='word_1_95' title='bbox 621 1236 703 1284; x_wconf 87' lang='lat' dir='ltr'>neque</span> <span class='ocrx_word' id='word_1_96' title='bbox 728 1221 849 1270; x_wconf 90' lang='lat' dir='ltr'>sermonis</span> <span class='ocrx_word' id='word_1_97' title='bbox 866 1221 953 1270; x_wconf 88' lang='lat' dir='ltr'>Latini</span> <span class='ocrx_word' id='word_1_98' title='bbox 979 1220 1089 1280; x_wconf 82' lang='lat' dir='ltr'>indoles,</span> <span class='ocrx_word' id='word_1_99' title='bbox 1114 1227 1160 1270; x_wconf 91' lang='lat' dir='ltr'>aut</span> <span class='ocrx_word' id='word_1_100' title='bbox 1184 1221 1240 1270; x_wconf 86' lang='lat' dir='ltr'>vita</span> <span class='ocrx_word' id='word_1_101' title='bbox 1256 1220 1320 1271; x_wconf 83' lang='lat' dir='ltr'>adeo</span> 
     </span>
     <span class='ocr_line' id='line_1_14' title="bbox 190 1288 1319 1355; baseline -0.001 -16"><span class='ocrx_word' id='word_1_102' title='bbox 190 1289 338 1340; x_wconf 81' lang='lat' dir='ltr'>&#39;communis</span> <span class='ocrx_word' id='word_1_103' title='bbox 355 1290 411 1353; x_wconf 89' lang='lat' dir='ltr'>pati</span> <span class='ocrx_word' id='word_1_104' title='bbox 428 1289 531 1352; x_wconf 87' lang='lat' dir='ltr'>poterit,</span> <span class='ocrx_word' id='word_1_105' title='bbox 548 1295 578 1338; x_wconf 91' lang='lat' dir='ltr'>ut</span> <span class='ocrx_word' id='word_1_106' title='bbox 595 1289 680 1353; x_wconf 50' lang='lat' dir='ltr'>duello</span> <span class='ocrx_word' id='word_1_107' title='bbox 697 1305 743 1355; x_wconf 88' lang='lat' dir='ltr'>per</span> <span class='ocrx_word' id='word_1_108' title='bbox 759 1289 873 1353; x_wconf 87' lang='lat' dir='ltr'>Ellipsin</span> <span class='ocrx_word' id='word_1_109' title='bbox 890 1288 1105 1352; x_wconf 82' lang='lat' dir='ltr'>subintelligatur.</span> <span class='ocrx_word' id='word_1_110' title='bbox 1139 1288 1233 1345; x_wconf 83' lang='lat' dir='ltr'>Qualis</span> <span class='ocrx_word' id='word_1_111' title='bbox 1251 1291 1319 1340; x_wconf 89' lang='lat' dir='ltr'>enim</span> 
     </span>
     <span class='ocr_line' id='line_1_15' title="bbox 200 1356 1319 1423; baseline 0.001 -17"><span class='ocrx_word' id='word_1_112' title='bbox 200 1357 357 1423; x_wconf 81' lang='lat' dir='ltr'>perturbatio</span> <span class='ocrx_word' id='word_1_113' title='bbox 375 1364 400 1405; x_wconf 91' lang='lat' dir='ltr'>et</span> <span class='ocrx_word' id='word_1_114' title='bbox 418 1357 541 1418; x_wconf 83' lang='lat' dir='ltr'>confusio,</span> <span class='ocrx_word' id='word_1_115' title='bbox 559 1358 580 1406; x_wconf 90' lang='lat' dir='ltr'>si</span> <span class='ocrx_word' id='word_1_116' title='bbox 598 1356 687 1421; x_wconf 89' lang='lat' dir='ltr'>lingua</span> <span class='ocrx_word' id='word_1_117' title='bbox 704 1358 829 1420; x_wconf 82' lang='lat' dir='ltr'>interpres</span> <span class='ocrx_word' id='word_1_118' title='bbox 847 1356 925 1406; x_wconf 90' lang='lat' dir='ltr'>animi</span> <span class='ocrx_word' id='word_1_119' title='bbox 944 1364 995 1405; x_wconf 91' lang='lat' dir='ltr'>tam</span> <span class='ocrx_word' id='word_1_120' title='bbox 1012 1357 1144 1420; x_wconf 83' lang='lat' dir='ltr'>ambiguos</span> <span class='ocrx_word' id='word_1_121' title='bbox 1161 1358 1319 1422; x_wconf 89' lang='lat' dir='ltr'>mutilosque</span> 
     </span>
     <span class='ocr_line' id='line_1_16' title="bbox 200 1425 1321 1490; baseline 0 -16"><span class='ocrx_word' id='word_1_122' title='bbox 200 1441 286 1475; x_wconf 90' lang='lat' dir='ltr'>sensus</span> <span class='ocrx_word' id='word_1_123' title='bbox 298 1425 413 1474; x_wconf 80' lang='lat' dir='ltr'>efferret?</span> <span class='ocrx_word' id='word_1_124' title='bbox 430 1425 566 1489; x_wconf 91' lang='lat' dir='ltr'>Vidithoc,</span> <span class='ocrx_word' id='word_1_125' title='bbox 584 1426 683 1490; x_wconf 91' lang='lat' dir='ltr'>opinor,</span> <span class='ocrx_word' id='word_1_126' title='bbox 701 1425 937 1490; x_wconf 73' lang='lat' dir='ltr'>perspicacissimus</span> <span class='ocrx_word' id='word_1_127' title='bbox 954 1425 1010 1474; x_wconf 88' lang='lat' dir='ltr'>Nic.</span> <span class='ocrx_word' id='word_1_128' title='bbox 1023 1425 1161 1484; x_wconf 85' lang='lat' dir='ltr'>Heinsius3</span> <span class='ocrx_word' id='word_1_129' title='bbox 1181 1431 1208 1475; x_wconf 91' lang='lat' dir='ltr'>et</span> <span class='ocrx_word' id='word_1_130' title='bbox 1226 1426 1321 1476; x_wconf 88' lang='lat' dir='ltr'>iccirco</span> 
     </span>
     <span class='ocr_line' id='line_1_17' title="bbox 200 1492 1322 1556; baseline 0.001 -14"><span class='ocrx_word' id='word_1_131' title='bbox 200 1498 319 1556; x_wconf 89' lang='lat' dir='ltr'>tanquam</span> <span class='ocrx_word' id='word_1_132' title='bbox 337 1492 392 1542; x_wconf 90' lang='lat' dir='ltr'>loco</span> <span class='ocrx_word' id='word_1_133' title='bbox 410 1493 529 1542; x_wconf 88' lang='lat' dir='ltr'>mendoso</span> <span class='ocrx_word' id='word_1_134' title='bbox 546 1493 698 1543; x_wconf 83' lang='lat' dir='ltr'>medicinam</span> <span class='ocrx_word' id='word_1_135' title='bbox 716 1493 780 1543; x_wconf 85' lang='lat' dir='ltr'>ferre</span> <span class='ocrx_word' id='word_1_136' title='bbox 798 1499 903 1542; x_wconf 91' lang='lat' dir='ltr'>conatus</span> <span class='ocrx_word' id='word_1_137' title='bbox 921 1504 972 1553; x_wconf 85' lang='lat' dir='ltr'>est,</span> <span class='ocrx_word' id='word_1_138' title='bbox 997 1492 1034 1541; x_wconf 86' lang='lat' dir='ltr'>sic</span> <span class='ocrx_word' id='word_1_139' title='bbox 1058 1509 1089 1542; x_wconf 84' lang='lat' dir='ltr'>er</span> <span class='ocrx_word' id='word_1_140' title='bbox 1113 1494 1263 1543; x_wconf 86' lang='lat' dir='ltr'>coniectura</span> <span class='ocrx_word' id='word_1_141' title='bbox 1282 1510 1322 1543; x_wconf 90' lang='lat' dir='ltr'>re·</span> 
     </span>
     <span class='ocr_line' id='line_1_18' title="bbox 199 1559 1324 1626; baseline 0.001 -16"><span class='ocrx_word' id='word_1_142' title='bbox 199 1577 304 1626; x_wconf 92' lang='lat' dir='ltr'>ponens,</span> <span class='ocrx_word' id='word_1_143' title='bbox 321 1559 478 1625; x_wconf 77' lang='lat' dir='ltr'>„Crispinus</span> <span class='ocrx_word' id='word_1_144' title='bbox 495 1561 572 1611; x_wconf 88' lang='lat' dir='ltr'>mimo</span> <span class='ocrx_word' id='word_1_145' title='bbox 589 1577 630 1610; x_wconf 89' lang='lat' dir='ltr'>me</span> <span class='ocrx_word' id='word_1_146' title='bbox 645 1564 799 1626; x_wconf 86' lang='lat' dir='ltr'>prouocol.“</span> <span class='ocrx_word' id='word_1_147' title='bbox 826 1561 870 1611; x_wconf 91' lang='lat' dir='ltr'>ubi</span> <span class='ocrx_word' id='word_1_148' title='bbox 887 1564 975 1624; x_wconf 85' lang='lat' dir='ltr'>mirae,</span> <span class='ocrx_word' id='word_1_149' title='bbox 994 1562 1021 1609; x_wconf 88' lang='lat' dir='ltr'>ni</span> <span class='ocrx_word' id='word_1_150' title='bbox 1040 1560 1126 1621; x_wconf 82' lang='lat' dir='ltr'>fallor,</span> <span class='ocrx_word' id='word_1_151' title='bbox 1144 1561 1246 1624; x_wconf 88' lang='lat' dir='ltr'>voluit,</span> <span class='ocrx_word' id='word_1_152' title='bbox 1264 1578 1324 1611; x_wconf 87' lang='lat' dir='ltr'>cum</span> 
     </span>
     <span class='ocr_line' id='line_1_19' title="bbox 199 1629 1322 1693; baseline 0.001 -15"><span class='ocrx_word' id='word_1_153' title='bbox 199 1631 253 1678; x_wconf 87' lang='lat' dir='ltr'>risu</span> <span class='ocrx_word' id='word_1_154' title='bbox 276 1635 302 1678; x_wconf 90' lang='lat' dir='ltr'>et</span> <span class='ocrx_word' id='word_1_155' title='bbox 325 1634 453 1678; x_wconf 86' lang='lat' dir='ltr'>contemtu</span> <span class='ocrx_word' id='word_1_156' title='bbox 476 1635 501 1678; x_wconf 89' lang='lat' dir='ltr'>ct</span> <span class='ocrx_word' id='word_1_157' title='bbox 517 1629 712 1693; x_wconf 84' lang='lat' dir='ltr'>gesticulatione</span> <span class='ocrx_word' id='word_1_158' title='bbox 736 1630 845 1679; x_wconf 91' lang='lat' dir='ltr'>mimica.</span> <span class='ocrx_word' id='word_1_159' title='bbox 881 1629 930 1678; x_wconf 85' lang='lat' dir='ltr'>Sed</span> <span class='ocrx_word' id='word_1_160' title='bbox 954 1638 979 1678; x_wconf 89' lang='lat' dir='ltr'>et</span> <span class='ocrx_word' id='word_1_161' title='bbox 1002 1629 1050 1677; x_wconf 89' lang='lat' dir='ltr'>hoc</span> <span class='ocrx_word' id='word_1_162' title='bbox 1067 1645 1156 1692; x_wconf 86' lang='lat' dir='ltr'>parum</span> <span class='ocrx_word' id='word_1_163' title='bbox 1177 1629 1322 1689; x_wconf 79' lang='lat' dir='ltr'>satisfacit3</span> 
     </span>
     <span class='ocr_line' id='line_1_20' title="bbox 199 1696 1324 1762; baseline 0 -16"><span class='ocrx_word' id='word_1_164' title='bbox 199 1703 225 1747; x_wconf 92' lang='lat' dir='ltr'>et</span> <span class='ocrx_word' id='word_1_165' title='bbox 243 1698 297 1747; x_wconf 90' lang='lat' dir='ltr'>sine</span> <span class='ocrx_word' id='word_1_166' title='bbox 316 1702 418 1746; x_wconf 89' lang='lat' dir='ltr'>auctore</span> <span class='ocrx_word' id='word_1_167' title='bbox 434 1697 568 1761; x_wconf 82' lang='lat' dir='ltr'>profertur.</span> <span class='ocrx_word' id='word_1_168' title='bbox 604 1696 682 1746; x_wconf 84' lang='lat' dir='ltr'>Aliud</span> <span class='ocrx_word' id='word_1_169' title='bbox 704 1713 780 1762; x_wconf 88' lang='lat' dir='ltr'>porro</span> <span class='ocrx_word' id='word_1_170' title='bbox 804 1697 952 1762; x_wconf 89' lang='lat' dir='ltr'>suppeditat</span> <span class='ocrx_word' id='word_1_171' title='bbox 969 1700 1052 1746; x_wconf 79' lang='lat' dir='ltr'>Acron</span> <span class='ocrx_word' id='word_1_172' title='bbox 1068 1696 1185 1746; x_wconf 82' lang='lat' dir='ltr'>Fabricii</span> <span class='ocrx_word' id='word_1_173' title='bbox 1203 1700 1274 1760; x_wconf 87' lang='lat' dir='ltr'>(nam</span> <span class='ocrx_word' id='word_1_174' title='bbox 1294 1699 1324 1746; x_wconf 90' lang='lat' dir='ltr'>in</span> 
     </span>
     <span class='ocr_line' id='line_1_21' title="bbox 200 1764 1325 1831; baseline 0 -16"><span class='ocrx_word' id='word_1_175' title='bbox 200 1766 356 1816; x_wconf 88' lang='lat' dir='ltr'>editionibus</span> <span class='ocrx_word' id='word_1_176' title='bbox 373 1766 465 1829; x_wconf 88' lang='lat' dir='ltr'>priscis</span> <span class='ocrx_word' id='word_1_177' title='bbox 483 1771 509 1815; x_wconf 88' lang='lat' dir='ltr'>st</span> <span class='ocrx_word' id='word_1_178' title='bbox 525 1766 612 1815; x_wconf 89' lang='lat' dir='ltr'>codice</span> <span class='ocrx_word' id='word_1_179' title='bbox 630 1766 726 1829; x_wconf 87' lang='lat' dir='ltr'>scripto</span> <span class='ocrx_word' id='word_1_180' title='bbox 749 1765 825 1814; x_wconf 87' lang='lat' dir='ltr'>verba</span> <span class='ocrx_word' id='word_1_181' title='bbox 851 1781 880 1814; x_wconf 87' lang='lat' dir='ltr'>ea</span> <span class='ocrx_word' id='word_1_182' title='bbox 904 1765 1087 1820; x_wconf 84' lang='lat' dir='ltr'>desideranturt</span> <span class='ocrx_word' id='word_1_183' title='bbox 1106 1764 1240 1829; x_wconf 85' lang='lat' dir='ltr'>„Minimo</span> <span class='ocrx_word' id='word_1_184' title='bbox 1257 1782 1325 1831; x_wconf 84' lang='lat' dir='ltr'>pro·</span> 
     </span>
     <span class='ocr_line' id='line_1_22' title="bbox 199 1833 1326 1898; baseline -0.001 -14"><span class='ocrx_word' id='word_1_185' title='bbox 199 1849 295 1884; x_wconf 86' lang='lat' dir='ltr'>vocare</span> <span class='ocrx_word' id='word_1_186' title='bbox 313 1834 441 1884; x_wconf 84' lang='lat' dir='ltr'>dicantar</span> <span class='ocrx_word' id='word_1_187' title='bbox 457 1836 500 1895; x_wconf 83' lang='lat' dir='ltr'>li,</span> <span class='ocrx_word' id='word_1_188' title='bbox 523 1836 571 1898; x_wconf 84' lang='lat' dir='ltr'>qai</span> <span class='ocrx_word' id='word_1_189' title='bbox 587 1837 616 1883; x_wconf 86' lang='lat' dir='ltr'>ia</span> <span class='ocrx_word' id='word_1_190' title='bbox 633 1836 804 1898; x_wconf 79' lang='lat' dir='ltr'>responsione</span> <span class='ocrx_word' id='word_1_191' title='bbox 818 1833 881 1898; x_wconf 82' lang='lat' dir='ltr'>plns</span> <span class='ocrx_word' id='word_1_192' title='bbox 899 1836 953 1898; x_wconf 82' lang='lat' dir='ltr'>ipsi</span> <span class='ocrx_word' id='word_1_193' title='bbox 967 1836 1139 1898; x_wconf 74' lang='lat' dir='ltr'>pertractant,</span> <span class='ocrx_word' id='word_1_194' title='bbox 1162 1849 1247 1898; x_wconf 81' lang='lat' dir='ltr'>quom</span> <span class='ocrx_word' id='word_1_195' title='bbox 1265 1837 1326 1883; x_wconf 72' lang='lat' dir='ltr'>eni·</span> 
     </span>
    </p>
   </div>
   <div class='ocr_carea' id='block_1_4' title="bbox 198 1900 1417 1967">
    <p class='ocr_par' dir='ltr' id='par_1_5' title="bbox 198 1900 1417 1967">
     <span class='ocr_line' id='line_1_23' title="bbox 198 1900 1417 1967; baseline 0 -16"><span class='ocrx_word' id='word_1_196' title='bbox 198 1909 267 1967; x_wconf 78' lang='lat' dir='ltr'>gont</span> <span class='ocrx_word' id='word_1_197' title='bbox 284 1904 316 1951; x_wconf 83' lang='lat' dir='ltr'>ol</span> <span class='ocrx_word' id='word_1_198' title='bbox 335 1902 516 1952; x_wconf 82' lang='lat' dir='ltr'>edversario.“</span> <span class='ocrx_word' id='word_1_199' title='bbox 552 1901 622 1957; x_wconf 80' lang='lat' dir='ltr'>Quae</span> <span class='ocrx_word' id='word_1_200' title='bbox 639 1910 760 1966; x_wconf 91' lang='lat' dir='ltr'>corrupta</span> <span class='ocrx_word' id='word_1_201' title='bbox 777 1902 814 1950; x_wconf 92' lang='lat' dir='ltr'>sic</span> <span class='ocrx_word' id='word_1_202' title='bbox 832 1901 950 1962; x_wconf 77' lang='lat' dir='ltr'>resitue,</span> <span class='ocrx_word' id='word_1_203' title='bbox 969 1900 1040 1964; x_wconf 77' lang='lat' dir='ltr'>„Qui</span> <span class='ocrx_word' id='word_1_204' title='bbox 1057 1904 1085 1950; x_wconf 85' lang='lat' dir='ltr'>ia</span> <span class='ocrx_word' id='word_1_205' title='bbox 1103 1902 1243 1966; x_wconf 88' lang='lat' dir='ltr'>sponsione</span> <span class='ocrx_word' id='word_1_206' title='bbox 1259 1903 1326 1966; x_wconf 81' lang='lat' dir='ltr'>plus</span> <span class='ocrx_word' id='word_1_207' title='bbox 1416 1925 1417 1928; x_wconf 41' lang='lat'>¹</span> 
     </span>
    </p>
   </div>
   <div class='ocr_carea' id='block_1_5' title="bbox 198 1969 1326 4211">
    <p class='ocr_par' dir='ltr' id='par_1_6' title="bbox 198 1969 1326 4211">
     <span class='ocr_line' id='line_1_24' title="bbox 200 1969 1326 2035; baseline -0.001 -16"><span class='ocrx_word' id='word_1_208' title='bbox 200 1973 254 2035; x_wconf 84' lang='lat' dir='ltr'>ipsi</span> <span class='ocrx_word' id='word_1_209' title='bbox 269 1971 427 2035; x_wconf 88' lang='lat' dir='ltr'>promittant,</span> <span class='ocrx_word' id='word_1_210' title='bbox 446 1985 525 2034; x_wconf 85' lang='lat' dir='ltr'>paam</span> <span class='ocrx_word' id='word_1_211' title='bbox 543 1973 657 2034; x_wconf 76' lang='lat' dir='ltr'>erigant</span> <span class='ocrx_word' id='word_1_212' title='bbox 673 1971 705 2019; x_wconf 87' lang='lat' dir='ltr'>ob</span> <span class='ocrx_word' id='word_1_213' title='bbox 723 1969 904 2019; x_wconf 78' lang='lat' dir='ltr'>odvermrto.“</span> <span class='ocrx_word' id='word_1_214' title='bbox 927 1970 984 2019; x_wconf 91' lang='lat' dir='ltr'>Hoc</span> <span class='ocrx_word' id='word_1_215' title='bbox 1002 1969 1121 2019; x_wconf 91' lang='lat' dir='ltr'>nimirum</span> <span class='ocrx_word' id='word_1_216' title='bbox 1138 1969 1222 2019; x_wconf 87' lang='lat' dir='ltr'>voluit</span> <span class='ocrx_word' id='word_1_217' title='bbox 1240 1985 1326 2019; x_wconf 90' lang='lat' dir='ltr'>anno-</span> 
     </span>
     <span class='ocr_line' id='line_1_25' title="bbox 200 2037 1325 2104; baseline 0 -17"><span class='ocrx_word' id='word_1_218' title='bbox 200 2044 283 2100; x_wconf 85' lang='lat' dir='ltr'>tator,</span> <span class='ocrx_word' id='word_1_219' title='bbox 306 2037 452 2104; x_wconf 83' lang='lat' dir='ltr'>Crispinum</span> <span class='ocrx_word' id='word_1_220' title='bbox 470 2054 527 2087; x_wconf 92' lang='lat' dir='ltr'>cum</span> <span class='ocrx_word' id='word_1_221' title='bbox 544 2038 653 2087; x_wconf 90' lang='lat' dir='ltr'>Horatio</span> <span class='ocrx_word' id='word_1_222' title='bbox 671 2039 831 2102; x_wconf 79' lang='lat' dir='ltr'>sponsionem</span> <span class='ocrx_word' id='word_1_223' title='bbox 849 2037 951 2098; x_wconf 89' lang='lat' dir='ltr'>fecisse,</span> <span class='ocrx_word' id='word_1_224' title='bbox 976 2038 1012 2086; x_wconf 88' lang='lat' dir='ltr'>Ni</span> <span class='ocrx_word' id='word_1_225' title='bbox 1034 2038 1118 2100; x_wconf 89' lang='lat' dir='ltr'>plures</span> <span class='ocrx_word' id='word_1_226' title='bbox 1135 2054 1222 2087; x_wconf 85' lang='lat' dir='ltr'>versus</span> <span class='ocrx_word' id='word_1_227' title='bbox 1241 2039 1325 2087; x_wconf 90' lang='lat' dir='ltr'>citius</span> 
     </span>
     <span class='ocr_line' id='line_1_26' title="bbox 200 2105 1323 2170; baseline -0.003 -14"><span class='ocrx_word' id='word_1_228' title='bbox 200 2112 373 2170; x_wconf 86' lang='lat' dir='ltr'>componeret:</span> <span class='ocrx_word' id='word_1_229' title='bbox 391 2105 468 2169; x_wconf 90' lang='lat' dir='ltr'>idque</span> <span class='ocrx_word' id='word_1_230' title='bbox 485 2106 614 2169; x_wconf 77' lang='lat' dir='ltr'>inaequali</span> <span class='ocrx_word' id='word_1_231' title='bbox 632 2106 751 2170; x_wconf 88' lang='lat' dir='ltr'>pignore;</span> <span class='ocrx_word' id='word_1_232' title='bbox 770 2108 800 2156; x_wconf 88' lang='lat' dir='ltr'>ut</span> <span class='ocrx_word' id='word_1_233' title='bbox 818 2122 863 2155; x_wconf 92' lang='lat' dir='ltr'>suo</span> <span class='ocrx_word' id='word_1_234' title='bbox 881 2107 903 2155; x_wconf 90' lang='lat' dir='ltr'>si</span> <span class='ocrx_word' id='word_1_235' title='bbox 921 2107 985 2155; x_wconf 84' lang='lat' dir='ltr'>forte</span> <span class='ocrx_word' id='word_1_236' title='bbox 995 2105 1098 2166; x_wconf 89' lang='lat' dir='ltr'>talento,</span> <span class='ocrx_word' id='word_1_237' title='bbox 1116 2106 1220 2155; x_wconf 86' lang='lat' dir='ltr'>Horatii</span> <span class='ocrx_word' id='word_1_238' title='bbox 1239 2106 1323 2155; x_wconf 89' lang='lat' dir='ltr'>mina.</span> 
     </span>
     <span class='ocr_line' id='line_1_27' title="bbox 200 2172 1324 2238; baseline -0.001 -14"><span class='ocrx_word' id='word_1_239' title='bbox 200 2174 256 2230; x_wconf 75' lang='lat' dir='ltr'>Quo</span> <span class='ocrx_word' id='word_1_240' title='bbox 274 2173 404 2224; x_wconf 86' lang='lat' dir='ltr'>ostendere</span> <span class='ocrx_word' id='word_1_241' title='bbox 422 2175 503 2223; x_wconf 90' lang='lat' dir='ltr'>voluit</span> <span class='ocrx_word' id='word_1_242' title='bbox 520 2172 655 2238; x_wconf 81' lang='lat' dir='ltr'>Crispinus</span> <span class='ocrx_word' id='word_1_243' title='bbox 672 2173 805 2224; x_wconf 87' lang='lat' dir='ltr'>victoriam</span> <span class='ocrx_word' id='word_1_244' title='bbox 828 2173 879 2223; x_wconf 90' lang='lat' dir='ltr'>sibi</span> <span class='ocrx_word' id='word_1_245' title='bbox 902 2190 954 2222; x_wconf 92' lang='lat' dir='ltr'>non</span> <span class='ocrx_word' id='word_1_246' title='bbox 972 2173 1075 2224; x_wconf 85' lang='lat' dir='ltr'>dubiam</span> <span class='ocrx_word' id='word_1_247' title='bbox 1093 2174 1159 2235; x_wconf 88' lang='lat' dir='ltr'>iore,</span> <span class='ocrx_word' id='word_1_248' title='bbox 1187 2181 1213 2222; x_wconf 89' lang='lat' dir='ltr'>et</span> <span class='ocrx_word' id='word_1_249' title='bbox 1238 2189 1324 2237; x_wconf 89' lang='lat' dir='ltr'>prope</span> 
     </span>
     <span class='ocr_line' id='line_1_28' title="bbox 199 2241 1324 2307; baseline 0 -16"><span class='ocrx_word' id='word_1_250' title='bbox 199 2243 227 2292; x_wconf 91' lang='lat' dir='ltr'>in</span> <span class='ocrx_word' id='word_1_251' title='bbox 245 2242 361 2292; x_wconf 89' lang='lat' dir='ltr'>manibus</span> <span class='ocrx_word' id='word_1_252' title='bbox 379 2241 480 2302; x_wconf 89' lang='lat' dir='ltr'>haberi,</span> <span class='ocrx_word' id='word_1_253' title='bbox 505 2243 527 2292; x_wconf 91' lang='lat' dir='ltr'>si</span> <span class='ocrx_word' id='word_1_254' title='bbox 552 2243 655 2291; x_wconf 89' lang='lat' dir='ltr'>auderet</span> <span class='ocrx_word' id='word_1_255' title='bbox 671 2243 764 2291; x_wconf 88' lang='lat' dir='ltr'>Noster</span> <span class='ocrx_word' id='word_1_256' title='bbox 787 2242 948 2307; x_wconf 90' lang='lat' dir='ltr'>sponsionem</span> <span class='ocrx_word' id='word_1_257' title='bbox 966 2243 1101 2306; x_wconf 88' lang='lat' dir='ltr'>suscipere.</span> <span class='ocrx_word' id='word_1_258' title='bbox 1135 2242 1172 2291; x_wconf 83' lang='lat' dir='ltr'>Et</span> <span class='ocrx_word' id='word_1_259' title='bbox 1189 2242 1324 2292; x_wconf 85' lang='lat' dir='ltr'>sententia</span> 
     </span>
     <span class='ocr_line' id='line_1_29' title="bbox 199 2309 1325 2375; baseline -0.001 -15"><span class='ocrx_word' id='word_1_260' title='bbox 199 2311 301 2375; x_wconf 87' lang='lat' dir='ltr'>quidem</span> <span class='ocrx_word' id='word_1_261' title='bbox 325 2311 426 2375; x_wconf 82' lang='lat' dir='ltr'>egregia</span> <span class='ocrx_word' id='word_1_262' title='bbox 449 2316 502 2359; x_wconf 84' lang='lat' dir='ltr'>cst:</span> <span class='ocrx_word' id='word_1_263' title='bbox 529 2311 572 2360; x_wconf 89' lang='lat' dir='ltr'>sed</span> <span class='ocrx_word' id='word_1_264' title='bbox 595 2310 681 2359; x_wconf 91' lang='lat' dir='ltr'>nullus</span> <span class='ocrx_word' id='word_1_265' title='bbox 698 2309 785 2371; x_wconf 80' lang='lat' dir='ltr'>rideo,</span> <span class='ocrx_word' id='word_1_266' title='bbox 810 2309 901 2374; x_wconf 91' lang='lat' dir='ltr'>quibus</span> <span class='ocrx_word' id='word_1_267' title='bbox 926 2309 1026 2360; x_wconf 88' lang='lat' dir='ltr'>demum</span> <span class='ocrx_word' id='word_1_268' title='bbox 1049 2310 1181 2359; x_wconf 89' lang='lat' dir='ltr'>tormentis</span> <span class='ocrx_word' id='word_1_269' title='bbox 1205 2312 1325 2359; x_wconf 73' lang='lat' dir='ltr'>salninse</span> 
     </span>
     <span class='ocr_line' id='line_1_30' title="bbox 198 2377 1324 2444; baseline -0.002 -16"><span class='ocrx_word' id='word_1_270' title='bbox 198 2394 352 2444; x_wconf 85' lang='lat' dir='ltr'>provocare,</span> <span class='ocrx_word' id='word_1_271' title='bbox 371 2379 399 2428; x_wconf 94' lang='lat' dir='ltr'>id</span> <span class='ocrx_word' id='word_1_272' title='bbox 416 2377 484 2442; x_wconf 90' lang='lat' dir='ltr'>quod</span> <span class='ocrx_word' id='word_1_273' title='bbox 501 2379 556 2428; x_wconf 91' lang='lat' dir='ltr'>vult</span> <span class='ocrx_word' id='word_1_274' title='bbox 573 2383 715 2440; x_wconf 86' lang='lat' dir='ltr'>annotator,</span> <span class='ocrx_word' id='word_1_275' title='bbox 737 2379 876 2443; x_wconf 81' lang='lat' dir='ltr'>exprimere</span> <span class='ocrx_word' id='word_1_276' title='bbox 893 2383 919 2428; x_wconf 89' lang='lat' dir='ltr'>et</span> <span class='ocrx_word' id='word_1_277' title='bbox 936 2378 1080 2441; x_wconf 79' lang='lat' dir='ltr'>significare</span> <span class='ocrx_word' id='word_1_278' title='bbox 1097 2379 1185 2442; x_wconf 77' lang='lat' dir='ltr'>possit</span> <span class='ocrx_word' id='word_1_279' title='bbox 1222 2377 1324 2427; x_wconf 83' lang='lat' dir='ltr'>Tamen</span> 
     </span>
     <span class='ocr_line' id='line_1_31' title="bbox 199 2445 1323 2512; baseline -0.002 -16"><span class='ocrx_word' id='word_1_280' title='bbox 199 2448 221 2497; x_wconf 88' lang='lat' dir='ltr'>is</span> <span class='ocrx_word' id='word_1_281' title='bbox 239 2447 340 2496; x_wconf 85' lang='lat' dir='ltr'>videtur</span> <span class='ocrx_word' id='word_1_282' title='bbox 357 2448 430 2511; x_wconf 87' lang='lat' dir='ltr'>quasi</span> <span class='ocrx_word' id='word_1_283' title='bbox 447 2463 494 2512; x_wconf 89' lang='lat' dir='ltr'>per</span> <span class='ocrx_word' id='word_1_284' title='bbox 510 2451 681 2508; x_wconf 71' lang='lat' dir='ltr'>transennam,</span> <span class='ocrx_word' id='word_1_285' title='bbox 698 2462 782 2495; x_wconf 84' lang='lat' dir='ltr'>veram</span> <span class='ocrx_word' id='word_1_286' title='bbox 806 2451 894 2511; x_wconf 72' lang='lat' dir='ltr'>poetae</span> <span class='ocrx_word' id='word_1_287' title='bbox 918 2445 1070 2496; x_wconf 85' lang='lat' dir='ltr'>sententiam</span> <span class='ocrx_word' id='word_1_288' title='bbox 1092 2446 1200 2495; x_wconf 82' lang='lat' dir='ltr'>vidisse:</span> <span class='ocrx_word' id='word_1_289' title='bbox 1220 2454 1323 2495; x_wconf 87' lang='lat' dir='ltr'>certum</span> 
     </span>
     <span class='ocr_line' id='line_1_32' title="bbox 200 2514 1323 2580; baseline -0.001 -16"><span class='ocrx_word' id='word_1_290' title='bbox 200 2515 268 2565; x_wconf 89' lang='lat' dir='ltr'>enim</span> <span class='ocrx_word' id='word_1_291' title='bbox 286 2519 332 2576; x_wconf 89' lang='lat' dir='ltr'>est,</span> <span class='ocrx_word' id='word_1_292' title='bbox 350 2532 380 2565; x_wconf 83' lang='lat' dir='ltr'>ex</span> <span class='ocrx_word' id='word_1_293' title='bbox 397 2514 454 2580; x_wconf 89' lang='lat' dir='ltr'>ipsa</span> <span class='ocrx_word' id='word_1_294' title='bbox 470 2514 591 2579; x_wconf 89' lang='lat' dir='ltr'>loquendi</span> <span class='ocrx_word' id='word_1_295' title='bbox 608 2515 729 2575; x_wconf 82' lang='lat' dir='ltr'>formula,</span> <span class='ocrx_word' id='word_1_296' title='bbox 748 2515 778 2564; x_wconf 91' lang='lat' dir='ltr'>de</span> <span class='ocrx_word' id='word_1_297' title='bbox 795 2516 931 2578; x_wconf 90' lang='lat' dir='ltr'>sponsione</span> <span class='ocrx_word' id='word_1_298' title='bbox 955 2515 1032 2578; x_wconf 78' lang='lat' dir='ltr'>(quod</span> <span class='ocrx_word' id='word_1_299' title='bbox 1050 2518 1174 2563; x_wconf 88' lang='lat' dir='ltr'>nostrates</span> <span class='ocrx_word' id='word_1_300' title='bbox 1191 2514 1285 2563; x_wconf 89' lang='lat' dir='ltr'>dicunt</span> <span class='ocrx_word' id='word_1_301' title='bbox 1302 2529 1323 2563; x_wconf 84' lang='lat' dir='ltr'>a</span> 
     </span>
     <span class='ocr_line' id='line_1_33' title="bbox 202 2581 1321 2648; baseline -0.003 -14"><span class='ocrx_word' id='word_1_302' title='bbox 202 2581 313 2647; x_wconf 74' lang='lat' dir='ltr'>Wogeri</span> <span class='ocrx_word' id='word_1_303' title='bbox 331 2583 433 2647; x_wconf 81' lang='lat' dir='ltr'>hicsgi.</span> <span class='ocrx_word' id='word_1_304' title='bbox 461 2582 599 2648; x_wconf 82' lang='lat' dir='ltr'>Crispinus</span> <span class='ocrx_word' id='word_1_305' title='bbox 615 2585 725 2632; x_wconf 89' lang='lat' dir='ltr'>minimo</span> <span class='ocrx_word' id='word_1_306' title='bbox 743 2598 783 2632; x_wconf 89' lang='lat' dir='ltr'>me</span> <span class='ocrx_word' id='word_1_307' title='bbox 798 2588 976 2648; x_wconf 83' lang='lat' dir='ltr'>prouocat.</span> <span class='ocrx_word' id='word_1_308' title='bbox 1004 2583 1045 2631; x_wconf 89' lang='lat' dir='ltr'>Ita</span> <span class='ocrx_word' id='word_1_309' title='bbox 1055 2583 1170 2632; x_wconf 89' lang='lat' dir='ltr'>Valerius</span> <span class='ocrx_word' id='word_1_310' title='bbox 1180 2583 1321 2644; x_wconf 83' lang='lat' dir='ltr'>Maximus,</span> 
     </span>
     <span class='ocr_line' id='line_1_34' title="bbox 199 2646 1322 2716; baseline -0.003 -15"><span class='ocrx_word' id='word_1_311' title='bbox 199 2652 234 2711; x_wconf 88' lang='lat'>11,</span> <span class='ocrx_word' id='word_1_312' title='bbox 254 2654 276 2710; x_wconf 80' lang='lat'>8,</span> <span class='ocrx_word' id='word_1_313' title='bbox 295 2652 318 2701; x_wconf 79' lang='grc'>2.</span> <span class='ocrx_word' id='word_1_314' title='bbox 354 2650 497 2712; x_wconf 81' lang='lat' dir='ltr'>„Valeriae</span> <span class='ocrx_word' id='word_1_315' title='bbox 515 2646 650 2716; x_wconf 77' lang='lat' dir='ltr'>sponsionis</span> <span class='ocrx_word' id='word_1_316' title='bbox 668 2650 802 2700; x_wconf 88' lang='lat' dir='ltr'>Lutatium</span> <span class='ocrx_word' id='word_1_317' title='bbox 819 2651 974 2713; x_wconf 85' lang='lat' dir='ltr'>provocavit,</span> <span class='ocrx_word' id='word_1_318' title='bbox 993 2649 1031 2701; x_wconf 84' lang='lat' dir='ltr'>at</span> <span class='ocrx_word' id='word_1_319' title='bbox 1046 2667 1094 2700; x_wconf 82' lang='lat' dir='ltr'>sao</span> <span class='ocrx_word' id='word_1_320' title='bbox 1114 2651 1196 2700; x_wconf 85' lang='lat' dir='ltr'>docta</span> <span class='ocrx_word' id='word_1_321' title='bbox 1214 2650 1322 2699; x_wconf 69' lang='lat' dir='ltr'>staaica</span> 
     </span>
     <span class='ocr_line' id='line_1_35' title="bbox 201 2717 1321 2783; baseline -0.002 -15"><span class='ocrx_word' id='word_1_322' title='bbox 201 2719 292 2768; x_wconf 86' lang='lat' dir='ltr'>classis</span> <span class='ocrx_word' id='word_1_323' title='bbox 310 2725 377 2768; x_wconf 83' lang='lat' dir='ltr'>esset</span> <span class='ocrx_word' id='word_1_324' title='bbox 393 2722 544 2783; x_wconf 83' lang='lat' dir='ltr'>oppressa.“</span> <span class='ocrx_word' id='word_1_325' title='bbox 570 2718 705 2768; x_wconf 89' lang='lat' dir='ltr'>Petronius</span> <span class='ocrx_word' id='word_1_326' title='bbox 713 2720 836 2783; x_wconf 81' lang='lat' dir='ltr'>·Tragurii</span> <span class='ocrx_word' id='word_1_327' title='bbox 853 2724 967 2783; x_wconf 84' lang='lat' dir='ltr'>repertus</span> <span class='ocrx_word' id='word_1_328' title='bbox 977 2720 1049 2781; x_wconf 80' lang='lat' dir='ltr'>[clii</span> <span class='ocrx_word' id='word_1_329' title='bbox 1059 2721 1146 2781; x_wconf 86' lang='lat' dir='ltr'>extr.]:</span> <span class='ocrx_word' id='word_1_330' title='bbox 1166 2717 1321 2782; x_wconf 78' lang='lat' dir='ltr'>„lltcoepit</span> 
     </span>
     <span class='ocr_line' id='line_1_36' title="bbox 199 2785 1320 2852; baseline -0.001 -17"><span class='ocrx_word' id='word_1_331' title='bbox 199 2785 448 2835; x_wconf 83' lang='lat' dir='ltr'>subindedominum</span> <span class='ocrx_word' id='word_1_332' title='bbox 467 2803 539 2837; x_wconf 89' lang='lat' dir='ltr'>snum</span> <span class='ocrx_word' id='word_1_333' title='bbox 557 2788 692 2851; x_wconf 90' lang='lat' dir='ltr'>sponsione</span> <span class='ocrx_word' id='word_1_334' title='bbox 709 2802 853 2852; x_wconf 87' lang='lat' dir='ltr'>provocare,</span> <span class='ocrx_word' id='word_1_335' title='bbox 872 2786 910 2836; x_wconf 87' lang='lat' dir='ltr'>Ni</span> <span class='ocrx_word' id='word_1_336' title='bbox 926 2789 1052 2851; x_wconf 79' lang='lat' dir='ltr'>protinas</span> <span class='ocrx_word' id='word_1_337' title='bbox 1069 2789 1201 2852; x_wconf 78' lang='lat' dir='ltr'>pronimis</span> <span class='ocrx_word' id='word_1_338' title='bbox 1212 2785 1320 2836; x_wconf 82' lang='lat' dir='ltr'>Circen-</span> 
     </span>
     <span class='ocr_line' id='line_1_37' title="bbox 199 2852 1320 2920; baseline -0.002 -16"><span class='ocrx_word' id='word_1_339' title='bbox 199 2856 271 2904; x_wconf 80' lang='lat' dir='ltr'>sibus</span> <span class='ocrx_word' id='word_1_340' title='bbox 279 2857 395 2919; x_wconf 82' lang='lat' dir='ltr'>primam</span> <span class='ocrx_word' id='word_1_341' title='bbox 403 2855 546 2919; x_wconf 85' lang='lat' dir='ltr'>polmota.“</span> <span class='ocrx_word' id='word_1_342' title='bbox 572 2855 649 2904; x_wconf 86' lang='lat' dir='ltr'>Recte</span> <span class='ocrx_word' id='word_1_343' title='bbox 659 2856 751 2920; x_wconf 87' lang='lat' dir='ltr'>opinor</span> <span class='ocrx_word' id='word_1_344' title='bbox 759 2855 820 2904; x_wconf 89' lang='lat' dir='ltr'>haec</span> <span class='ocrx_word' id='word_1_345' title='bbox 830 2855 984 2920; x_wconf 85' lang='lat' dir='ltr'>procedunt:</span> <span class='ocrx_word' id='word_1_346' title='bbox 1002 2854 1047 2904; x_wconf 90' lang='lat' dir='ltr'>sed</span> <span class='ocrx_word' id='word_1_347' title='bbox 1064 2855 1126 2919; x_wconf 90' lang='lat' dir='ltr'>quid</span> <span class='ocrx_word' id='word_1_348' title='bbox 1134 2855 1257 2905; x_wconf 85' lang='lat' dir='ltr'>iaciamus</span> <span class='ocrx_word' id='word_1_349' title='bbox 1271 2852 1320 2902; x_wconf 92' lang='lat' dir='ltr'>illo</span> 
     </span>
     <span class='ocr_line' id='line_1_38' title="bbox 199 2922 1319 2988; baseline -0.002 -16"><span class='ocrx_word' id='word_1_350' title='bbox 199 2923 328 2972; x_wconf 79' lang='lat' dir='ltr'>minimo?</span> <span class='ocrx_word' id='word_1_351' title='bbox 345 2923 422 2972; x_wconf 86' lang='lat' dir='ltr'>Deest</span> <span class='ocrx_word' id='word_1_352' title='bbox 438 2923 563 2987; x_wconf 90' lang='lat' dir='ltr'>siquidem</span> <span class='ocrx_word' id='word_1_353' title='bbox 580 2924 703 2988; x_wconf 87' lang='lat' dir='ltr'>pecuniae</span> <span class='ocrx_word' id='word_1_354' title='bbox 721 2939 823 2984; x_wconf 86' lang='lat' dir='ltr'>summa,</span> <span class='ocrx_word' id='word_1_355' title='bbox 842 2938 917 2986; x_wconf 90' lang='lat' dir='ltr'>quam</span> <span class='ocrx_word' id='word_1_356' title='bbox 934 2924 1051 2988; x_wconf 88' lang='lat' dir='ltr'>perderet</span> <span class='ocrx_word' id='word_1_357' title='bbox 1066 2923 1097 2984; x_wconf 91' lang='lat' dir='ltr'>is,</span> <span class='ocrx_word' id='word_1_358' title='bbox 1116 2923 1160 2987; x_wconf 92' lang='lat' dir='ltr'>qui</span> <span class='ocrx_word' id='word_1_359' title='bbox 1178 2922 1319 2987; x_wconf 88' lang='lat' dir='ltr'>sponsione</span> 
     </span>
     <span class='ocr_line' id='line_1_39' title="bbox 199 2990 1318 3055; baseline -0.001 -15"><span class='ocrx_word' id='word_1_360' title='bbox 199 2992 349 3042; x_wconf 82' lang='lat' dir='ltr'>vinceretur.</span> <span class='ocrx_word' id='word_1_361' title='bbox 384 2992 509 3041; x_wconf 85' lang='lat' dir='ltr'>Asconius</span> <span class='ocrx_word' id='word_1_362' title='bbox 532 2992 659 3041; x_wconf 90' lang='lat' dir='ltr'>Pedianus</span> <span class='ocrx_word' id='word_1_363' title='bbox 682 2992 711 3041; x_wconf 89' lang='lat' dir='ltr'>in</span> <span class='ocrx_word' id='word_1_364' title='bbox 728 2992 862 3041; x_wconf 88' lang='lat' dir='ltr'>Verrinam</span> <span class='ocrx_word' id='word_1_365' title='bbox 888 2991 918 3041; x_wconf 89' lang='lat' dir='ltr'>ds</span> <span class='ocrx_word' id='word_1_366' title='bbox 941 2993 1063 3041; x_wconf 89' lang='lat' dir='ltr'>Praetura</span> <span class='ocrx_word' id='word_1_367' title='bbox 1086 2990 1189 3040; x_wconf 88' lang='lat' dir='ltr'>Urbana</span> <span class='ocrx_word' id='word_1_368' title='bbox 1211 3007 1238 3055; x_wconf 91' lang='lat' dir='ltr'>p.</span> <span class='ocrx_word' id='word_1_369' title='bbox 1259 2993 1318 3041; x_wconf 89' lang='lat'>100.</span> 
     </span>
     <span class='ocr_line' id='line_1_40' title="bbox 201 3059 1319 3125; baseline 0.001 -18"><span class='ocrx_word' id='word_1_370' title='bbox 201 3062 266 3122; x_wconf 87' lang='lat' dir='ltr'>[Act.</span> <span class='ocrx_word' id='word_1_371' title='bbox 285 3061 312 3107; x_wconf 88' lang='grc' dir='ltr'>ΙΙ</span> <span class='ocrx_word' id='word_1_372' title='bbox 329 3059 374 3108; x_wconf 88' lang='lat' dir='ltr'>lib.</span> <span class='ocrx_word' id='word_1_373' title='bbox 394 3061 407 3108; x_wconf 91' lang='lat'>1</span> <span class='ocrx_word' id='word_1_374' title='bbox 425 3062 440 3123; x_wconf 61' lang='grc' dir='ltr'>ᾗ</span> <span class='ocrx_word' id='word_1_375' title='bbox 461 3062 519 3122; x_wconf 85' lang='grc'><strong>115]</strong></span> <span class='ocrx_word' id='word_1_376' title='bbox 554 3059 723 3124; x_wconf 71' lang='lat' dir='ltr'>„sponsione</span> <span class='ocrx_word' id='word_1_377' title='bbox 746 3062 802 3125; x_wconf 82' lang='lat' dir='ltr'>ipre</span> <span class='ocrx_word' id='word_1_378' title='bbox 817 3065 983 3124; x_wconf 84' lang='lat' dir='ltr'>provocator</span> <span class='ocrx_word' id='word_1_379' title='bbox 1000 3061 1033 3109; x_wconf 84' lang='lat' dir='ltr'>ol</span> <span class='ocrx_word' id='word_1_380' title='bbox 1052 3059 1214 3120; x_wconf 83' lang='lat' dir='ltr'>adversario,</span> <span class='ocrx_word' id='word_1_381' title='bbox 1233 3064 1319 3108; x_wconf 86' lang='lat' dir='ltr'>certas</span> 
     </span>
     <span class='ocr_line' id='line_1_41' title="bbox 200 3126 1319 3192; baseline -0.001 -16"><span class='ocrx_word' id='word_1_382' title='bbox 200 3128 323 3191; x_wconf 85' lang='lat' dir='ltr'>pecuniae</span> <span class='ocrx_word' id='word_1_383' title='bbox 340 3131 385 3176; x_wconf 90' lang='lat' dir='ltr'>aut</span> <span class='ocrx_word' id='word_1_384' title='bbox 402 3126 600 3189; x_wconf 88' lang='lat' dir='ltr'>aestimationis,</span> <span class='ocrx_word' id='word_1_385' title='bbox 625 3143 706 3192; x_wconf 82' lang='lat' dir='ltr'>quom</span> <span class='ocrx_word' id='word_1_386' title='bbox 724 3130 846 3190; x_wconf 84' lang='lat' dir='ltr'>amittat,</span> <span class='ocrx_word' id='word_1_387' title='bbox 873 3126 1194 3177; x_wconf 63' lang='lat' dir='ltr'>samosatensem</span> <span class='ocrx_word' id='word_1_388' title='bbox 1213 3126 1319 3191; x_wconf 78' lang='lat' dir='ltr'>dequo</span> 
     </span>
     <span class='ocr_line' id='line_1_42' title="bbox 201 3194 1318 3261; baseline 0.002 -17"><span class='ocrx_word' id='word_1_389' title='bbox 201 3197 362 3245; x_wconf 84' lang='lat' dir='ltr'>contendit.“</span> <span class='ocrx_word' id='word_1_390' title='bbox 386 3194 475 3244; x_wconf 80' lang='lat' dir='ltr'>Cicero</span> <span class='ocrx_word' id='word_1_391' title='bbox 492 3196 547 3261; x_wconf 89' lang='lat' dir='ltr'>ipsc</span> <span class='ocrx_word' id='word_1_392' title='bbox 565 3197 593 3245; x_wconf 90' lang='lat' dir='ltr'>in</span> <span class='ocrx_word' id='word_1_393' title='bbox 605 3195 709 3245; x_wconf 87' lang='lat' dir='ltr'>Verrem</span> <span class='ocrx_word' id='word_1_394' title='bbox 726 3196 757 3245; x_wconf 92' lang='lat' dir='ltr'>de</span> <span class='ocrx_word' id='word_1_395' title='bbox 775 3197 919 3257; x_wconf 82' lang='lat' dir='ltr'>Frumento,</span> <span class='ocrx_word' id='word_1_396' title='bbox 937 3197 1010 3247; x_wconf 74' lang='lat' dir='ltr'>ata</span> <span class='ocrx_word' id='word_1_397' title='bbox 1030 3198 1095 3258; x_wconf 83' lang='lat' dir='ltr'>[Act.</span> <span class='ocrx_word' id='word_1_398' title='bbox 1104 3196 1131 3244; x_wconf 84' lang='lat'>11</span> <span class='ocrx_word' id='word_1_399' title='bbox 1147 3194 1165 3244; x_wconf 94' lang='lat' dir='ltr'>l.</span> <span class='ocrx_word' id='word_1_400' title='bbox 1180 3195 1231 3257; x_wconf 91' lang='lat' dir='ltr'>Ill]</span> <span class='ocrx_word' id='word_1_401' title='bbox 1250 3195 1318 3246; x_wconf 72' lang='lat' dir='ltr'>ass</span> 
     </span>
     <span class='ocr_line' id='line_1_43' title="bbox 200 3262 1320 3330; baseline -0.001 -17"><span class='ocrx_word' id='word_1_402' title='bbox 200 3263 226 3327; x_wconf 64' lang='grc' dir='ltr'>[ς’</span> <span class='ocrx_word' id='word_1_403' title='bbox 247 3265 305 3324; x_wconf 79' lang='grc'><strong>135]</strong></span> <span class='ocrx_word' id='word_1_404' title='bbox 340 3264 386 3325; x_wconf 90' lang='grc' dir='ltr'><strong><em>,,Ρ.</em></strong></span> <span class='ocrx_word' id='word_1_405' title='bbox 404 3262 557 3314; x_wconf 80' lang='lat' dir='ltr'>Scandilius</span> <span class='ocrx_word' id='word_1_406' title='bbox 575 3263 684 3314; x_wconf 87' lang='lat' dir='ltr'>eoadem</span> <span class='ocrx_word' id='word_1_407' title='bbox 701 3266 867 3330; x_wconf 80' lang='lat' dir='ltr'>sponsionem</span> <span class='ocrx_word' id='word_1_408' title='bbox 886 3265 918 3314; x_wconf 86' lang='lat' dir='ltr'>de</span> <span class='ocrx_word' id='word_1_409' title='bbox 934 3267 1059 3313; x_wconf 86' lang='lat' dir='ltr'>societate</span> <span class='ocrx_word' id='word_1_410' title='bbox 1080 3263 1161 3324; x_wconf 74' lang='lat' dir='ltr'>fecit:</span> <span class='ocrx_word' id='word_1_411' title='bbox 1186 3264 1261 3323; x_wconf 79' lang='lat' dir='ltr'>socio</span> <span class='ocrx_word' id='word_1_412' title='bbox 1279 3267 1320 3312; x_wconf 83' lang='lat' dir='ltr'>est</span> 
     </span>
     <span class='ocr_line' id='line_1_44' title="bbox 199 3330 1317 3397; baseline 0.002 -18"><span class='ocrx_word' id='word_1_413' title='bbox 199 3333 306 3394; x_wconf 78' lang='lat' dir='ltr'>sponsio</span> <span class='ocrx_word' id='word_1_414' title='bbox 325 3330 480 3381; x_wconf 75' lang='lat' dir='ltr'>Sestertium</span> <span class='ocrx_word' id='word_1_415' title='bbox 498 3335 614 3397; x_wconf 77' lang='lat' dir='ltr'>quinque</span> <span class='ocrx_word' id='word_1_416' title='bbox 631 3332 774 3383; x_wconf 80' lang='lat' dir='ltr'>millibus.“</span> <span class='ocrx_word' id='word_1_417' title='bbox 792 3331 862 3381; x_wconf 91' lang='lat' dir='ltr'>Idem</span> <span class='ocrx_word' id='word_1_418' title='bbox 879 3332 907 3380; x_wconf 91' lang='lat' dir='ltr'>in</span> <span class='ocrx_word' id='word_1_419' title='bbox 925 3332 1031 3382; x_wconf 88' lang='lat' dir='ltr'>eundem</span> <span class='ocrx_word' id='word_1_420' title='bbox 1049 3332 1079 3382; x_wconf 91' lang='lat' dir='ltr'>de</span> <span class='ocrx_word' id='word_1_421' title='bbox 1089 3330 1230 3396; x_wconf 88' lang='lat' dir='ltr'>Suppliciis</span> <span class='ocrx_word' id='word_1_422' title='bbox 1248 3334 1317 3394; x_wconf 80' lang='lat' dir='ltr'>[Act.</span> 
     </span>
     <span class='ocr_line' id='line_1_45' title="bbox 199 3397 1318 3465; baseline 0.001 -18"><span class='ocrx_word' id='word_1_423' title='bbox 199 3400 226 3447; x_wconf 94' lang='lat' dir='ltr'>Il</span> <span class='ocrx_word' id='word_1_424' title='bbox 243 3397 260 3447; x_wconf 91' lang='lat'>1.</span> <span class='ocrx_word' id='word_1_425' title='bbox 280 3397 311 3459; x_wconf 91' lang='lat' dir='ltr'>V]</span> <span class='ocrx_word' id='word_1_426' title='bbox 331 3414 351 3448; x_wconf 95' lang='lat' dir='ltr'>c.</span> <span class='ocrx_word' id='word_1_427' title='bbox 370 3401 410 3450; x_wconf 86' lang='grc'>54.</span> <span class='ocrx_word' id='word_1_428' title='bbox 430 3400 455 3463; x_wconf 67' lang='grc' dir='ltr'>[ξ</span> <span class='ocrx_word' id='word_1_429' title='bbox 476 3402 534 3461; x_wconf 73' lang='lat' dir='ltr'>lli]</span> <span class='ocrx_word' id='word_1_430' title='bbox 560 3399 677 3463; x_wconf 80' lang='lat' dir='ltr'>„Cogere</span> <span class='ocrx_word' id='word_1_431' title='bbox 700 3416 759 3449; x_wconf 87' lang='lat' dir='ltr'>eam</span> <span class='ocrx_word' id='word_1_432' title='bbox 783 3403 876 3465; x_wconf 85' lang='lat' dir='ltr'>coepit,</span> <span class='ocrx_word' id='word_1_433' title='bbox 896 3399 1050 3451; x_wconf 79' lang='lat' dir='ltr'>Sestertium</span> <span class='ocrx_word' id='word_1_434' title='bbox 1074 3399 1175 3449; x_wconf 76' lang='lat' dir='ltr'>desolas</span> <span class='ocrx_word' id='word_1_435' title='bbox 1198 3399 1318 3449; x_wconf 77' lang='lat' dir='ltr'>anillitus</span> 
     </span>
     <span class='ocr_line' id='line_1_46' title="bbox 198 3466 1317 3533; baseline -0.001 -17"><span class='ocrx_word' id='word_1_436' title='bbox 198 3469 367 3531; x_wconf 84' lang='lat' dir='ltr'>sponsionem</span> <span class='ocrx_word' id='word_1_437' title='bbox 384 3466 474 3528; x_wconf 84' lang='lat' dir='ltr'>facere</span> <span class='ocrx_word' id='word_1_438' title='bbox 491 3483 550 3517; x_wconf 83' lang='lat' dir='ltr'>cora</span> <span class='ocrx_word' id='word_1_439' title='bbox 570 3468 663 3517; x_wconf 85' lang='lat' dir='ltr'>lictore</span> <span class='ocrx_word' id='word_1_440' title='bbox 679 3484 742 3531; x_wconf 86' lang='lat' dir='ltr'>sao,</span> <span class='ocrx_word' id='word_1_441' title='bbox 761 3466 799 3518; x_wconf 88' lang='lat' dir='ltr'>Ni</span> <span class='ocrx_word' id='word_1_442' title='bbox 814 3466 897 3528; x_wconf 69' lang='lat' dir='ltr'>faras</span> <span class='ocrx_word' id='word_1_443' title='bbox 915 3475 1052 3533; x_wconf 81' lang='lat' dir='ltr'>quaestam</span> <span class='ocrx_word' id='word_1_444' title='bbox 1068 3469 1195 3529; x_wconf 74' lang='lat' dir='ltr'>laceret.⁴‘</span> <span class='ocrx_word' id='word_1_445' title='bbox 1230 3467 1317 3526; x_wconf 91' lang='lat' dir='ltr'>Vides,</span> 
     </span>
     <span class='ocr_line' id='line_1_47' title="bbox 199 3534 1318 3601; baseline 0 -17"><span class='ocrx_word' id='word_1_446' title='bbox 199 3535 291 3599; x_wconf 84' lang='lat' dir='ltr'>opinor</span> <span class='ocrx_word' id='word_1_447' title='bbox 321 3540 416 3584; x_wconf 88' lang='lat' dir='ltr'>certam</span> <span class='ocrx_word' id='word_1_448' title='bbox 439 3536 562 3599; x_wconf 88' lang='lat' dir='ltr'>pecuniae</span> <span class='ocrx_word' id='word_1_449' title='bbox 584 3550 705 3585; x_wconf 88' lang='lat' dir='ltr'>summam</span> <span class='ocrx_word' id='word_1_450' title='bbox 738 3537 765 3586; x_wconf 90' lang='lat' dir='ltr'>in</span> <span class='ocrx_word' id='word_1_451' title='bbox 790 3536 970 3601; x_wconf 89' lang='lat' dir='ltr'>sponsionibus</span> <span class='ocrx_word' id='word_1_452' title='bbox 994 3535 1102 3600; x_wconf 85' lang='lat' dir='ltr'>exprimi</span> <span class='ocrx_word' id='word_1_453' title='bbox 1125 3534 1211 3585; x_wconf 88' lang='lat' dir='ltr'>solere.</span> <span class='ocrx_word' id='word_1_454' title='bbox 1247 3534 1318 3591; x_wconf 80' lang='lat' dir='ltr'>Quid</span> 
     </span>
     <span class='ocr_line' id='line_1_48' title="bbox 199 3602 1317 3669; baseline -0.002 -15"><span class='ocrx_word' id='word_1_455' title='bbox 199 3603 277 3669; x_wconf 79' lang='lat' dir='ltr'>argo?</span> <span class='ocrx_word' id='word_1_456' title='bbox 304 3603 445 3653; x_wconf 73' lang='lat' dir='ltr'>Lenissima</span> <span class='ocrx_word' id='word_1_457' title='bbox 468 3603 511 3652; x_wconf 87' lang='lat' dir='ltr'>vel</span> <span class='ocrx_word' id='word_1_458' title='bbox 533 3604 610 3668; x_wconf 89' lang='lat' dir='ltr'>plane</span> <span class='ocrx_word' id='word_1_459' title='bbox 633 3602 704 3653; x_wconf 92' lang='lat' dir='ltr'>nulla</span> <span class='ocrx_word' id='word_1_460' title='bbox 722 3605 863 3654; x_wconf 89' lang='lat' dir='ltr'>mutatione</span> <span class='ocrx_word' id='word_1_461' title='bbox 887 3603 1004 3663; x_wconf 87' lang='lat' dir='ltr'>(totidem</span> <span class='ocrx_word' id='word_1_462' title='bbox 1023 3605 1090 3653; x_wconf 90' lang='lat' dir='ltr'>enim</span> <span class='ocrx_word' id='word_1_463' title='bbox 1107 3608 1168 3653; x_wconf 91' lang='lat' dir='ltr'>sunt</span> <span class='ocrx_word' id='word_1_464' title='bbox 1183 3602 1317 3652; x_wconf 87' lang='lat' dir='ltr'>literarum</span> 
     </span>
     <span class='ocr_line' id='line_1_49' title="bbox 199 3671 1318 3737; baseline -0.002 -15"><span class='ocrx_word' id='word_1_465' title='bbox 199 3672 299 3732; x_wconf 73' lang='lat' dir='ltr'>ductus)</span> <span class='ocrx_word' id='word_1_466' title='bbox 317 3687 407 3722; x_wconf 83' lang='lat' dir='ltr'>novam</span> <span class='ocrx_word' id='word_1_467' title='bbox 423 3671 558 3737; x_wconf 83' lang='lat' dir='ltr'>lectionem</span> <span class='ocrx_word' id='word_1_468' title='bbox 576 3688 606 3721; x_wconf 87' lang='lat' dir='ltr'>ex</span> <span class='ocrx_word' id='word_1_469' title='bbox 623 3671 769 3721; x_wconf 87' lang='lat' dir='ltr'>coniectura</span> <span class='ocrx_word' id='word_1_470' title='bbox 787 3673 877 3733; x_wconf 81' lang='lat' dir='ltr'>affer03</span> <span class='ocrx_word' id='word_1_471' title='bbox 896 3677 972 3737; x_wconf 89' lang='lat' dir='ltr'>atque</span> <span class='ocrx_word' id='word_1_472' title='bbox 989 3672 1051 3722; x_wconf 87' lang='lat' dir='ltr'>adeo</span> <span class='ocrx_word' id='word_1_473' title='bbox 1069 3672 1124 3737; x_wconf 89' lang='lat' dir='ltr'>ipsc</span> <span class='ocrx_word' id='word_1_474' title='bbox 1139 3671 1318 3736; x_wconf 80' lang='lat' dir='ltr'>quavisspon·</span> 
     </span>
     <span class='ocr_line' id='line_1_50' title="bbox 199 3739 1317 3805; baseline -0.001 -16"><span class='ocrx_word' id='word_1_475' title='bbox 199 3740 271 3790; x_wconf 89' lang='lat' dir='ltr'>sione</span> <span class='ocrx_word' id='word_1_476' title='bbox 288 3740 409 3790; x_wconf 91' lang='lat' dir='ltr'>lacessere</span> <span class='ocrx_word' id='word_1_477' title='bbox 427 3740 516 3802; x_wconf 89' lang='lat' dir='ltr'>ausim,</span> <span class='ocrx_word' id='word_1_478' title='bbox 535 3739 570 3789; x_wconf 89' lang='lat' dir='ltr'>Ni</span> <span class='ocrx_word' id='word_1_479' title='bbox 587 3755 646 3789; x_wconf 88' lang='lat' dir='ltr'>vera</span> <span class='ocrx_word' id='word_1_480' title='bbox 664 3746 690 3789; x_wconf 88' lang='lat' dir='ltr'>et</span> <span class='ocrx_word' id='word_1_481' title='bbox 706 3740 813 3790; x_wconf 88' lang='lat' dir='ltr'>indubia</span> <span class='ocrx_word' id='word_1_482' title='bbox 830 3742 878 3789; x_wconf 88' lang='lat' dir='ltr'>sit:</span> <span class='ocrx_word' id='word_1_483' title='bbox 902 3739 1060 3805; x_wconf 79' lang='lat' dir='ltr'>„Crispinus</span> <span class='ocrx_word' id='word_1_484' title='bbox 1077 3755 1178 3789; x_wconf 89' lang='lat' dir='ltr'>nummo</span> <span class='ocrx_word' id='word_1_485' title='bbox 1196 3754 1238 3788; x_wconf 87' lang='lat' dir='ltr'>me</span> <span class='ocrx_word' id='word_1_486' title='bbox 1254 3754 1317 3803; x_wconf 84' lang='lat' dir='ltr'>pro·</span> 
     </span>
     <span class='ocr_line' id='line_1_51' title="bbox 199 3806 1316 3872; baseline -0.002 -14"><span class='ocrx_word' id='word_1_487' title='bbox 199 3810 302 3859; x_wconf 84' lang='lat' dir='ltr'>vocot.“</span> <span class='ocrx_word' id='word_1_488' title='bbox 327 3808 401 3858; x_wconf 86' lang='lat' dir='ltr'>Nihil</span> <span class='ocrx_word' id='word_1_489' title='bbox 418 3806 511 3859; x_wconf 87' lang='lat' dir='ltr'>clarius</span> <span class='ocrx_word' id='word_1_490' title='bbox 529 3809 675 3872; x_wconf 80' lang='lat' dir='ltr'>argutiusve</span> <span class='ocrx_word' id='word_1_491' title='bbox 692 3807 745 3857; x_wconf 92' lang='lat' dir='ltr'>dici</span> <span class='ocrx_word' id='word_1_492' title='bbox 762 3814 853 3872; x_wconf 88' lang='lat' dir='ltr'>potest.</span> <span class='ocrx_word' id='word_1_493' title='bbox 881 3807 989 3872; x_wconf 88' lang='lat' dir='ltr'>Oblique</span> <span class='ocrx_word' id='word_1_494' title='bbox 1008 3809 1074 3859; x_wconf 89' lang='lat' dir='ltr'>enim</span> <span class='ocrx_word' id='word_1_495' title='bbox 1094 3807 1242 3872; x_wconf 78' lang='lat' dir='ltr'>Crispinum</span> <span class='ocrx_word' id='word_1_496' title='bbox 1259 3813 1316 3856; x_wconf 86' lang='lat' dir='ltr'>tau·</span> 
     </span>
     <span class='ocr_line' id='line_1_52' title="bbox 199 3876 1315 3941; baseline -0.003 -15"><span class='ocrx_word' id='word_1_497' title='bbox 199 3877 246 3940; x_wconf 83' lang='lat' dir='ltr'>git,</span> <span class='ocrx_word' id='word_1_498' title='bbox 265 3877 487 3941; x_wconf 85' lang='lat' dir='ltr'>quasiegennrnet</span> <span class='ocrx_word' id='word_1_499' title='bbox 503 3876 660 3926; x_wconf 83' lang='lat' dir='ltr'>mendicum:</span> <span class='ocrx_word' id='word_1_500' title='bbox 679 3877 792 3941; x_wconf 90' lang='lat' dir='ltr'>quinon</span> <span class='ocrx_word' id='word_1_501' title='bbox 810 3877 904 3926; x_wconf 90' lang='lat' dir='ltr'>maiore</span> <span class='ocrx_word' id='word_1_502' title='bbox 922 3877 1037 3940; x_wconf 82' lang='lat' dir='ltr'>pignore,</span> <span class='ocrx_word' id='word_1_503' title='bbox 1055 3892 1129 3940; x_wconf 84' lang='lat' dir='ltr'>quam</span> <span class='ocrx_word' id='word_1_504' title='bbox 1139 3891 1191 3925; x_wconf 90' lang='lat' dir='ltr'>uno</span> <span class='ocrx_word' id='word_1_505' title='bbox 1204 3891 1315 3936; x_wconf 89' lang='lat' dir='ltr'>nummo,</span> 
     </span>
     <span class='ocr_line' id='line_1_53' title="bbox 199 3943 1315 4010; baseline -0.001 -17"><span class='ocrx_word' id='word_1_506' title='bbox 199 3950 295 3994; x_wconf 70' lang='lat' dir='ltr'>cenare</span> <span class='ocrx_word' id='word_1_507' title='bbox 312 3945 429 3997; x_wconf 82' lang='lat' dir='ltr'>voluerit.</span> <span class='ocrx_word' id='word_1_508' title='bbox 459 3945 593 3994; x_wconf 81' lang='lat' dir='ltr'>Servorum</span> <span class='ocrx_word' id='word_1_509' title='bbox 611 3945 678 3994; x_wconf 88' lang='lat' dir='ltr'>enim</span> <span class='ocrx_word' id='word_1_510' title='bbox 697 3951 722 3994; x_wconf 90' lang='lat' dir='ltr'>et</span> <span class='ocrx_word' id='word_1_511' title='bbox 739 3945 949 4010; x_wconf 86' lang='lat' dir='ltr'>pauperculorum</span> <span class='ocrx_word' id='word_1_512' title='bbox 967 3950 1028 4005; x_wconf 83' lang='lat' dir='ltr'>erat,</span> <span class='ocrx_word' id='word_1_513' title='bbox 1047 3960 1148 3995; x_wconf 89' lang='lat' dir='ltr'>nummo</span> <span class='ocrx_word' id='word_1_514' title='bbox 1166 3943 1315 4009; x_wconf 90' lang='lat' dir='ltr'>sponsiones</span> 
     </span>
     <span class='ocr_line' id='line_1_54' title="bbox 198 4011 1315 4077; baseline -0.001 -16"><span class='ocrx_word' id='word_1_515' title='bbox 198 4011 287 4062; x_wconf 83' lang='lat' dir='ltr'>iacere.</span> <span class='ocrx_word' id='word_1_516' title='bbox 314 4013 420 4062; x_wconf 85' lang='lat' dir='ltr'>Plautus</span> <span class='ocrx_word' id='word_1_517' title='bbox 436 4013 547 4076; x_wconf 84' lang='lat' dir='ltr'>Epidico</span> <span class='ocrx_word' id='word_1_518' title='bbox 564 4015 620 4062; x_wconf 77' lang='lat' dir='ltr'>Act.</span> <span class='ocrx_word' id='word_1_519' title='bbox 629 4012 659 4063; x_wconf 91' lang='lat' dir='ltr'>V.</span> <span class='ocrx_word' id='word_1_520' title='bbox 679 4014 718 4063; x_wconf 83' lang='lat' dir='ltr'>Sc.</span> <span class='ocrx_word' id='word_1_521' title='bbox 729 4015 752 4064; x_wconf 80' lang='lat'>2.</span> <span class='ocrx_word' id='word_1_522' title='bbox 772 4015 804 4074; x_wconf 84' lang='lat' dir='ltr'>[v.</span> <span class='ocrx_word' id='word_1_523' title='bbox 814 4015 857 4076; x_wconf 79' lang='grc'>35]</span> <span class='ocrx_word' id='word_1_524' title='bbox 882 4013 1035 4077; x_wconf 88' lang='lat' dir='ltr'>Loquuntur</span> <span class='ocrx_word' id='word_1_525' title='bbox 1051 4013 1135 4063; x_wconf 89' lang='lat' dir='ltr'>Herus</span> <span class='ocrx_word' id='word_1_526' title='bbox 1152 4012 1315 4076; x_wconf 89' lang='lat' dir='ltr'>Periphanes,</span> 
     </span>
     <span class='ocr_line' id='line_1_55' title="bbox 199 4079 1315 4146; baseline 0.001 -18"><span class='ocrx_word' id='word_1_527' title='bbox 199 4086 225 4128; x_wconf 88' lang='lat' dir='ltr'>et</span> <span class='ocrx_word' id='word_1_528' title='bbox 241 4080 366 4144; x_wconf 82' lang='lat' dir='ltr'>Epidicus</span> <span class='ocrx_word' id='word_1_529' title='bbox 384 4096 482 4130; x_wconf 85' lang='lat' dir='ltr'>servus:</span> <span class='ocrx_word' id='word_1_530' title='bbox 501 4083 548 4141; x_wconf 87' lang='grc' dir='ltr'><strong>,,Ρ.</strong></span> <span class='ocrx_word' id='word_1_531' title='bbox 567 4081 625 4143; x_wconf 82' lang='lat' dir='ltr'>an</span> <span class='ocrx_word' id='word_1_532' title='bbox 642 4081 743 4141; x_wconf 76' lang='lat' dir='ltr'>stoacio</span> <span class='ocrx_word' id='word_1_533' title='bbox 762 4097 842 4131; x_wconf 81' lang='lat' dir='ltr'>arnas</span> <span class='ocrx_word' id='word_1_534' title='bbox 858 4084 983 4146; x_wconf 86' lang='lat' dir='ltr'>primam,</span> <span class='ocrx_word' id='word_1_535' title='bbox 1001 4096 1070 4146; x_wconf 84' lang='lat' dir='ltr'>qaae</span> <span class='ocrx_word' id='word_1_536' title='bbox 1084 4085 1152 4130; x_wconf 84' lang='lat' dir='ltr'>erato</span> <span class='ocrx_word' id='word_1_537' title='bbox 1165 4086 1205 4130; x_wconf 87' lang='lat' dir='ltr'>est</span> <span class='ocrx_word' id='word_1_538' title='bbox 1216 4079 1315 4130; x_wconf 80' lang='lat' dir='ltr'>nudius</span> 
     </span>
     <span class='ocr_line' id='line_1_56' title="bbox 201 4146 1315 4211; baseline 0.004 -15"><span class='ocrx_word' id='word_1_539' title='bbox 201 4150 294 4196; x_wconf 86' lang='lat' dir='ltr'>tertias</span> <span class='ocrx_word' id='word_1_540' title='bbox 311 4146 410 4197; x_wconf 82' lang='lat' dir='ltr'>Filiam</span> <span class='ocrx_word' id='word_1_541' title='bbox 433 4163 518 4197; x_wconf 87' lang='lat' dir='ltr'>meam</span> <span class='ocrx_word' id='word_1_542' title='bbox 535 4147 623 4197; x_wconf 87' lang='lat' dir='ltr'>dicere</span> <span class='ocrx_word' id='word_1_543' title='bbox 647 4154 719 4200; x_wconf 84' lang='lat' dir='ltr'>esee?</span> <span class='ocrx_word' id='word_1_544' title='bbox 744 4150 774 4200; x_wconf 85' lang='lat' dir='ltr'>E.</span> <span class='ocrx_word' id='word_1_545' title='bbox 795 4148 900 4199; x_wconf 78' lang='lat' dir='ltr'>tituil:</span> <span class='ocrx_word' id='word_1_546' title='bbox 927 4165 957 4199; x_wconf 88' lang='lat' dir='ltr'>co</span> <span class='ocrx_word' id='word_1_547' title='bbox 983 4149 1092 4211; x_wconf 74' lang='lat' dir='ltr'>filtreis.</span> <span class='ocrx_word' id='word_1_548' title='bbox 1127 4149 1156 4198; x_wconf 91' lang='lat' dir='ltr'>P.</span> <span class='ocrx_word' id='word_1_549' title='bbox 1181 4148 1245 4198; x_wconf 85' lang='lat' dir='ltr'>Aia&#39;</span> <span class='ocrx_word' id='word_1_550' title='bbox 1269 4153 1315 4201; x_wconf 79' lang='lat' dir='ltr'>tal</span> 
     </span>
    </p>
   </div>
   <div class='ocr_carea' id='block_1_6' title="bbox 0 0 1426 4758">
    <p class='ocr_par' dir='ltr' id='par_1_7' title="bbox 0 0 1426 4758">
     <span class='ocr_line' id='line_1_57' title="bbox 0 0 1426 4758; baseline 0 0"><span class='ocrx_word' id='word_1_551' title='bbox 0 0 1426 4758; x_wconf 95' lang='lat' dir='ltr'> </span> 
     </span>
    </p>
   </div>
  </div>
 </body>
</html>
