2834 4758
216 224 278 293 306
600 242 633 301 e.
654 240 797 288 nonnum
818 241 944 290 rancor

229 439 233 444 .
299 374 453 441 Pertundi
473 374 575 439 nardo
596 375 695 447 iuvat,
718 379 750 438 et
770 372 833 438 fide
855 373 1009 459 Cyllenea

257 475 288 523 10
345 462 467 526 Levare
490 459 579 525 dnus
602 467 731 545 pectora
754 459 1040 526 sollicitudinibus:

297 546 424 612 Nobilis
445 552 481 610 ut
502 544 616 627 grandi
640 542 754 609 cecinit
776 544 956 610 Centaurus
978 547 1122 622 alumno;

340 629 517 705 luvicte,
547 630 691 694 mortalis
712 631 784 694 Dea
805 636 879 694 nate
902 651 982 714 puer
1003 630 1148 705 Thetide,

296 719 344 781 Te
366 721 475 781 manet
497 714 649 780 Assaraci
671 715 777 789 tellus,
801 734 896 797 qnam
920 714 1040 796 frigida
1061 715 1153 800 parvi

209 849 213 857 .
342 799 484 866 Findunt
507 798 695 866 Scamandri
715 799 857 876 flumina,
879 799 1022 865 lubricus
1045 807 1077 866 et
1099 800 1232 865 Simois:

166 918 169 924 ·
255 899 284 948 ts
298 885 396 952 Unde
419 885 477 950 tibi
498 884 634 950 reditum
657 891 743 950 certo
766 884 944 950 subtemine
966 887 1086 950 Parcae

337 972 483 1055 Rupere3
509 987 568 1034 nec
591 976 694 1035 mater
715 969 843 1034 domum
865 972 995 1035 caerula
1016 978 1048 1036 te
1069 968 1208 1035 revehet.

635 1088 658 1120 v.
679 1073 719 1122 to.
736 1069 812 1134 Vulg.
832 1070 914 1120 Diris.

144 1230 151 1237 ,
210 1189 337 1240 exhibent.
374 1191 463 1255 Neque
480 1189 519 1239 iss
537 1195 575 1240 est
592 1188 723 1250 dubitare,
749 1189 811 1252 quiu
829 1189 857 1239 in
874 1189 977 1239 illorum
1000 1186 1131 1238 codicibus
1148 1187 1215 1237 idem
1233 1187 1345 1239 habere·

210 1263 260 1321 tur,
277 1258 342 1307 male
369 1257 473 1307 silentio
489 1258 703 1323 praetermissum.
741 1257 818 1306 Recte
842 1262 925 1306 autem
943 1257 1121 1307 Achaemenio
1140 1256 1227 1305 narde
1246 1272 1344 1321 genere

209 1330 314 1387 neutro,
338 1329 367 1374 nt
385 1326 477 1375 Noster
494 1325 558 1375 alibi
576 1325 656 1390 Epod.
676 1324 706 1387 V,
716 1326 757 1375 59.
793 1324 896 1386 „Nardo
914 1330 1088 1389 perunctam,
1106 1324 1180 1387 quale
1203 1339 1261 1374 non
1278 1341 1343 1391 per·

207 1393 306 1454 festius
324 1382 399 1442 blasae
423 1393 574 1443 laborarint
590 1394 711 1443 manus.“
746 1391 863 1442 Tibullus
883 1394 918 1454 ΙΙ,
934 1395 957 1444 2.
987 1396 1019 1456 [v.
1038 1394 1064 1455 l]
1093 1392 1188 1455 „Illius
1210 1407 1280 1457 puro
1300 1394 1341 1442 cii·

208 1461 314 1512 stillant
331 1466 450 1525 tempora
468 1461 574 1510 nardo.“
609 1459 697 1510 Celsus
714 1459 760 1510 lib.
779 1459 809 1509 V.
829 1476 885 1525 cap.
899 1463 937 1511 tl.
967 1461 1082 1524 „terreus
1100 1459 1261 1525 quadratus,
1279 1477 1341 1510 nar·

209 1529 276 1590 dum,
295 1530 523 1590 cinnamomum“,
541 1534 617 1593 atque
635 1529 673 1577 ita
690 1528 735 1578 alii
754 1543 835 1593 saepe.
870 1529 931 1578 Ideo
948 1533 1032 1578 autem
1049 1544 1128 1590 genus
1147 1532 1268 1577 neutrum
1286 1530 1340 1578 tae·

207 1598 306 1646 minino
323 1596 365 1645 hie
384 1596 507 1660 praetulit
525 1600 631 1656 Auctor,
656 1602 685 1645 ut
702 1597 795 1644 vitaret
818 1596 948 1646 insuavem
971 1595 1166 1646 homoeoteleuti
1190 1612 1282 1645 sonum
1309 1598 1338 1645 in

207 1665 257 1714 fine
275 1680 373 1723 versus3
400 1661 534 1727 „deducet
552 1668 580 1713 in
597 1664 684 1713 sedem
712 1668 781 1726 vice,
805 1679 877 1714 nune
900 1670 927 1714 et
948 1665 972 1714 A
979 1666 1184 1714 clraemenio
1203 1664 1343 1724 Perfacndi

207 1731 294 1782 nardo
304 1735 395 1793 iteuat;
413 1737 438 1781 et
455 1732 509 1793 fide
520 1731 670 1798 Cyllenea.·'‘
695 1732 783 1781 Scribe
793 1733 860 1780 enim
870 1748 928 1782 cum
937 1732 1057 1797 vulgatis,
1075 1731 1266 1793 Achaemenio,
1275 1730 1340 1797 cyt-

208 1801 298 1860 lenea;
316 1804 342 1850 et
359 1816 445 1849 aurem
464 1805 541 1862 tuam,
560 1801 611 1849 nisi
629 1800 704 1849 hebes
723 1805 748 1848 et
765 1799 859 1849 stolida
876 1807 922 1862 est,
942 1800 1066 1850 verberari
1085 1805 1110 1848 et
1120 1798 1220 1848 'offendi
1230 1801 1338 1849 senties.

277 1870 315 1919 to.
342 1868 442 1917 Lauare
460 1868 528 1918 diris
544 1871 663 1934 pectora]
688 1867 772 1917 Diras
794 1884 841 1932 pro
860 1867 944 1917 durus
967 1884 1018 1917 non
1043 1866 1118 1917 semel
1143 1867 1340 1926 substituerunt

206 1930 350 1987 oscitantes
362 1935 471 1998 librarii,
489 1941 518 1986 ut
536 1952 613 2001 supra
630 1934 710 1985 Carus.
723 1936 773 1996 ΙΙΙ,
791 1937 832 1997 24,
843 1938 867 1988 6.
890 1936 951 1986 dira
969 1939 1124 1985 necessitas:
1142 1941 1168 1984 et
1186 1952 1255 1984 nunc
1274 1951 1337 1999 quo-

206 2022 254 2069 que
273 2004 347 2053 diras
364 2004 560 2054 sollicitudines
577 2003 651 2053 nobis
669 2003 817 2064 obtrudunt,
835 2020 882 2069 pro
900 2004 984 2066 duris,
1003 2008 1032 2053 ut
1050 2003 1116 2054 clare
1134 2001 1237 2052 exhibet
1256 2002 1336 2053 codex

205 2078 291 2122 noster
302 2071 428 2121 Galeanus
446 2079 472 2121 et
490 2072 569 2121 editio
579 2071 714 2121 Loscheri:
733 2070 854 2134 „Lauare
872 2072 942 2121 duris
959 2077 1067 2136 pectora
1078 2071 1337 2121 sollicitudinibus

206 2140 248 2190 Sic
266 2140 392 2203 Virgilius
410 2143 472 2191 Aen.
492 2140 536 2203 IV,
545 2141 604 2191 488.
632 2145 692 2203 „ast
710 2139 771 2188 aliis
789 2138 865 2190 duras
883 2143 1024 2188 immittere
1041 2143 1140 2188 eurss.“
1164 2139 1337 2189 Nemesianus

204 2208 294 2272 Eclog.
313 2209 386 2269 Lis.
412 2208 505 2269 „duras
524 2208 639 2257 docuisti
654 2207 750 2268 follere
768 2210 867 2256 curas.“
893 2209 986 2257 Noster
997 2205 1077 2257 Oarm.
1089 2208 1175 2270 11,13,
1185 2208 1226 2257 27.
1252 2208 1337 2270 „dura

204 2278 281 2325 nouis
299 2276 369 2324 Dura
392 2275 476 2340 fugae
504 2276 594 2339 mala,
619 2276 682 2325 dura
701 2275 787 2324 belli.“
826 2282 851 2324 et
869 2274 949 2327 Gerar.
967 2276 989 2339 I,
1007 2277 1047 2339 ts,
1064 2277 1088 2327 3.
1123 2274 1223 2334 „Siccis
1241 2279 1335 2325 omnia

204 2360 266 2393 nam
285 2343 348 2393 dura
366 2343 430 2392 deris
445 2346 596 2408 proposuit,
614 2358 698 2408 neque
707 2342 847 2392 Mordaces
865 2344 944 2393 aliter
959 2342 1336 2407 difficgiuntsollicitudines.“

274 2413 312 2464 12.
332 2412 433 2461 Invicta
450 2411 582 2473 mortalis]
606 2411 695 2461 Risum
714 2410 755 2460 hic
773 2416 875 2460 movent
891 2413 1054 2476 interpretes,
1073 2416 1156 2460 cetera
1174 2414 1259 2460 tamen
1278 2428 1335 2460 eru·

205 2479 268 2538 diti3
292 2480 336 2543 qui
354 2479 416 2528 haec
437 2479 486 2529 duo
505 2480 607 2530 inuicte
618 2479 749 2542 rnertolis,
767 2480 956 2528 constructione
975 2479 1098 2543 iungunt:
1116 2478 1199 2539 credo,
1218 2479 1335 2528 utPlsu-

203 2551 244 2597 tus
261 2547 322 2596 olim
340 2548 478 2597 ruortulem
497 2548 605 2608 maliem,
623 2548 763 2597 mortalem
781 2552 878 2610 cotum,
896 2552 940 2596 aut
959 2546 1075 2611 lepidum
1090 2546 1162 2596 dixit.
1189 2540 1247 2600 Quo
1265 2546 1334 2596 nihil

202 2615 250 2663 hoc
268 2615 370 2679 quidem
388 2616 416 2663 in
434 2615 489 2663 loco
508 2614 625 2678 putidius
643 2614 789 2680 ineptiusve
814 2615 952 2678 excogitari
971 2620 1064 2680 potest.
1099 2613 1138 2662 Tu
1155 2629 1217 2663 vero
1236 2614 1274 2664 sio
1292 2614 1332 2663 ai-

201 2682 259 2732 vide
279 2682 354 2731 verba
371 2687 396 2730 et
414 2682 559 2745 distingue,
584 2682 711 2745 „Invicta
729 2683 852 2732 mortalis
876 2683 925 2731 deu
943 2688 1006 2731 note
1026 2697 1097 2746 peter
1117 2680 1253 2731 I’betide.“
1280 2684 1331 2731 hoc

202 2753 247 2809 est,
267 2752 314 2813 qui
326 2754 406 2798 nattes
415 2765 441 2797 es
451 2750 604 2798 etrum-talis
616 2755 701 2799 rrtotre
716 2751 777 2800 lieet
790 2751 942 2800 isernortoli.
968 2749 1116 2805 Quaesitum
1134 2756 1173 2800 est
1181 2748 1213 2798 ab
1222 2751 1331 2799 Horatio

201 2815 266 2865 illud
276 2816 429 2876 antitheton,
442 2820 467 2864 et
476 2831 536 2865 sane
545 2817 761 2880 elegantissimum
770 2822 815 2867 est.
841 2818 881 2867 Ita
890 2818 1025 2868 Lucretius
1039 2818 1087 2879 Ill,
1098 2818 1229 2880 assium]
1244 2819 1330 2879 „Mor-

200 2884 276 2933 talem
301 2887 383 2933 uitam
401 2899 472 2932 mors
498 2887 543 2934 cui
565 2886 716 2935 immortalis
736 2887 862 2935 ademit.“
899 2886 1036 2967 Sophocles
1059 2886 1128 2949 apud
1145 2886 1329 2935 Dicaearchum

202 2951 285 3016 [frgm.
298 2954 346 3003 778
365 2952 468 3014 Dind.]:
494 2947 585 3016 Θήβας
602 2951 686 3019 λέγεις
702 2970 760 3019 μοι,
781 2949 829 3006 τὰς
838 2948 922 3008 πύλας
931 2948 1126 3019 επταστόμους,
1149 2939 1231 3013 oieb
1240 2949 1330 3020 μόνον

200 3018 338 3071 τίκτουσιν
357 3015 386 3068 αἱ
404 3017 504 3080 θνηταὶ
522 3016 610 3075 bsoo's.
648 3021 749 3071 Inuicto
773 3026 857 3071 sutem
881 3038 927 3086 per
950 3038 976 3071 se
994 3021 1109 3071 absolute
1133 3020 1245 3085 positum
1264 3023 1328 3081 erit3

200 3093 229 3137 ut
246 3089 356 3153 Virgilio
375 3090 435 3138 Aen.
455 3088 499 3148 VI,
517 3090 573 3141 365,
611 3089 711 3154 „Eripe
736 3105 777 3138 me
794 3091 850 3151 liis,
874 3089 983 3149 invicte,
1009 3089 1112 3138 malis.“
1138 3096 1164 3138 et
1180 3088 1254 3151 VIII,
1269 3091 1327 3141 293.

199 3162 248 3219 „tu
266 3159 428 3221 nubigenas,
452 3157 562 3218 invicte,
588 3158 740 3206 bimembres
764 3158 947 3222 Hylaeumque
971 3158 1133 3221 Pholumque
1159 3160 1268 3207 manu.“
1302 3162 1328 3206 et

199 3225 342 3277 GlsudIauo
361 3225 391 3274 de
409 3224 515 3288 Nuptiis
532 3225 643 3274 Honorii
661 3241 683 3273 v-
702 3227 757 3277 336·
788 3224 884 3288 ‚dinoot
898 3241 982 3288 gener
1000 3231 1045 3287 est,
1067 3224 1169 3285 invicte,
1189 3227 1277 3275 urus.“

272 3296 308 3344 13.
328 3291 413 3354 Oreum
430 3292 536 3354 sbigido
552 3296 643 3356 parnt]
671 3293 863 3342 Paroi'hsbeut
880 3293 979 3342 codices
998 3310 1098 3351 ournes,
1122 3293 1165 3356 qui
1191 3293 1266 3342 hodie
1285 3309 1326 3342 ex·

199 3363 263 3409 tant.
300 3360 349 3409 Sed
368 3359 521 3408 scholiastes
540 3359 646 3424 (Iraquii
671 3361 810 3410 variantem
836 3360 971 3410 lectionem
995 3362 1123 3425 suggerit,
1148 3360 1261 3423 „Parui,
1280 3362 1324 3419 sit,

198 3426 229 3475 td
245 3430 290 3488 est,
306 3429 408 3489 surgat,
428 3429 516 3476 uulsi
533 3428 604 3489 pravi
623 3428 704 3492 legas,
723 3428 805 3490 idest,
824 3432 945 3488 tortuosi,
964 3444 1017 3478 non
1028 3432 1103 3491 recti,
1121 3431 1249 3477 sinceosi.“
1274 3429 1325 3478 Ubi

198 3494 275 3542 nimis
293 3509 367 3556 quam
385 3495 501 3557 ineptum
519 3494 583 3544 illud
600 3499 693 3559 praui:
711 3495 754 3545 sed
773 3512 802 3544 eo
821 3496 944 3545 excitatus
957 3496 1161 3561 elegantissimus
1175 3496 1232 3545 Nic.
1244 3496 1324 3545 Hein-

198 3562 258 3624 sius,
277 3562 365 3622 sluci
381 3577 411 3610 ex
429 3562 574 3610 coniectura
592 3564 737 3627 reponebat.
761 3565 797 3612 Et
806 3565 892 3624 slantes
903 3565 1003 3628 quidem
1012 3563 1185 3622 Scamander,
1205 3565 1324 3624 utllaous

200 3628 318 3680 Tiberis:
337 3629 381 3679 sed
398 3627 503 3693 frigida
521 3632 589 3690 flaui
605 3630 636 3680 cb
656 3632 766 3681 eiusdem
785 3632 874 3681 literae
893 3648 1043 3681 concursum
1061 3631 1148 3682 scabre
1166 3638 1192 3681 et
1201 3632 1262 3681 dure
1281 3647 1325 3681 ex-

196 3698 254 3749 ibit,
289 3697 357 3758 Nos,
381 3699 403 3747 si
422 3698 483 3762 qnid
505 3704 630 3748 mutatum
656 3699 789 3760 vellemus,
815 3700 851 3749 sic
869 3702 976 3764 propius
993 3700 1025 3750 ad
1043 3700 1173 3764 vulgatum
1192 3715 1323 3763 reponere-

195 3783 259 3830 mus,
276 3766 380 3829 „Quem
398 3766 504 3829 frigida
520 3766 900 3831 proniFinduntSoomandri
916 3770 1061 3828 llunrina“;
1078 3773 1108 3817 ut
1123 3782 1227 3833 pronus
1240 3770 1323 3829 riores,

194 3851 298 3899 pronus
316 3837 402 3884 amnis
419 3835 524 3900 passim.
561 3835 610 3885 Sed
628 3835 695 3885 nihil
713 3835 910 3885 sollicitandum.

266 3905 305 3957 15.
326 3900 402 3952 Certo
420 3905 567 3953 subtemine
584 3905 693 3965 Parem]
729 3906 865 3952 Parcarum
883 3903 1015 3952 subtemen
1034 3907 1135 3952 certatm
1154 3906 1223 3962 erat3
1247 3901 1275 3951 id
1292 3904 1319 3951 in

195 3970 310 4020 confesso
327 3975 379 4020 est:
416 3975 445 4020 ut
462 3973 558 4020 ductor
577 3970 765 4020 Consolationis
783 3971 814 4020 ad
832 3971 932 4020 Liviam
951 3988 973 4020 v.
993 3972 1049 4021 240.
1086 3969 1247 4033 „Quondam
1272 3984 1320 4034 ego

196 4040 298 4087 tentoni
316 4037 461 4101 Clothoque
479 4038 599 4102 dicasque
615 4053 734 4100 sorores,
761 4039 858 4087 Pollice
876 4053 945 4103 quae
962 4042 1031 4089 certo
1048 4053 1131 4102 pensa
1151 4053 1242 4087 seuera
1267 4043 1321 4087 tra·

196 4105 289 4156 burrt.“
316 4105 384 4154 Illud
403 4112 486 4155 tamen
506 4104 687 4168 inquirendum
705 4111 750 4167 est,
770 4122 802 4155 an
820 4106 951 4172 epitheton
969 4106 1034 4155 illud
1051 4105 1168 4169 generale
1185 4105 1242 4155 loeo
1260 4105 1319 4155 huie

161 4184 162 4189 ¹
195 4178 271 4234 atque
290 4172 431 4221 sententiae
449 4176 508 4236 apte
526 4177 552 4221 et
570 4172 601 4220 ad
620 4173 738 4222 amussim
756 4173 913 4238 respondent.
951 4173 1059 4238 Singula
1075 4173 1163 4238 itaque
1181 4173 1258 4224 verbs
1278 4189 1321 4223 ex·
