2810 4764
404 302 581 351 canussnus(
602 304 676 350 LIB.·
691 304 740 351 111.
763 297 802 351 26.
823 299 863 352 tt.

126 436 291 524 sRumpit
312 443 345 503 et
367 457 498 523 serpens
519 436 582 503 iter
601 435 791 518 institutum,

156 522 192 590 Si
214 544 273 610 per
294 522 455 606 obliquom
479 521 592 588 similis
614 522 753 605 sagittae

156 608 287 676 Terruit
308 628 451 674 mannos.
496 626 558 689 ego
580 608 631 672 cui
653 609 770 675 timebo

275 693 433 760 Providus
454 713 588 779 auspex,

154 777 339 861 Antequam
362 778 476 845 stantis
498 783 623 864 repetat
644 777 780 863 paludes

113 875 143 926 to
156 863 313 930 Imbrium
335 862 444 930 divina
464 863 535 929 avis
556 863 775 943 intumentum,

155 948 307 1015 Oscinem
329 969 457 1015 corvum
480 967 575 1035 prece
597 948 759 1015 suscitabo

278 1034 362 1101 Solis
383 1035 425 1101 ab
447 1040 528 1100 ortu.

481 1152 504 1188 v.
524 1138 547 1187 5.
565 1133 642 1198 Vulg.
661 1131 786 1200 Ilumput.

4 1298 5 1315 ,
71 1249 272 1317 foecunduque,
296 1252 368 1304 dicta
389 1252 526 1314 farsitusfl
557 1253 696 1304 Columella
713 1251 756 1313 VI,
773 1254 813 1306 ut.
832 1251 858 1318 [ξ
878 1254 904 1316 3]
938 1255 1004 1318 „ubi
1023 1260 1087 1322 port
1110 1272 1194 1308 auum

4 1320 5 1359 l
72 1319 171 1369 coitum
188 1320 262 1371 forda
278 1335 333 1372 uon
351 1321 470 1372 admittit
487 1325 626 1372 tauruem“:
645 1325 671 1371 ει
680 1337 737 1370 mox
756 1320 826 1386 [ML
844 1319 904 1384 „Ne
920 1320 992 1373 forda
1008 1324 1090 1375 mmai
1105 1329 1194 1390 operis

72 1392 95 1437 et
110 1390 187 1438 uteri
200 1393 334 1453 pavetur
351 1392 457 1439 onere.“
492 1389 598 1450 Deinde,
616 1388 707 1440 Forda
725 1394 763 1438 est
779 1388 904 1453 gravida,
921 1404 1089 1456 praegnans:
1112 1393 1193 1444 Varro

25 1462 28 1471 “
71 1455 99 1505 de
107 1454 188 1522 Ling.
198 1456 258 1508 Lat.
268 1456 313 1506 VI.
329 1457 355 1524 [ξ
364 1459 405 1520 15]
432 1457 501 1520 „Bos
509 1457 600 1521 forda,
618 1454 914 1522 quuessrtiuoentrc.“
932 1459 1037 1520 Festum
1055 1459 1192 1523 ,sordici-

71 1524 121 1573 dr'r‘s
138 1525 219 1574 boves
236 1523 347 1589 fortias,
373 1525 404 1575 td
421 1530 466 1585 eet,
482 1526 615 1590 gravidae
632 1523 865 1577 immolabuntur.“
900 1525 980 1576 Varro
998 1527 1090 1578 iterum
1107 1530 1138 1580 de
1155 1530 1192 1580 Re

70 1592 141 1642 Euat
151 1593 190 1657 11,
200 1595 224 1644 5.
244 1594 271 1658 [5
282 1593 309 1659 6]
338 1591 430 1657 „Quas
446 1593 546 1643 eteritis
563 1598 602 1643 est
618 1607 713 1656 vacca,
743 1590 835 1643 Teura
852 1594 1003 1660 appellata:
1029 1611 1097 1661 quae
1113 1613 1192 1662 prce·

68 1675 173 1724 mans,
191 1661 311 1712 Hords.“
344 1662 450 1722 Festus3
472 1660 597 1726 „Horda,
623 1663 803 1726 praegnansf‘
836 1662 916 1726 Atqui
938 1663 988 1712 iam
1012 1670 1072 1714 ante
1095 1664 1193 1717 dixerat

70 1729 172 1791 Noster,
190 1729 348 1794 Praemcns
365 1732 458 1790 cunm·
480 1743 563 1795 neque
580 1729 666 1778 statim
683 1733 797 1793 repetere
814 1729 949 1795 voluisset,
971 1730 1064 1782 Forda
1081 1734 1128 1784 hoc
1145 1739 1191 1796 εει,

67 1812 227 1862 praegnans
244 1796 342 1863 uulpem.
377 1799 435 1847 Non
454 1796 516 1848 sdso
534 1796 598 1846 duro
621 1802 647 1847 et
663 1796 732 1846 sicco
755 1796 860 1860 ingenio
878 1805 946 1858 arat,
970 1800 1033 1863 quin
1051 1801 1192 1866 Epitheton

2 1898 3 1929 ,
70 1864 169 1915 rasiare
184 1871 278 1931 posset
314 1865 445 1916 servemus
470 1866 550 1931 igitur
572 1869 698 1930 receptam
724 1864 752 1913 in
775 1865 893 1916 omuibus
916 1866 992 1917 editis
1015 1874 1042 1917 et
1065 1869 1192 1935 plerisque

2 1944 3 1973 l
70 1933 181 1999 Scriptis
197 1933 334 1983 lectionem
357 1933 491 1999 Forteque
513 1933 618 1998 uulpes:
641 1947 723 1998 neque
745 1937 829 1983 temen
851 1934 1047 2001 interpretemur
1073 1936 1191 1989 Grauidu

1 2017 2 2062 ,
70 2017 124 2050 cum
142 2003 258 2062 Acrone;
277 2002 373 2068 quippe
390 2018 419 2053 eo
437 2006 513 2067 pacto
531 2002 558 2050 in
576 2000 651 2066 idem,
671 1999 737 2066 quod
755 2001 805 2051 iam
822 2001 942 2065 fugimus,
960 2003 1050 2053 vitium
1068 2005 1192 2056 recidere·

1 2071 2 2076 ’
70 2085 138 2119 mus:
165 2069 209 2119 scd
227 2071 319 2132 meac,
335 2075 418 2135 porta
436 2071 565 2133 liberata,
589 2084 669 2119 onere
686 2068 786 2119 leuata:
813 2069 871 2119 vide
889 2070 1003 2120 Servium
1022 2073 1093 2134 [Aen.
1112 2074 1189 2135 1,5l;

1 2177 2 2192 2
70 2137 181 2199 [Luam
199 2136 272 2199 VIII,
283 2139 343 2199 630]
362 2143 387 2188 ει
403 2138 517 2188 Nonium
534 2137 682 2187 Marcellum
700 2139 736 2202 [p.
755 2138 839 2199 312,6
856 2137 953 2202 Mera}

134 2207 161 2257 5.
180 2203 341 2270 Rumput'et
357 2207 476 2272 serpens]
500 2206 560 2255 Nou
583 2205 680 2255 iniuria
705 2205 788 2270 questi
811 2209 871 2255 sunt
889 2207 1043 2272 Interpretes
1067 2205 1098 2257 de
1115 2208 1191 2257 huius

1 2303 3 2342 3
70 2273 191 2323 carmirris
216 2272 381 2326 difficultate:
415 2280 441 2324 ει
464 2274 600 2324 novissime
623 2271 799 2323 celeberrlmus
821 2273 958 2337 Ducarius,
981 2275 1025 2337 qui
1049 2289 1110 2340 prae
1133 2275 1192 2325 aliIs

1 2393 2 2396 ,
68 2342 108 2391 lric
126 2356 218 2407 supere
235 2340 286 2392 sibi
303 2342 372 2392 visus
389 2346 441 2406 εει,
463 2341 611 2408 longissime
628 2341 741 2391 omnium
765 2357 855 2392 avaro
878 2340 1012 2392 aberravit.
1046 2341 1190 2405 Videamus,

1 2435 2 2438 ¹
69 2409 154 2474 siquid
172 2425 229 2473 noa,
247 2414 287 2460 tot
303 2409 362 2460 aliis
379 2409 472 2460 frustra
489 2411 615 2475 expertis,
634 2409 737 2460 meliore
755 2425 811 2459 cum
829 2424 946 2460 successu
962 2425 1090 2460 conemur.
1115 2411 1191 2461 Dixe-

69 2485 107 2527 rat
122 2477 213 2539 iuitio‚
231 2478 331 2544 Impius
348 2478 449 2529 ducunt
464 2478 531 2528 mala
547 2478 676 2544 auspicia,
694 2492 793 2543 porro,
813 2481 896 2542 contr,
917 2478 990 2544 lupa,
1008 2478 1114 2544 vulpem
1140 2480 1191 2528 lm·

69 2546 132 2610 pios,
149 2545 273 2611 inquam,
299 2546 408 2607 ducant3
431 2563 483 2596 non
501 2546 573 2610 ιε,0
592 2546 711 2596 Galatea:
736 2547 773 2596 sic
795 2560 859 2597 vers.
877 2547 918 2598 21.
954 2546 1075 2597 Hostium
1091 2562 1191 2597 rasores

69 2617 199 2680 puerique
222 2612 296 2664 malis
321 2615 514 2680 tempestatibus
538 2613 730 2676 conflictentur,
753 2630 806 2664 nou
829 2617 871 2676 ιιι,
902 2613 1029 2678 Virgilius
1055 2619 1190 2680 utrumque

69 2682 212 2743 coniunxit,
231 2682 322 2747 Georg.
340 2683 389 2743 III,
401 2684 460 2736 513.
495 2681 554 2745 „bt
566 2682 671 2733 meliora
688 2681 748 2746 piis,
767 2697 936 2747 erroremque
955 2683 1071 2733 hostibus
1088 2683 1190 2734 illum.“

68 2750 131 2800 Tum
149 2750 274 2801 continuo
297 2749 375 2800 infert
392 2750 493 2812 Noster,
522 2747 656 2816 „Ilumput
679 2755 834 2815 reserpere
857 2753 909 2801 iter
932 2753 1102 2802 imtittttum“
1108 2768 1115 2813 3
1143 2753 1190 2802 hoc

68 2824 118 2880 εει,
144 2823 257 2884 rumpat
272 2818 410 2884 impiorum
426 2821 485 2869 tter.
520 2820 600 2883 Atqui
622 2818 670 2868 hoc
694 2833 797 2882 prorsus
815 2818 970 2868 contrarium
989 2823 1027 2869 est
1044 2819 1099 2882 illi,
1124 2820 1191 2885 quod

67 2887 117 2936 ianr
134 2891 315 2951 praecesserat.
350 2887 419 2936 Bene
436 2887 504 2937 euim
521 2888 571 2937 erit
587 2886 691 2952 impiis,
715 2885 738 2935 si
755 2893 876 2952 rumpant
892 2887 942 2937 iter
960 2887 1071 2938 infauste
1089 2903 1190 2952 suscep·

67 2960 136 3004 tum:
163 2956 185 3005 si
204 2953 306 3005 domum
323 2954 442 3017 redeant,
465 2955 511 3005 ubi
529 2958 617 3005 eontra
635 2954 750 3019 auspicia
774 2970 800 3005 εε
818 2955 886 3005 exire
903 2955 1086 3007 intellexerint.
1122 2955 1190 3012 Quin

67 3022 156 3088 potins
173 3022 264 3086 ducat,
282 3026 311 3072 ut
328 3038 415 3088 supra,
432 3023 566 3073 dicendum
584 3023 626 3072 liic
643 3022 729 3083 fuerit,
746 3038 798 3071 uon
816 3028 932 3088 rumpat.
958 3022 1111 3073 Scdnodum
1122 3023 1190 3073 bunc
1250 3032 1252 3038 '

68 3090 144 3142 solvit
162 3090 319 3141 Graecianus
337 3091 416 3141 codex
433 3091 529 3156 insigni
546 3095 685 3151 vetustate,
709 3090 753 3154 qui
771 3090 837 3140 clare
861 3091 903 3140 hic
928 3090 1042 3152 exhibet,
1067 3091 1191 3155 „Rumpit

69 3164 94 3208 et
109 3175 220 3226 serpens
237 3162 291 3210 iter
307 3161 485 3210 institutrem.“
519 3159 586 3210 Vera
603 3158 717 3225 proiecto
734 3158 796 3208 haec
818 3158 895 3209 lectio
913 3163 964 3224 est,
988 3163 1014 3208 et
1030 3156 1109 3222 digne
1126 3174 1190 3222 quaa

67 3225 149 3277 fusius
166 3225 256 3293 paullo
273 3227 423 3292 explicetur.
457 3227 587 3277 Galateam
605 3226 745 3292 alloquitur
762 3227 866 3289 Noster,
891 3227 1012 3288 amicam,
1035 3230 1066 3275 nt
1082 3225 1190 3288 videtur,

68 3310 152 3356 suanm
180 3310 245 3361 quse
262 3295 367 3345 Romam
384 3296 541 3361 relinquere,
565 3301 590 3345 et
608 3294 639 3345 ad
657 3294 733 3344 aliam
752 3298 842 3344 terrum
866 3296 986 3359 navigare
1009 3294 1189 3344 constituerat:

67 3362 150 3414 Lenta
167 3369 262 3426 tamen,
281 3363 375 3430 inquit,
393 3363 499 3414 festina:
518 3369 543 3414 ει
559 3363 617 3413 vide
635 3362 715 3428 prius,
733 3378 765 3412 ne
781 3362 856 3413 malis
873 3362 962 3413 avibus
979 3363 1030 3413 iter
1041 3362 1189 3428 auspiceris.

67 3430 156 3496 Neque
173 3432 241 3483 enim
258 3435 311 3482 tam
328 3431 455 3483 destinato
473 3447 507 3494 εε,
525 3432 623 3498 opinor,
641 3430 674 3480 ad
691 3431 862 3496 navigandum
879 3431 979 3493 anImo,
1002 3435 1032 3480 ut
1049 3446 1133 3496 parra,
1151 3431 1191 3481 vel

68 3514 139 3564 cane,
154 3500 193 3551 rel
210 3500 287 3565 lupa,
304 3501 344 3550 vel
362 3500 439 3566 vulpe
456 3505 617 3564 occursante,
642 3515 748 3564 peragas
772 3499 915 3564 inceptum:
939 3499 1036 3565 impios
1060 3500 1147 3565 potius
1164 3505 1191 3549 et

67 3568 153 3618 hostes
176 3574 229 3618 tam
253 3568 358 3619 sinistra
380 3569 496 3632 auspicia
513 3569 615 3619 ducant.
652 3566 721 3623 Quin
745 3571 771 3616 et
788 3581 904 3631 serpeus,
928 3583 974 3631 per
996 3566 1063 3617 viam
1088 3566 1190 3632 oblique

69 3636 209 3698 traiioiens,
228 3651 351 3702 rumpere
368 3637 435 3686 solet
452 3637 501 3686 iter
518 3637 675 3688 instItutum.
709 3633 834 3699 Equidem
855 3635 995 3700 neminem,
1014 3634 1091 3685 cuiue
1108 3636 1191 3685 saluti

70 3708 157 3769 ιε’πιεε,
174 3720 222 3769 ego
239 3704 360 3769 providus
378 3720 474 3770 auspex
491 3720 579 3755 navam
598 3702 764 3753 conscendere
781 3706 895 3768 paterer3
913 3704 1062 3769 priusquam
1079 3703 1190 3753 oscinem

69 3788 172 3822 corvum
188 3773 220 3824 ab
237 3773 334 3823 oriente
352 3772 517 3824 crocitantem
534 3774 601 3822 bono
624 3776 649 3820 et
665 3771 765 3833 liquido
788 3772 896 3836 augurio
919 3771 1087 3822 suscitassent.
1123 3770 1189 3819 Siste

69 3841 156 3905 itaque
173 3841 329 3906 paullisper;
353 3842 413 3892 dum
436 3841 522 3892 omina
544 3839 665 3906 capimus.
701 3840 736 3889 Et
758 3839 873 3905 proiecto
896 3839 979 3889 fausta
1002 3839 1189 3889 concinuerunt

67 3923 135 3959 sves.
171 3909 254 3959 Salvis
272 3908 394 3974 auspiciis
411 3908 482 3960 abire
499 3909 609 3975 poteris,
634 3912 659 3957 et
675 3908 834 3973 ubicumque
857 3910 954 3972 mucis,
978 3906 1088 3958 feliciter
1110 3906 1189 3957 vitam

70 3991 152 4042 agere.
186 3977 239 4027 Nec
257 3977 348 4028 laevus
363 3978 455 4042 picus,
474 3993 554 4042 neque
573 3991 643 4041 ougo
661 3978 759 4025 cornia
776 3980 849 4026 uetat
866 3982 891 4026 te
908 3978 948 4024 tre
965 3990 1014 4039 quo
1032 3973 1103 4024 libet.
1131 3974 1188 4028 ,Sed

69 4044 136 4095 illud
152 4044 255 4095 iuterim
272 4061 324 4095 non
340 4045 419 4107 vides,
438 4047 505 4110 quod
524 4045 641 4095 omnibus
658 4044 780 4109 auspioIis
798 4045 880 4093 maius
899 4043 955 4094 esti
982 4057 1032 4091 uon
1050 4041 1130 4102 vides,
1148 4042 1188 4092 in-

71 4128 160 4177 quam,
184 4114 246 4162 anni
264 4118 437 4177 tempestatem
456 4113 616 4179 navigationi
633 4112 779 4162 adversam?
814 4113 869 4161 Iam
885 4110 988 4177 prorius
1005 4108 1079 4159 cadit
1096 4109 1189 4174 Orion,

70 4182 144 4231 triste
162 4180 245 4242 sidus,
273 4186 299 4231 ει
316 4181 401 4231 nautis
424 4180 559 4232 infestum:
585 4180 629 4230 ille
653 4181 704 4230 iam
727 4180 851 4244 procellas
874 4178 1011 4229 meditatur
1029 4182 1054 4227 ει
1071 4185 1188 4241 generat3

71 4249 184 4311 quamvis
201 4249 282 4300 adhuc
299 4262 367 4300 mare
384 4250 549 4314 tranquillum
568 4254 593 4300 ει
602 4249 691 4314 lappa
708 4247 782 4299 albus
800 4248 851 4298 tibi-
866 4246 1038 4297 blandiantur.
1062 4246 1190 4310 Equidem
