<?xml version="1.0" encoding="UTF-8"?>
<!DOCTYPE html PUBLIC "-//W3C//DTD XHTML 1.0 Transitional//EN"
    "http://www.w3.org/TR/xhtml1/DTD/xhtml1-transitional.dtd">
<html xmlns="http://www.w3.org/1999/xhtml" xml:lang="en" lang="en">
 <head>
  <title>
</title>
<meta http-equiv="Content-Type" content="text/html;charset=utf-8" />
  <meta name='ocr-system' content='tesseract 3.04.00' />
  <meta name='ocr-capabilities' content='ocr_page ocr_carea ocr_par ocr_line ocrx_word'/>
</head>
<body>
  <div class='ocr_page' id='page_1' title='image "./qhoratiusflaccu02bentgoog_0271.png"; bbox 0 0 2834 4758; ppageno 0'>
   <div class='ocr_carea' id='block_1_1' title="bbox 208 187 941 260">
    <p class='ocr_par' dir='ltr' id='par_1_1' title="bbox 208 187 941 260">
     <span class='ocr_line' id='line_1_1' title="bbox 208 187 941 260; baseline -0.005 -10"><span class='ocrx_word' id='word_1_1' title='bbox 208 187 271 250; x_wconf 80' lang='lat'>332</span> <span class='ocrx_word' id='word_1_2' title='bbox 600 199 632 260; x_wconf 82' lang='lat' dir='ltr'>o.</span> <span class='ocrx_word' id='word_1_3' title='bbox 653 198 797 247; x_wconf 76' lang='lat' dir='ltr'>noanuu</span> <span class='ocrx_word' id='word_1_4' title='bbox 816 198 941 249; x_wconf 76' lang='lat' dir='ltr'>rancor</span> 
     </span>
    </p>
   </div>
   <div class='ocr_carea' id='block_1_2' title="bbox 250 332 1025 994">
    <p class='ocr_par' dir='ltr' id='par_1_2' title="bbox 250 332 1025 994">
     <span class='ocr_line' id='line_1_2' title="bbox 250 332 930 419; baseline 0 -21"><span class='ocrx_word' id='word_1_5' title='bbox 250 348 281 398; x_wconf 80' lang='lat'>45</span> <span class='ocrx_word' id='word_1_6' title='bbox 295 334 348 412; x_wconf 82' lang='lat' dir='ltr'>Dr,</span> <span class='ocrx_word' id='word_1_7' title='bbox 370 332 488 419; x_wconf 92' lang='lat' dir='ltr'>probos</span> <span class='ocrx_word' id='word_1_8' title='bbox 510 353 615 399; x_wconf 91' lang='lat' dir='ltr'>mores</span> <span class='ocrx_word' id='word_1_9' title='bbox 636 332 750 398; x_wconf 91' lang='lat' dir='ltr'>docilis</span> <span class='ocrx_word' id='word_1_10' title='bbox 771 332 930 409; x_wconf 88' lang='lat' dir='ltr'>iuventae,</span> 
     </span>
     <span class='ocr_line' id='line_1_3' title="bbox 292 416 870 518; baseline -0.003 -34"><span class='ocrx_word' id='word_1_11' title='bbox 292 420 345 497; x_wconf 80' lang='lat' dir='ltr'>Di,</span> <span class='ocrx_word' id='word_1_12' title='bbox 368 416 541 484; x_wconf 82' lang='lat' dir='ltr'><strong>senectutis</strong></span> <span class='ocrx_word' id='word_1_13' title='bbox 558 417 709 518; x_wconf 74' lang='lat' dir='ltr'>placidae</span> <span class='ocrx_word' id='word_1_14' title='bbox 731 418 870 500; x_wconf 88' lang='lat' dir='ltr'>quietem</span> 
     </span>
     <span class='ocr_line' id='line_1_4' title="bbox 292 501 1025 588; baseline -0.004 -18"><span class='ocrx_word' id='word_1_15' title='bbox 292 503 448 570; x_wconf 85' lang='lat' dir='ltr'>Romulae</span> <span class='ocrx_word' id='word_1_16' title='bbox 469 501 558 584; x_wconf 82' lang='lat' dir='ltr'>genti</span> <span class='ocrx_word' id='word_1_17' title='bbox 579 504 664 581; x_wconf 89' lang='lat' dir='ltr'>date,</span> <span class='ocrx_word' id='word_1_18' title='bbox 686 522 818 587; x_wconf 92' lang='lat' dir='ltr'>remque</span> <span class='ocrx_word' id='word_1_19' title='bbox 839 503 1025 588; x_wconf 81' lang='lat' dir='ltr'>prolemque</span> 
     </span>
     <span class='ocr_line' id='line_1_5' title="bbox 369 586 659 655; baseline -0.003 -2"><span class='ocrx_word' id='word_1_20' title='bbox 369 590 411 653; x_wconf 85' lang='lat' dir='ltr'>Et</span> <span class='ocrx_word' id='word_1_21' title='bbox 435 586 534 654; x_wconf 90' lang='lat' dir='ltr'>decus</span> <span class='ocrx_word' id='word_1_22' title='bbox 555 608 659 655; x_wconf 89' lang='lat' dir='ltr'>omne.</span> 
     </span>
     <span class='ocr_line' id='line_1_6' title="bbox 295 670 950 757; baseline 0.003 -20"><span class='ocrx_word' id='word_1_23' title='bbox 295 672 450 757; x_wconf 83' lang='lat' dir='ltr'>Quaeque</span> <span class='ocrx_word' id='word_1_24' title='bbox 471 692 529 739; x_wconf 89' lang='lat' dir='ltr'>vos</span> <span class='ocrx_word' id='word_1_25' title='bbox 551 674 654 739; x_wconf 90' lang='lat' dir='ltr'>bobus</span> <span class='ocrx_word' id='word_1_26' title='bbox 675 678 846 739; x_wconf 88' lang='lat' dir='ltr'>veneratur</span> <span class='ocrx_word' id='word_1_27' title='bbox 867 670 950 739; x_wconf 88' lang='lat' dir='ltr'>albis</span> 
     </span>
     <span class='ocr_line' id='line_1_7' title="bbox 250 756 976 841; baseline -0.001 -18"><span class='ocrx_word' id='word_1_28' title='bbox 250 771 282 823; x_wconf 81' lang='lat' dir='ltr'>tc</span> <span class='ocrx_word' id='word_1_29' title='bbox 295 758 410 824; x_wconf 78' lang='lat' dir='ltr'>Clarus</span> <span class='ocrx_word' id='word_1_30' title='bbox 431 758 591 823; x_wconf 80' lang='lat' dir='ltr'>Anchisae</span> <span class='ocrx_word' id='word_1_31' title='bbox 612 758 809 841; x_wconf 85' lang='lat' dir='ltr'>Venerisque</span> <span class='ocrx_word' id='word_1_32' title='bbox 830 756 976 840; x_wconf 82' lang='lat' dir='ltr'>sanguis,</span> 
     </span>
     <span class='ocr_line' id='line_1_8' title="bbox 293 842 910 929; baseline 0 -22"><span class='ocrx_word' id='word_1_33' title='bbox 293 843 451 929; x_wconf 87' lang='lat' dir='ltr'>Inpetret;</span> <span class='ocrx_word' id='word_1_34' title='bbox 474 844 614 908; x_wconf 84' lang='lat' dir='ltr'>bellante</span> <span class='ocrx_word' id='word_1_35' title='bbox 635 842 731 928; x_wconf 87' lang='lat' dir='ltr'>prior,</span> <span class='ocrx_word' id='word_1_36' title='bbox 754 844 910 909; x_wconf 88' lang='lat' dir='ltr'>iacentem</span> 
     </span>
     <span class='ocr_line' id='line_1_9' title="bbox 360 927 667 994; baseline 0.003 -1"><span class='ocrx_word' id='word_1_37' title='bbox 360 928 457 993; x_wconf 93' lang='lat' dir='ltr'>Lenis</span> <span class='ocrx_word' id='word_1_38' title='bbox 478 927 511 992; x_wconf 94' lang='lat' dir='ltr'>in</span> <span class='ocrx_word' id='word_1_39' title='bbox 533 928 667 994; x_wconf 83' lang='lat' dir='ltr'>hostem.</span> 
     </span>
    </p>
   </div>
   <div class='ocr_carea' id='block_1_3' title="bbox 287 1042 1250 1110">
    <p class='ocr_par' dir='ltr' id='par_1_3' title="bbox 287 1042 1250 1110">
     <span class='ocr_line' id='line_1_10' title="bbox 287 1042 1250 1110; baseline -0.001 -14"><span class='ocrx_word' id='word_1_40' title='bbox 287 1064 308 1096; x_wconf 85' lang='lat' dir='ltr'>v.</span> <span class='ocrx_word' id='word_1_41' title='bbox 327 1049 368 1098; x_wconf 85' lang='grc'>45.</span> <span class='ocrx_word' id='word_1_42' title='bbox 387 1046 464 1110; x_wconf 88' lang='lat' dir='ltr'>Vulg.</span> <span class='ocrx_word' id='word_1_43' title='bbox 481 1047 580 1099; x_wconf 73' lang='lat' dir='ltr'>docili.</span> <span class='ocrx_word' id='word_1_44' title='bbox 617 1048 658 1099; x_wconf 80' lang='lat' dir='ltr'>lo.</span> <span class='ocrx_word' id='word_1_45' title='bbox 677 1046 821 1097; x_wconf 81' lang='lat' dir='ltr'>Seraectuti.</span> <span class='ocrx_word' id='word_1_46' title='bbox 855 1046 897 1097; x_wconf 86' lang='grc'>49.</span> <span class='ocrx_word' id='word_1_47' title='bbox 917 1042 1027 1109; x_wconf 74' lang='lat' dir='ltr'>Quique.</span> <span class='ocrx_word' id='word_1_48' title='bbox 1063 1045 1104 1095; x_wconf 81' lang='lat' dir='ltr'>bl.</span> <span class='ocrx_word' id='word_1_49' title='bbox 1123 1043 1250 1109; x_wconf 76' lang='lat' dir='ltr'>Imperet.</span> 
     </span>
    </p>
   </div>
   <div class='ocr_carea' id='block_1_4' title="bbox 206 1210 1407 4203">
    <p class='ocr_par' dir='ltr' id='par_1_4' title="bbox 209 1210 1351 1348">
     <span class='ocr_line' id='line_1_11' title="bbox 209 1210 1351 1279; baseline -0.005 -12"><span class='ocrx_word' id='word_1_50' title='bbox 209 1218 297 1279; x_wconf 65' lang='lat' dir='ltr'>(bilin.</span> <span class='ocrx_word' id='word_1_51' title='bbox 335 1216 404 1272; x_wconf 80' lang='lat' dir='ltr'>Quin</span> <span class='ocrx_word' id='word_1_52' title='bbox 422 1221 448 1266; x_wconf 90' lang='lat' dir='ltr'>et</span> <span class='ocrx_word' id='word_1_53' title='bbox 467 1215 588 1278; x_wconf 79' lang='lat' dir='ltr'>fatorum</span> <span class='ocrx_word' id='word_1_54' title='bbox 610 1217 751 1265; x_wconf 84' lang='lat' dir='ltr'>terminum</span> <span class='ocrx_word' id='word_1_55' title='bbox 772 1213 839 1264; x_wconf 84' lang='lat' dir='ltr'>dixit</span> <span class='ocrx_word' id='word_1_56' title='bbox 852 1213 939 1263; x_wconf 87' lang='lat' dir='ltr'>Attius</span> <span class='ocrx_word' id='word_1_57' title='bbox 961 1212 990 1262; x_wconf 88' lang='lat' dir='ltr'>in</span> <span class='ocrx_word' id='word_1_58' title='bbox 1005 1210 1111 1262; x_wconf 85' lang='lat' dir='ltr'>Hecuba</span> <span class='ocrx_word' id='word_1_59' title='bbox 1129 1214 1163 1274; x_wconf 84' lang='lat' dir='ltr'>[v.</span> <span class='ocrx_word' id='word_1_60' title='bbox 1177 1213 1227 1264; x_wconf 80' lang='lat'>481</span> <span class='ocrx_word' id='word_1_61' title='bbox 1247 1211 1351 1278; x_wconf 90' lang='lat' dir='ltr'>Ribb.}</span> 
     </span>
     <span class='ocr_line' id='line_1_12' title="bbox 211 1282 1197 1348; baseline -0.004 -14"><span class='ocrx_word' id='word_1_62' title='bbox 211 1283 280 1348; x_wconf 88' lang='lat' dir='ltr'>apud</span> <span class='ocrx_word' id='word_1_63' title='bbox 301 1284 460 1333; x_wconf 85' lang='lat' dir='ltr'>Priscianum</span> <span class='ocrx_word' id='word_1_64' title='bbox 479 1300 504 1348; x_wconf 87' lang='lat' dir='ltr'>p.</span> <span class='ocrx_word' id='word_1_65' title='bbox 525 1286 583 1335; x_wconf 79' lang='lat'>716.</span> <span class='ocrx_word' id='word_1_66' title='bbox 616 1282 716 1346; x_wconf 85' lang='lat' dir='ltr'>„Veter</span> <span class='ocrx_word' id='word_1_67' title='bbox 733 1282 843 1333; x_wconf 83' lang='lat' dir='ltr'>fatorum</span> <span class='ocrx_word' id='word_1_68' title='bbox 861 1282 984 1331; x_wconf 88' lang='lat' dir='ltr'>terminus</span> <span class='ocrx_word' id='word_1_69' title='bbox 1000 1283 1040 1330; x_wconf 83' lang='lat' dir='ltr'>sic</span> <span class='ocrx_word' id='word_1_70' title='bbox 1056 1282 1197 1331; x_wconf 83' lang='lat' dir='ltr'>iusserat.“</span> 
     </span>
    </p>

    <p class='ocr_par' dir='ltr' id='par_1_5' title="bbox 207 1348 1407 3728">
     <span class='ocr_line' id='line_1_13' title="bbox 278 1348 1350 1416; baseline -0.001 -15"><span class='ocrx_word' id='word_1_71' title='bbox 278 1354 319 1402; x_wconf 81' lang='lat'>45.</span> <span class='ocrx_word' id='word_1_72' title='bbox 338 1356 363 1401; x_wconf 90' lang='lat' dir='ltr'>et</span> <span class='ocrx_word' id='word_1_73' title='bbox 381 1354 423 1404; x_wconf 89' lang='grc'>46.</span> <span class='ocrx_word' id='word_1_74' title='bbox 450 1351 542 1401; x_wconf 87' lang='lat' dir='ltr'>Daciti</span> <span class='ocrx_word' id='word_1_75' title='bbox 557 1354 689 1416; x_wconf 80' lang='lat' dir='ltr'>iuventae,</span> <span class='ocrx_word' id='word_1_76' title='bbox 709 1350 745 1400; x_wconf 81' lang='lat' dir='ltr'>m·</span> <span class='ocrx_word' id='word_1_77' title='bbox 759 1352 898 1412; x_wconf 82' lang='lat' dir='ltr'>senectuti]</span> <span class='ocrx_word' id='word_1_78' title='bbox 927 1348 978 1405; x_wconf 83' lang='lat' dir='ltr'>Qui</span> <span class='ocrx_word' id='word_1_79' title='bbox 996 1353 1041 1399; x_wconf 90' lang='lat' dir='ltr'>aut</span> <span class='ocrx_word' id='word_1_80' title='bbox 1057 1348 1113 1412; x_wconf 87' lang='lat' dir='ltr'>ipse</span> <span class='ocrx_word' id='word_1_81' title='bbox 1129 1352 1168 1398; x_wconf 88' lang='lat' dir='ltr'>est</span> <span class='ocrx_word' id='word_1_82' title='bbox 1185 1355 1277 1414; x_wconf 79' lang='lat' dir='ltr'>poeta,</span> <span class='ocrx_word' id='word_1_83' title='bbox 1298 1355 1350 1400; x_wconf 85' lang='lat' dir='ltr'>aut</span> 
     </span>
     <span class='ocr_line' id='line_1_14' title="bbox 210 1417 1349 1483; baseline 0.001 -15"><span class='ocrx_word' id='word_1_84' title='bbox 210 1419 307 1481; x_wconf 83' lang='lat' dir='ltr'>alioqui</span> <span class='ocrx_word' id='word_1_85' title='bbox 325 1419 430 1483; x_wconf 81' lang='lat' dir='ltr'>ingenio</span> <span class='ocrx_word' id='word_1_86' title='bbox 448 1424 474 1470; x_wconf 88' lang='lat' dir='ltr'>et</span> <span class='ocrx_word' id='word_1_87' title='bbox 490 1419 588 1469; x_wconf 90' lang='lat' dir='ltr'>iudicio</span> <span class='ocrx_word' id='word_1_88' title='bbox 605 1419 680 1481; x_wconf 82' lang='lat' dir='ltr'>valet,</span> <span class='ocrx_word' id='word_1_89' title='bbox 698 1417 818 1479; x_wconf 91' lang='lat' dir='ltr'>mirabor,</span> <span class='ocrx_word' id='word_1_90' title='bbox 836 1417 859 1467; x_wconf 90' lang='lat' dir='ltr'>si</span> <span class='ocrx_word' id='word_1_91' title='bbox 876 1418 942 1467; x_wconf 89' lang='lat' dir='ltr'>hanc</span> <span class='ocrx_word' id='word_1_92' title='bbox 960 1417 1081 1481; x_wconf 89' lang='lat' dir='ltr'>strophen</span> <span class='ocrx_word' id='word_1_93' title='bbox 1099 1432 1178 1481; x_wconf 89' lang='lat' dir='ltr'>aeque</span> <span class='ocrx_word' id='word_1_94' title='bbox 1193 1432 1224 1467; x_wconf 87' lang='lat' dir='ltr'>ac</span> <span class='ocrx_word' id='word_1_95' title='bbox 1236 1424 1349 1469; x_wconf 87' lang='lat' dir='ltr'>ceteras</span> 
     </span>
     <span class='ocr_line' id='line_1_15' title="bbox 210 1485 1348 1553; baseline 0.002 -17"><span class='ocrx_word' id='word_1_96' title='bbox 210 1485 390 1536; x_wconf 77' lang='lat' dir='ltr'>admirabitur:</span> <span class='ocrx_word' id='word_1_97' title='bbox 418 1488 487 1551; x_wconf 86' lang='lat' dir='ltr'>‚,Di‚</span> <span class='ocrx_word' id='word_1_98' title='bbox 509 1488 610 1553; x_wconf 82' lang='lat' dir='ltr'>prodas</span> <span class='ocrx_word' id='word_1_99' title='bbox 626 1502 713 1537; x_wconf 84' lang='lat' dir='ltr'>mores</span> <span class='ocrx_word' id='word_1_100' title='bbox 731 1486 814 1536; x_wconf 85' lang='lat' dir='ltr'>dacili</span> <span class='ocrx_word' id='word_1_101' title='bbox 830 1488 970 1546; x_wconf 85' lang='lat' dir='ltr'>iuventae,</span> <span class='ocrx_word' id='word_1_102' title='bbox 993 1485 1038 1546; x_wconf 86' lang='lat' dir='ltr'>Di,</span> <span class='ocrx_word' id='word_1_103' title='bbox 1055 1487 1186 1535; x_wconf 77' lang='lat' dir='ltr'>senectuti</span> <span class='ocrx_word' id='word_1_104' title='bbox 1207 1486 1348 1550; x_wconf 78' lang='lat' dir='ltr'>placidae</span> 
     </span>
     <span class='ocr_line' id='line_1_16' title="bbox 210 1552 1349 1620; baseline 0.001 -16"><span class='ocrx_word' id='word_1_105' title='bbox 210 1557 332 1620; x_wconf 85' lang='lat' dir='ltr'>quietem,</span> <span class='ocrx_word' id='word_1_106' title='bbox 349 1552 477 1606; x_wconf 80' lang='lat' dir='ltr'>Romulae</span> <span class='ocrx_word' id='word_1_107' title='bbox 492 1558 571 1619; x_wconf 75' lang='lat' dir='ltr'>geroli</span> <span class='ocrx_word' id='word_1_108' title='bbox 587 1555 650 1606; x_wconf 89' lang='lat' dir='ltr'>date</span> <span class='ocrx_word' id='word_1_109' title='bbox 667 1570 782 1619; x_wconf 86' lang='lat' dir='ltr'>remque,</span> <span class='ocrx_word' id='word_1_110' title='bbox 799 1554 961 1619; x_wconf 78' lang='lat' dir='ltr'>prolemque,</span> <span class='ocrx_word' id='word_1_111' title='bbox 978 1552 1016 1603; x_wconf 81' lang='lat' dir='ltr'>Et</span> <span class='ocrx_word' id='word_1_112' title='bbox 1032 1552 1112 1602; x_wconf 76' lang='lat' dir='ltr'>decus</span> <span class='ocrx_word' id='word_1_113' title='bbox 1129 1557 1233 1604; x_wconf 86' lang='lat' dir='ltr'>omne.“</span> <span class='ocrx_word' id='word_1_114' title='bbox 1266 1554 1349 1611; x_wconf 86' lang='lat' dir='ltr'>Quid</span> 
     </span>
     <span class='ocr_line' id='line_1_17' title="bbox 210 1621 1347 1687; baseline 0 -14"><span class='ocrx_word' id='word_1_115' title='bbox 210 1622 297 1673; x_wconf 79' lang='lat' dir='ltr'>enimi</span> <span class='ocrx_word' id='word_1_116' title='bbox 315 1624 407 1672; x_wconf 82' lang='lat' dir='ltr'>Annon</span> <span class='ocrx_word' id='word_1_117' title='bbox 426 1625 533 1673; x_wconf 78' lang='lat' dir='ltr'>trecenos</span> <span class='ocrx_word' id='word_1_118' title='bbox 551 1627 576 1672; x_wconf 90' lang='lat' dir='ltr'>et</span> <span class='ocrx_word' id='word_1_119' title='bbox 593 1638 667 1672; x_wconf 84' lang='lat' dir='ltr'>senes</span> <span class='ocrx_word' id='word_1_120' title='bbox 684 1624 813 1672; x_wconf 86' lang='lat' dir='ltr'>Romanos</span> <span class='ocrx_word' id='word_1_121' title='bbox 830 1621 975 1687; x_wconf 77' lang='lat' dir='ltr'>intelligit?</span> <span class='ocrx_word' id='word_1_122' title='bbox 993 1624 1038 1685; x_wconf 85' lang='lat' dir='ltr'>qui</span> <span class='ocrx_word' id='word_1_123' title='bbox 1054 1621 1141 1685; x_wconf 87' lang='lat' dir='ltr'>itaque</span> <span class='ocrx_word' id='word_1_124' title='bbox 1159 1621 1196 1682; x_wconf 88' lang='lat' dir='ltr'>lit,</span> <span class='ocrx_word' id='word_1_125' title='bbox 1215 1626 1245 1671; x_wconf 93' lang='lat' dir='ltr'>ut</span> <span class='ocrx_word' id='word_1_126' title='bbox 1257 1625 1347 1673; x_wconf 81' lang='lat' dir='ltr'>tertie</span> 
     </span>
     <span class='ocr_line' id='line_1_18' title="bbox 211 1687 1347 1755; baseline 0.001 -14"><span class='ocrx_word' id='word_1_127' title='bbox 211 1690 310 1741; x_wconf 90' lang='lat' dir='ltr'>demum</span> <span class='ocrx_word' id='word_1_128' title='bbox 327 1707 401 1741; x_wconf 84' lang='lat' dir='ltr'>versu</span> <span class='ocrx_word' id='word_1_129' title='bbox 419 1688 561 1741; x_wconf 75' lang='lat' dir='ltr'>Romulum</span> <span class='ocrx_word' id='word_1_130' title='bbox 576 1696 682 1755; x_wconf 78' lang='lat' dir='ltr'>gentem</span> <span class='ocrx_word' id='word_1_131' title='bbox 700 1689 808 1753; x_wconf 86' lang='lat' dir='ltr'>inferat,</span> <span class='ocrx_word' id='word_1_132' title='bbox 832 1694 960 1753; x_wconf 89' lang='lat' dir='ltr'>tamquam</span> <span class='ocrx_word' id='word_1_133' title='bbox 977 1688 1045 1739; x_wconf 90' lang='lat' dir='ltr'>siin</span> <span class='ocrx_word' id='word_1_134' title='bbox 1062 1687 1192 1753; x_wconf 86' lang='lat' dir='ltr'>prioribus</span> <span class='ocrx_word' id='word_1_135' title='bbox 1210 1705 1259 1755; x_wconf 87' lang='lat' dir='ltr'>pro</span> <span class='ocrx_word' id='word_1_136' title='bbox 1286 1691 1347 1742; x_wconf 77' lang='lat' dir='ltr'>elia</span> 
     </span>
     <span class='ocr_line' id='line_1_19' title="bbox 209 1757 1345 1825; baseline 0.001 -17"><span class='ocrx_word' id='word_1_137' title='bbox 209 1762 285 1825; x_wconf 77' lang='lat' dir='ltr'>pente</span> <span class='ocrx_word' id='word_1_138' title='bbox 304 1760 467 1823; x_wconf 79' lang='lat' dir='ltr'>precaretur?</span> <span class='ocrx_word' id='word_1_139' title='bbox 484 1762 619 1809; x_wconf 87' lang='lat' dir='ltr'>Praeterea</span> <span class='ocrx_word' id='word_1_140' title='bbox 636 1763 721 1808; x_wconf 86' lang='lat' dir='ltr'>autera</span> <span class='ocrx_word' id='word_1_141' title='bbox 739 1758 825 1808; x_wconf 92' lang='lat' dir='ltr'>hiulca</span> <span class='ocrx_word' id='word_1_142' title='bbox 843 1761 881 1807; x_wconf 89' lang='lat' dir='ltr'>est</span> <span class='ocrx_word' id='word_1_143' title='bbox 898 1758 989 1819; x_wconf 88' lang='lat' dir='ltr'>oratio,</span> <span class='ocrx_word' id='word_1_144' title='bbox 1007 1772 1036 1806; x_wconf 89' lang='lat' dir='ltr'>ac</span> <span class='ocrx_word' id='word_1_145' title='bbox 1054 1757 1110 1807; x_wconf 88' lang='lat' dir='ltr'>sine</span> <span class='ocrx_word' id='word_1_146' title='bbox 1126 1759 1211 1807; x_wconf 84' lang='lat' dir='ltr'>nervis</span> <span class='ocrx_word' id='word_1_147' title='bbox 1231 1763 1257 1808; x_wconf 87' lang='lat' dir='ltr'>et</span> <span class='ocrx_word' id='word_1_148' title='bbox 1272 1760 1345 1809; x_wconf 88' lang='lat' dir='ltr'>arti·</span> 
     </span>
     <span class='ocr_line' id='line_1_20' title="bbox 208 1824 1346 1884; baseline 0.001 -7"><span class='ocrx_word' id='word_1_149' title='bbox 208 1826 274 1877; x_wconf 90' lang='lat' dir='ltr'>culis</span> <span class='ocrx_word' id='word_1_150' title='bbox 292 1827 423 1877; x_wconf 89' lang='lat' dir='ltr'>dissoluta.</span> <span class='ocrx_word' id='word_1_151' title='bbox 452 1827 522 1877; x_wconf 86' lang='lat' dir='ltr'>Date</span> <span class='ocrx_word' id='word_1_152' title='bbox 540 1827 609 1876; x_wconf 90' lang='lat' dir='ltr'>enim</span> <span class='ocrx_word' id='word_1_153' title='bbox 626 1832 697 1876; x_wconf 80' lang='lat' dir='ltr'>extra</span> <span class='ocrx_word' id='word_1_154' title='bbox 714 1826 797 1876; x_wconf 89' lang='lat' dir='ltr'>sedem</span> <span class='ocrx_word' id='word_1_155' title='bbox 815 1841 886 1876; x_wconf 87' lang='lat' dir='ltr'>suam</span> <span class='ocrx_word' id='word_1_156' title='bbox 903 1825 969 1875; x_wconf 91' lang='lat' dir='ltr'>male</span> <span class='ocrx_word' id='word_1_157' title='bbox 986 1824 1139 1884; x_wconf 67' lang='lat' dir='ltr'>collocatum</span> <span class='ocrx_word' id='word_1_158' title='bbox 1166 1829 1192 1875; x_wconf 87' lang='lat' dir='ltr'>et</span> <span class='ocrx_word' id='word_1_159' title='bbox 1210 1826 1252 1876; x_wconf 87' lang='lat' dir='ltr'>dii</span> <span class='ocrx_word' id='word_1_160' title='bbox 1267 1827 1346 1878; x_wconf 90' lang='lat' dir='ltr'>illud</span> 
     </span>
     <span class='ocr_line' id='line_1_21' title="bbox 207 1892 1345 1960; baseline 0 -15"><span class='ocrx_word' id='word_1_161' title='bbox 207 1895 236 1945; x_wconf 87' lang='lat' dir='ltr'>in</span> <span class='ocrx_word' id='word_1_162' title='bbox 253 1897 301 1946; x_wconf 92' lang='lat' dir='ltr'>hac</span> <span class='ocrx_word' id='word_1_163' title='bbox 319 1895 420 1960; x_wconf 87' lang='lat' dir='ltr'>quidem</span> <span class='ocrx_word' id='word_1_164' title='bbox 436 1895 625 1945; x_wconf 88' lang='lat' dir='ltr'>constructione</span> <span class='ocrx_word' id='word_1_165' title='bbox 642 1893 719 1943; x_wconf 87' lang='lat' dir='ltr'>tertia</span> <span class='ocrx_word' id='word_1_166' title='bbox 736 1895 791 1944; x_wconf 87' lang='lat' dir='ltr'>viee</span> <span class='ocrx_word' id='word_1_167' title='bbox 808 1894 974 1959; x_wconf 87' lang='lat' dir='ltr'>repetendum</span> <span class='ocrx_word' id='word_1_168' title='bbox 991 1897 1054 1943; x_wconf 88' lang='lat' dir='ltr'>erat.</span> <span class='ocrx_word' id='word_1_169' title='bbox 1080 1892 1149 1949; x_wconf 82' lang='lat' dir='ltr'>Quid</span> <span class='ocrx_word' id='word_1_170' title='bbox 1162 1894 1265 1944; x_wconf 80' lang='lat' dir='ltr'>multa?</span> <span class='ocrx_word' id='word_1_171' title='bbox 1285 1897 1345 1945; x_wconf 88' lang='lat' dir='ltr'>iam</span> 
     </span>
     <span class='ocr_line' id='line_1_22' title="bbox 208 1961 1344 2027; baseline 0.001 -15"><span class='ocrx_word' id='word_1_172' title='bbox 208 1964 269 2014; x_wconf 90' lang='lat' dir='ltr'>olim</span> <span class='ocrx_word' id='word_1_173' title='bbox 287 1978 318 2014; x_wconf 87' lang='lat' dir='ltr'>ex</span> <span class='ocrx_word' id='word_1_174' title='bbox 335 1964 481 2014; x_wconf 88' lang='lat' dir='ltr'>coniectura</span> <span class='ocrx_word' id='word_1_175' title='bbox 499 1978 582 2013; x_wconf 86' lang='lat' dir='ltr'>veram</span> <span class='ocrx_word' id='word_1_176' title='bbox 601 1962 736 2012; x_wconf 86' lang='lat' dir='ltr'>lectionem</span> <span class='ocrx_word' id='word_1_177' title='bbox 753 1963 933 2023; x_wconf 82' lang='lat' dir='ltr'>divinaveram,</span> <span class='ocrx_word' id='word_1_178' title='bbox 952 1961 1014 2024; x_wconf 65' lang='lat' dir='ltr'>„Di</span> <span class='ocrx_word' id='word_1_179' title='bbox 1030 1961 1129 2027; x_wconf 86' lang='lat' dir='ltr'>probas</span> <span class='ocrx_word' id='word_1_180' title='bbox 1151 1976 1241 2013; x_wconf 82' lang='lat' dir='ltr'>mores</span> <span class='ocrx_word' id='word_1_181' title='bbox 1264 1962 1344 2013; x_wconf 88' lang='lat' dir='ltr'>doci·</span> 
     </span>
     <span class='ocr_line' id='line_1_23' title="bbox 207 2027 1346 2097; baseline 0.001 -16"><span class='ocrx_word' id='word_1_182' title='bbox 207 2032 240 2083; x_wconf 85' lang='lat' dir='ltr'>lis</span> <span class='ocrx_word' id='word_1_183' title='bbox 258 2031 447 2095; x_wconf 65' lang='lat' dir='ltr'>taruanicam</span> <span class='ocrx_word' id='word_1_184' title='bbox 463 2031 600 2081; x_wconf 74' lang='lat' dir='ltr'>senectutis</span> <span class='ocrx_word' id='word_1_185' title='bbox 615 2030 742 2096; x_wconf 81' lang='lat' dir='ltr'>placidae</span> <span class='ocrx_word' id='word_1_186' title='bbox 760 2034 873 2095; x_wconf 88' lang='lat' dir='ltr'>quietem</span> <span class='ocrx_word' id='word_1_187' title='bbox 889 2027 1018 2080; x_wconf 81' lang='lat' dir='ltr'>Romulae</span> <span class='ocrx_word' id='word_1_188' title='bbox 1032 2032 1111 2093; x_wconf 80' lang='lat' dir='ltr'>genti</span> <span class='ocrx_word' id='word_1_189' title='bbox 1126 2028 1196 2091; x_wconf 89' lang='lat' dir='ltr'>date,</span> <span class='ocrx_word' id='word_1_190' title='bbox 1225 2046 1346 2097; x_wconf 82' lang='lat' dir='ltr'>remque</span> 
     </span>
     <span class='ocr_line' id='line_1_24' title="bbox 207 2097 1344 2166; baseline 0 -16"><span class='ocrx_word' id='word_1_191' title='bbox 207 2100 361 2166; x_wconf 83' lang='lat' dir='ltr'>prolemque</span> <span class='ocrx_word' id='word_1_192' title='bbox 383 2100 421 2150; x_wconf 81' lang='lat' dir='ltr'>Et</span> <span class='ocrx_word' id='word_1_193' title='bbox 443 2100 522 2149; x_wconf 88' lang='lat' dir='ltr'>decus</span> <span class='ocrx_word' id='word_1_194' title='bbox 545 2101 648 2152; x_wconf 86' lang='lat' dir='ltr'>omne.“</span> <span class='ocrx_word' id='word_1_195' title='bbox 683 2100 776 2148; x_wconf 90' lang='lat' dir='ltr'>Postea</span> <span class='ocrx_word' id='word_1_196' title='bbox 797 2102 882 2147; x_wconf 88' lang='lat' dir='ltr'>autem</span> <span class='ocrx_word' id='word_1_197' title='bbox 904 2098 932 2147; x_wconf 94' lang='lat' dir='ltr'>in</span> <span class='ocrx_word' id='word_1_198' title='bbox 955 2097 1101 2147; x_wconf 87' lang='lat' dir='ltr'>Battaliauo</span> <span class='ocrx_word' id='word_1_199' title='bbox 1123 2104 1211 2147; x_wconf 87' lang='lat' dir='ltr'>nostro</span> <span class='ocrx_word' id='word_1_200' title='bbox 1239 2099 1344 2150; x_wconf 78' lang='lat' dir='ltr'>docilia</span> 
     </span>
     <span class='ocr_line' id='line_1_25' title="bbox 208 2164 1343 2232; baseline 0.001 -15"><span class='ocrx_word' id='word_1_201' title='bbox 208 2168 296 2219; x_wconf 78' lang='lat' dir='ltr'>inueni</span> <span class='ocrx_word' id='word_1_202' title='bbox 320 2183 335 2218; x_wconf 90' lang='lat' dir='ltr'>a</span> <span class='ocrx_word' id='word_1_203' title='bbox 358 2184 435 2219; x_wconf 92' lang='lat' dir='ltr'>mann</span> <span class='ocrx_word' id='word_1_204' title='bbox 458 2167 554 2232; x_wconf 88' lang='lat' dir='ltr'>prima:</span> <span class='ocrx_word' id='word_1_205' title='bbox 581 2182 649 2216; x_wconf 91' lang='lat' dir='ltr'>nunc</span> <span class='ocrx_word' id='word_1_206' title='bbox 667 2167 735 2216; x_wconf 88' lang='lat' dir='ltr'>enim</span> <span class='ocrx_word' id='word_1_207' title='bbox 753 2166 828 2216; x_wconf 90' lang='lat' dir='ltr'>litera</span> <span class='ocrx_word' id='word_1_208' title='bbox 846 2183 859 2214; x_wconf 85' lang='lat' dir='ltr'>s</span> <span class='ocrx_word' id='word_1_209' title='bbox 876 2164 907 2215; x_wconf 89' lang='lat' dir='ltr'>ab</span> <span class='ocrx_word' id='word_1_210' title='bbox 926 2166 1014 2230; x_wconf 87' lang='lat' dir='ltr'>inepto</span> <span class='ocrx_word' id='word_1_211' title='bbox 1031 2170 1172 2215; x_wconf 89' lang='lat' dir='ltr'>correctore</span> <span class='ocrx_word' id='word_1_212' title='bbox 1191 2182 1265 2217; x_wconf 91' lang='lat' dir='ltr'>erasa</span> <span class='ocrx_word' id='word_1_213' title='bbox 1282 2172 1343 2229; x_wconf 78' lang='lat' dir='ltr'>est3</span> 
     </span>
     <span class='ocr_line' id='line_1_26' title="bbox 208 2232 1342 2298; baseline -0.001 -12"><span class='ocrx_word' id='word_1_214' title='bbox 208 2237 246 2287; x_wconf 93' lang='lat' dir='ltr'>ita</span> <span class='ocrx_word' id='word_1_215' title='bbox 265 2241 348 2286; x_wconf 89' lang='lat' dir='ltr'>tamen</span> <span class='ocrx_word' id='word_1_216' title='bbox 366 2241 395 2286; x_wconf 85' lang='lat' dir='ltr'>nt</span> <span class='ocrx_word' id='word_1_217' title='bbox 412 2236 512 2286; x_wconf 88' lang='lat' dir='ltr'>intento</span> <span class='ocrx_word' id='word_1_218' title='bbox 530 2234 604 2285; x_wconf 90' lang='lat' dir='ltr'>oculo</span> <span class='ocrx_word' id='word_1_219' title='bbox 622 2234 709 2284; x_wconf 88' lang='lat' dir='ltr'>stetim</span> <span class='ocrx_word' id='word_1_220' title='bbox 727 2250 753 2283; x_wconf 91' lang='lat' dir='ltr'>se</span> <span class='ocrx_word' id='word_1_221' title='bbox 770 2233 869 2298; x_wconf 89' lang='lat' dir='ltr'>prodat.</span> <span class='ocrx_word' id='word_1_222' title='bbox 897 2232 1045 2284; x_wconf 88' lang='lat' dir='ltr'>Senectutis</span> <span class='ocrx_word' id='word_1_223' title='bbox 1062 2249 1121 2283; x_wconf 79' lang='lat' dir='ltr'>vero</span> <span class='ocrx_word' id='word_1_224' title='bbox 1139 2233 1207 2284; x_wconf 89' lang='lat' dir='ltr'>clare</span> <span class='ocrx_word' id='word_1_225' title='bbox 1222 2240 1295 2285; x_wconf 86' lang='lat' dir='ltr'>extat</span> <span class='ocrx_word' id='word_1_226' title='bbox 1309 2237 1342 2285; x_wconf 87' lang='lat' dir='ltr'>in</span> 
     </span>
     <span class='ocr_line' id='line_1_27' title="bbox 209 2300 1342 2369; baseline 0.002 -16"><span class='ocrx_word' id='word_1_227' title='bbox 209 2304 314 2369; x_wconf 88' lang='lat' dir='ltr'>optimis</span> <span class='ocrx_word' id='word_1_228' title='bbox 331 2305 426 2354; x_wconf 86' lang='lat' dir='ltr'>nostris</span> <span class='ocrx_word' id='word_1_229' title='bbox 444 2303 576 2354; x_wconf 86' lang='lat' dir='ltr'>codicibus</span> <span class='ocrx_word' id='word_1_230' title='bbox 594 2303 738 2352; x_wconf 73' lang='lat' dir='ltr'>Graeciano</span> <span class='ocrx_word' id='word_1_231' title='bbox 757 2308 783 2351; x_wconf 90' lang='lat' dir='ltr'>et</span> <span class='ocrx_word' id='word_1_232' title='bbox 801 2302 953 2367; x_wconf 79' lang='lat' dir='ltr'>Regineusi,</span> <span class='ocrx_word' id='word_1_233' title='bbox 973 2306 1001 2351; x_wconf 92' lang='lat' dir='ltr'>ut</span> <span class='ocrx_word' id='word_1_234' title='bbox 1018 2305 1044 2351; x_wconf 87' lang='lat' dir='ltr'>et</span> <span class='ocrx_word' id='word_1_235' title='bbox 1061 2300 1209 2351; x_wconf 83' lang='lat' dir='ltr'>Oolbertiuo</span> <span class='ocrx_word' id='word_1_236' title='bbox 1227 2309 1255 2353; x_wconf 87' lang='lat' dir='ltr'>et</span> <span class='ocrx_word' id='word_1_237' title='bbox 1272 2303 1342 2355; x_wconf 89' lang='lat' dir='ltr'>duo-</span> 
     </span>
     <span class='ocr_line' id='line_1_28' title="bbox 209 2369 1343 2436; baseline 0 -13"><span class='ocrx_word' id='word_1_238' title='bbox 209 2372 256 2423; x_wconf 89' lang='lat' dir='ltr'>bus</span> <span class='ocrx_word' id='word_1_239' title='bbox 275 2372 333 2422; x_wconf 89' lang='lat' dir='ltr'>aliis</span> <span class='ocrx_word' id='word_1_240' title='bbox 350 2372 480 2422; x_wconf 82' lang='lat' dir='ltr'>inferioris</span> <span class='ocrx_word' id='word_1_241' title='bbox 498 2376 580 2421; x_wconf 89' lang='lat' dir='ltr'>notae.</span> <span class='ocrx_word' id='word_1_242' title='bbox 615 2370 685 2420; x_wconf 88' lang='lat' dir='ltr'>Idem</span> <span class='ocrx_word' id='word_1_243' title='bbox 702 2371 798 2435; x_wconf 88' lang='lat' dir='ltr'>reperit</span> <span class='ocrx_word' id='word_1_244' title='bbox 815 2370 843 2419; x_wconf 90' lang='lat' dir='ltr'>in</span> <span class='ocrx_word' id='word_1_245' title='bbox 861 2369 959 2420; x_wconf 91' lang='lat' dir='ltr'>duobus</span> <span class='ocrx_word' id='word_1_246' title='bbox 977 2371 1031 2420; x_wconf 87' lang='lat' dir='ltr'>suis</span> <span class='ocrx_word' id='word_1_247' title='bbox 1047 2370 1232 2422; x_wconf 88' lang='lat' dir='ltr'>Bersmannns:</span> <span class='ocrx_word' id='word_1_248' title='bbox 1252 2387 1343 2436; x_wconf 87' lang='lat' dir='ltr'>neque</span> 
     </span>
     <span class='ocr_line' id='line_1_29' title="bbox 209 2437 1340 2505; baseline 0.001 -15"><span class='ocrx_word' id='word_1_249' title='bbox 209 2441 310 2491; x_wconf 85' lang='lat' dir='ltr'>dubites</span> <span class='ocrx_word' id='word_1_250' title='bbox 319 2441 382 2505; x_wconf 89' lang='lat' dir='ltr'>quin</span> <span class='ocrx_word' id='word_1_251' title='bbox 393 2441 421 2490; x_wconf 91' lang='lat' dir='ltr'>in</span> <span class='ocrx_word' id='word_1_252' title='bbox 431 2441 490 2490; x_wconf 88' lang='lat' dir='ltr'>aliis</span> <span class='ocrx_word' id='word_1_253' title='bbox 500 2438 617 2505; x_wconf 90' lang='lat' dir='ltr'>pluribus</span> <span class='ocrx_word' id='word_1_254' title='bbox 625 2438 755 2500; x_wconf 86' lang='lat' dir='ltr'>habeatur,</span> <span class='ocrx_word' id='word_1_255' title='bbox 773 2443 910 2501; x_wconf 89' lang='lat' dir='ltr'>utcumque</span> <span class='ocrx_word' id='word_1_256' title='bbox 927 2437 959 2487; x_wconf 91' lang='lat' dir='ltr'>ab</span> <span class='ocrx_word' id='word_1_257' title='bbox 976 2437 1163 2502; x_wconf 81' lang='lat' dir='ltr'>interpretibus</span> <span class='ocrx_word' id='word_1_258' title='bbox 1180 2438 1340 2503; x_wconf 82' lang='lat' dir='ltr'>neglectum.</span> 
     </span>
     <span class='ocr_line' id='line_1_30' title="bbox 210 2506 1341 2573; baseline 0.001 -15"><span class='ocrx_word' id='word_1_259' title='bbox 210 2508 312 2573; x_wconf 82' lang='lat' dir='ltr'>Quanto</span> <span class='ocrx_word' id='word_1_260' title='bbox 329 2513 414 2559; x_wconf 88' lang='lat' dir='ltr'>autern</span> <span class='ocrx_word' id='word_1_261' title='bbox 431 2510 492 2559; x_wconf 90' lang='lat' dir='ltr'>haec</span> <span class='ocrx_word' id='word_1_262' title='bbox 511 2507 622 2572; x_wconf 86' lang='lat' dir='ltr'>vulgatis</span> <span class='ocrx_word' id='word_1_263' title='bbox 640 2506 758 2568; x_wconf 84' lang='lat' dir='ltr'>meliora,</span> <span class='ocrx_word' id='word_1_264' title='bbox 784 2506 940 2568; x_wconf 87' lang='lat' dir='ltr'>rotundiora,</span> <span class='ocrx_word' id='word_1_265' title='bbox 959 2511 984 2556; x_wconf 90' lang='lat' dir='ltr'>et</span> <span class='ocrx_word' id='word_1_266' title='bbox 1001 2506 1161 2570; x_wconf 84' lang='lat' dir='ltr'>elegantiora</span> <span class='ocrx_word' id='word_1_267' title='bbox 1184 2507 1251 2568; x_wconf 90' lang='lat' dir='ltr'>sint,</span> <span class='ocrx_word' id='word_1_268' title='bbox 1272 2508 1341 2572; x_wconf 88' lang='lat' dir='ltr'>quid</span> 
     </span>
     <span class='ocr_line' id='line_1_31' title="bbox 209 2572 1340 2640; baseline 0 -14"><span class='ocrx_word' id='word_1_269' title='bbox 209 2577 302 2626; x_wconf 87' lang='lat' dir='ltr'>attinet</span> <span class='ocrx_word' id='word_1_270' title='bbox 319 2576 422 2626; x_wconf 80' lang='lat' dir='ltr'>dicere?</span> <span class='ocrx_word' id='word_1_271' title='bbox 457 2575 501 2638; x_wconf 81' lang='lat' dir='ltr'>Di,</span> <span class='ocrx_word' id='word_1_272' title='bbox 519 2576 619 2638; x_wconf 91' lang='lat' dir='ltr'>inquit,</span> <span class='ocrx_word' id='word_1_273' title='bbox 645 2576 707 2625; x_wconf 91' lang='lat' dir='ltr'>date</span> <span class='ocrx_word' id='word_1_274' title='bbox 724 2572 851 2625; x_wconf 84' lang='lat' dir='ltr'>licmanis</span> <span class='ocrx_word' id='word_1_275' title='bbox 865 2575 966 2638; x_wconf 83' lang='lat' dir='ltr'>probos</span> <span class='ocrx_word' id='word_1_276' title='bbox 982 2577 1107 2624; x_wconf 85' lang='lat' dir='ltr'>iuuentae</span> <span class='ocrx_word' id='word_1_277' title='bbox 1124 2589 1226 2636; x_wconf 82' lang='lat' dir='ltr'>morsa,</span> <span class='ocrx_word' id='word_1_278' title='bbox 1245 2576 1340 2640; x_wconf 88' lang='lat' dir='ltr'>placi·</span> 
     </span>
     <span class='ocr_line' id='line_1_32' title="bbox 210 2641 1341 2708; baseline 0.002 -15"><span class='ocrx_word' id='word_1_279' title='bbox 210 2644 260 2693; x_wconf 89' lang='lat' dir='ltr'>dae</span> <span class='ocrx_word' id='word_1_280' title='bbox 276 2646 418 2694; x_wconf 77' lang='lat' dir='ltr'>senectutis</span> <span class='ocrx_word' id='word_1_281' title='bbox 436 2646 558 2707; x_wconf 85' lang='lat' dir='ltr'>quictem,</span> <span class='ocrx_word' id='word_1_282' title='bbox 576 2658 697 2708; x_wconf 88' lang='lat' dir='ltr'>remque,</span> <span class='ocrx_word' id='word_1_283' title='bbox 714 2642 831 2708; x_wconf 83' lang='lat' dir='ltr'>pralean,</span> <span class='ocrx_word' id='word_1_284' title='bbox 851 2646 878 2691; x_wconf 93' lang='lat' dir='ltr'>ct</span> <span class='ocrx_word' id='word_1_285' title='bbox 894 2642 973 2693; x_wconf 77' lang='lat' dir='ltr'>demas</span> <span class='ocrx_word' id='word_1_286' title='bbox 991 2657 1074 2691; x_wconf 90' lang='lat' dir='ltr'>amne.</span> <span class='ocrx_word' id='word_1_287' title='bbox 1109 2641 1162 2693; x_wconf 79' lang='lat' dir='ltr'>Ubi</span> <span class='ocrx_word' id='word_1_288' title='bbox 1180 2645 1290 2693; x_wconf 85' lang='lat' dir='ltr'>iuuenta</span> <span class='ocrx_word' id='word_1_289' title='bbox 1308 2650 1341 2695; x_wconf 86' lang='lat' dir='ltr'>et</span> 
     </span>
     <span class='ocr_line' id='line_1_33' title="bbox 208 2708 1339 2775; baseline 0.002 -15"><span class='ocrx_word' id='word_1_290' title='bbox 208 2717 328 2760; x_wconf 86' lang='lat' dir='ltr'>senectus</span> <span class='ocrx_word' id='word_1_291' title='bbox 345 2727 396 2761; x_wconf 92' lang='lat' dir='ltr'>non</span> <span class='ocrx_word' id='word_1_292' title='bbox 414 2711 529 2760; x_wconf 91' lang='lat' dir='ltr'>homines</span> <span class='ocrx_word' id='word_1_293' title='bbox 546 2711 630 2775; x_wconf 87' lang='lat' dir='ltr'>ipsos,</span> <span class='ocrx_word' id='word_1_294' title='bbox 649 2715 678 2761; x_wconf 92' lang='lat' dir='ltr'>ut</span> <span class='ocrx_word' id='word_1_295' title='bbox 695 2711 723 2760; x_wconf 90' lang='lat' dir='ltr'>in</span> <span class='ocrx_word' id='word_1_296' title='bbox 741 2714 843 2774; x_wconf 89' lang='lat' dir='ltr'>recepta</span> <span class='ocrx_word' id='word_1_297' title='bbox 859 2708 983 2774; x_wconf 89' lang='lat' dir='ltr'>lectione,</span> <span class='ocrx_word' id='word_1_298' title='bbox 1001 2709 1045 2759; x_wconf 88' lang='lat' dir='ltr'>sed</span> <span class='ocrx_word' id='word_1_299' title='bbox 1062 2714 1158 2760; x_wconf 86' lang='lat' dir='ltr'>aetates</span> <span class='ocrx_word' id='word_1_300' title='bbox 1175 2710 1339 2775; x_wconf 77' lang='lat' dir='ltr'>significant.</span> 
     </span>
     <span class='ocr_line' id='line_1_34' title="bbox 208 2776 1338 2844; baseline 0.004 -18"><span class='ocrx_word' id='word_1_301' title='bbox 208 2779 287 2826; x_wconf 88' lang='lat' dir='ltr'>Porro</span> <span class='ocrx_word' id='word_1_302' title='bbox 305 2783 331 2827; x_wconf 91' lang='lat' dir='ltr'>et</span> <span class='ocrx_word' id='word_1_303' title='bbox 348 2778 376 2827; x_wconf 93' lang='lat' dir='ltr'>in</span> <span class='ocrx_word' id='word_1_304' title='bbox 393 2777 539 2827; x_wconf 88' lang='lat' dir='ltr'>Battcliano</span> <span class='ocrx_word' id='word_1_305' title='bbox 556 2778 593 2827; x_wconf 92' lang='lat' dir='ltr'>sic</span> <span class='ocrx_word' id='word_1_306' title='bbox 611 2778 722 2843; x_wconf 90' lang='lat' dir='ltr'>amplius</span> <span class='ocrx_word' id='word_1_307' title='bbox 739 2777 865 2828; x_wconf 83' lang='lat' dir='ltr'>variatum</span> <span class='ocrx_word' id='word_1_308' title='bbox 882 2783 934 2840; x_wconf 87' lang='lat' dir='ltr'>est,</span> <span class='ocrx_word' id='word_1_309' title='bbox 960 2776 1028 2841; x_wconf 62' lang='lat'>„1223</span> <span class='ocrx_word' id='word_1_310' title='bbox 1050 2780 1183 2828; x_wconf 74' lang='lat' dir='ltr'>senectuti</span> <span class='ocrx_word' id='word_1_311' title='bbox 1203 2778 1338 2844; x_wconf 83' lang='lat' dir='ltr'>placidam</span> 
     </span>
     <span class='ocr_line' id='line_1_35' title="bbox 209 2845 1407 2912; baseline 0.003 -17"><span class='ocrx_word' id='word_1_312' title='bbox 209 2847 353 2911; x_wconf 88' lang='lat' dir='ltr'>quictcm“:</span> <span class='ocrx_word' id='word_1_313' title='bbox 373 2850 405 2906; x_wconf 90' lang='lat' dir='ltr'>et,</span> <span class='ocrx_word' id='word_1_314' title='bbox 424 2846 492 2909; x_wconf 93' lang='lat' dir='ltr'>quod</span> <span class='ocrx_word' id='word_1_315' title='bbox 509 2846 537 2896; x_wconf 91' lang='lat' dir='ltr'>in</span> <span class='ocrx_word' id='word_1_316' title='bbox 556 2845 646 2896; x_wconf 88' lang='lat' dir='ltr'>ceteris</span> <span class='ocrx_word' id='word_1_317' title='bbox 662 2846 780 2897; x_wconf 89' lang='lat' dir='ltr'>omnibus</span> <span class='ocrx_word' id='word_1_318' title='bbox 793 2850 871 2907; x_wconf 87' lang='lat' dir='ltr'>extat,</span> <span class='ocrx_word' id='word_1_319' title='bbox 887 2846 1021 2911; x_wconf 87' lang='lat' dir='ltr'>placidae,</span> <span class='ocrx_word' id='word_1_320' title='bbox 1039 2845 1339 2912; x_wconf 80' lang='lat' dir='ltr'>prodiversascriptura</span> <span class='ocrx_word' id='word_1_321' title='bbox 1406 2872 1407 2889; x_wconf 50' lang='grc' dir='ltr'>ι</span> 
     </span>
     <span class='ocr_line' id='line_1_36' title="bbox 210 2914 1335 2980; baseline 0.001 -16"><span class='ocrx_word' id='word_1_322' title='bbox 210 2914 357 2980; x_wconf 89' lang='lat' dir='ltr'>apponitur.</span> <span class='ocrx_word' id='word_1_323' title='bbox 385 2915 451 2965; x_wconf 83' lang='lat' dir='ltr'>Sane</span> <span class='ocrx_word' id='word_1_324' title='bbox 467 2914 577 2980; x_wconf 89' lang='lat' dir='ltr'>placida</span> <span class='ocrx_word' id='word_1_325' title='bbox 595 2920 746 2980; x_wconf 85' lang='lat' dir='ltr'>perpetuam</span> <span class='ocrx_word' id='word_1_326' title='bbox 764 2914 816 2964; x_wconf 83' lang='lat' dir='ltr'>fere</span> <span class='ocrx_word' id='word_1_327' title='bbox 834 2916 930 2978; x_wconf 85' lang='lat' dir='ltr'>quietis</span> <span class='ocrx_word' id='word_1_328' title='bbox 948 2914 1080 2979; x_wconf 88' lang='lat' dir='ltr'>epitheton</span> <span class='ocrx_word' id='word_1_329' title='bbox 1095 2918 1140 2963; x_wconf 79' lang='lat' dir='ltr'>eat.</span> <span class='ocrx_word' id='word_1_330' title='bbox 1167 2914 1335 2979; x_wconf 82' lang='lat' dir='ltr'>Virgilllen.</span> 
     </span>
     <span class='ocr_line' id='line_1_37' title="bbox 208 2982 1336 3050; baseline 0.002 -18"><span class='ocrx_word' id='word_1_331' title='bbox 208 2983 230 3044; x_wconf 92' lang='lat' dir='ltr'>I,</span> <span class='ocrx_word' id='word_1_332' title='bbox 248 2984 307 3035; x_wconf 75' lang='lat'>695.</span> <span class='ocrx_word' id='word_1_333' title='bbox 339 2983 394 3047; x_wconf 85' lang='lat' dir='ltr'>„At</span> <span class='ocrx_word' id='word_1_334' title='bbox 411 2982 501 3033; x_wconf 80' lang='lat' dir='ltr'>Venus</span> <span class='ocrx_word' id='word_1_335' title='bbox 518 2983 635 3033; x_wconf 86' lang='lat' dir='ltr'>Ascanio</span> <span class='ocrx_word' id='word_1_336' title='bbox 653 2982 780 3046; x_wconf 87' lang='lat' dir='ltr'>placidam</span> <span class='ocrx_word' id='word_1_337' title='bbox 796 2998 846 3047; x_wconf 87' lang='lat' dir='ltr'>per</span> <span class='ocrx_word' id='word_1_338' title='bbox 863 2984 980 3032; x_wconf 78' lang='lat' dir='ltr'>munira</span> <span class='ocrx_word' id='word_1_339' title='bbox 998 2982 1133 3046; x_wconf 86' lang='lat' dir='ltr'>quietem.“</span> <span class='ocrx_word' id='word_1_340' title='bbox 1151 2982 1197 3043; x_wconf 93' lang='lat' dir='ltr'>IV,</span> <span class='ocrx_word' id='word_1_341' title='bbox 1214 2985 1239 3034; x_wconf 80' lang='lat'>5.</span> <span class='ocrx_word' id='word_1_342' title='bbox 1258 2983 1336 3050; x_wconf 86' lang='lat' dir='ltr'>„pla-</span> 
     </span>
     <span class='ocr_line' id='line_1_38' title="bbox 208 3049 1335 3115; baseline 0.001 -14"><span class='ocrx_word' id='word_1_343' title='bbox 208 3052 291 3101; x_wconf 88' lang='lat' dir='ltr'>cidam</span> <span class='ocrx_word' id='word_1_344' title='bbox 308 3051 432 3101; x_wconf 74' lang='lat' dir='ltr'>meandris</span> <span class='ocrx_word' id='word_1_345' title='bbox 450 3050 498 3101; x_wconf 90' lang='lat' dir='ltr'>dat</span> <span class='ocrx_word' id='word_1_346' title='bbox 515 3066 581 3101; x_wconf 75' lang='lat' dir='ltr'>mara</span> <span class='ocrx_word' id='word_1_347' title='bbox 606 3051 744 3115; x_wconf 86' lang='lat' dir='ltr'>quietem.“</span> <span class='ocrx_word' id='word_1_348' title='bbox 768 3050 805 3111; x_wconf 88' lang='lat' dir='ltr'>V,</span> <span class='ocrx_word' id='word_1_349' title='bbox 831 3051 888 3102; x_wconf 79' lang='grc'><strong>836.</strong></span> <span class='ocrx_word' id='word_1_350' title='bbox 913 3050 1033 3115; x_wconf 84' lang='lat' dir='ltr'>„placida</span> <span class='ocrx_word' id='word_1_351' title='bbox 1058 3049 1191 3100; x_wconf 73' lang='lat' dir='ltr'>locarant</span> <span class='ocrx_word' id='word_1_352' title='bbox 1213 3054 1335 3102; x_wconf 83' lang='lat' dir='ltr'>merntra</span> 
     </span>
     <span class='ocr_line' id='line_1_39' title="bbox 208 3118 1335 3184; baseline 0.002 -15"><span class='ocrx_word' id='word_1_353' title='bbox 208 3120 321 3183; x_wconf 87' lang='lat' dir='ltr'>quiete.“</span> <span class='ocrx_word' id='word_1_354' title='bbox 338 3119 383 3181; x_wconf 91' lang='lat' dir='ltr'>IX,</span> <span class='ocrx_word' id='word_1_355' title='bbox 405 3121 460 3171; x_wconf 80' lang='lat'>187.</span> <span class='ocrx_word' id='word_1_356' title='bbox 479 3135 546 3184; x_wconf 86' lang='lat' dir='ltr'>„nec</span> <span class='ocrx_word' id='word_1_357' title='bbox 562 3135 635 3169; x_wconf 83' lang='lat' dir='ltr'>anans</span> <span class='ocrx_word' id='word_1_358' title='bbox 652 3118 754 3184; x_wconf 87' lang='lat' dir='ltr'>placida</span> <span class='ocrx_word' id='word_1_359' title='bbox 772 3123 895 3168; x_wconf 87' lang='lat' dir='ltr'>contenta</span> <span class='ocrx_word' id='word_1_360' title='bbox 911 3119 1068 3182; x_wconf 84' lang='lat' dir='ltr'>qnieteest.“</span> <span class='ocrx_word' id='word_1_361' title='bbox 1086 3118 1166 3168; x_wconf 86' lang='lat' dir='ltr'>Varro</span> <span class='ocrx_word' id='word_1_362' title='bbox 1176 3118 1245 3184; x_wconf 92' lang='lat' dir='ltr'>apud</span> <span class='ocrx_word' id='word_1_363' title='bbox 1255 3120 1335 3171; x_wconf 85' lang='lat' dir='ltr'>Sene·</span> 
     </span>
     <span class='ocr_line' id='line_1_40' title="bbox 209 3185 1334 3252; baseline 0.002 -16"><span class='ocrx_word' id='word_1_364' title='bbox 209 3203 250 3236; x_wconf 88' lang='lat' dir='ltr'>cas</span> <span class='ocrx_word' id='word_1_365' title='bbox 269 3186 387 3239; x_wconf 78' lang='lat' dir='ltr'>Controv.</span> <span class='ocrx_word' id='word_1_366' title='bbox 405 3187 474 3238; x_wconf 88' lang='lat' dir='ltr'>XVI.</span> <span class='ocrx_word' id='word_1_367' title='bbox 504 3188 529 3252; x_wconf 65' lang='grc' dir='ltr'>[ξ</span> <span class='ocrx_word' id='word_1_368' title='bbox 549 3188 595 3244; x_wconf 78' lang='lat'>28.</span> <span class='ocrx_word' id='word_1_369' title='bbox 625 3203 653 3252; x_wconf 89' lang='lat' dir='ltr'>p·</span> <span class='ocrx_word' id='word_1_370' title='bbox 673 3189 728 3249; x_wconf 78' lang='lat'>195,</span> <span class='ocrx_word' id='word_1_371' title='bbox 750 3189 778 3237; x_wconf 91' lang='lat' dir='ltr'>ll</span> <span class='ocrx_word' id='word_1_372' title='bbox 798 3188 891 3249; x_wconf 85' lang='lat' dir='ltr'>Burs.]‚</span> <span class='ocrx_word' id='word_1_373' title='bbox 918 3192 944 3237; x_wconf 88' lang='lat' dir='ltr'>et</span> <span class='ocrx_word' id='word_1_374' title='bbox 960 3188 1010 3252; x_wconf 85' lang='lat' dir='ltr'>Ep.</span> <span class='ocrx_word' id='word_1_375' title='bbox 1027 3186 1095 3236; x_wconf 90' lang='lat' dir='ltr'>LVI.</span> <span class='ocrx_word' id='word_1_376' title='bbox 1115 3185 1141 3249; x_wconf 70' lang='grc' dir='ltr'>[ξ</span> <span class='ocrx_word' id='word_1_377' title='bbox 1160 3188 1187 3248; x_wconf 88' lang='grc'>6]</span> <span class='ocrx_word' id='word_1_378' title='bbox 1215 3187 1334 3249; x_wconf 85' lang='lat' dir='ltr'>„Omnia</span> 
     </span>
     <span class='ocr_line' id='line_1_41' title="bbox 209 3253 1333 3320; baseline 0.004 -17"><span class='ocrx_word' id='word_1_379' title='bbox 209 3258 295 3304; x_wconf 74' lang='lat' dir='ltr'>tractu</span> <span class='ocrx_word' id='word_1_380' title='bbox 313 3260 392 3305; x_wconf 85' lang='lat' dir='ltr'>erant</span> <span class='ocrx_word' id='word_1_381' title='bbox 407 3254 509 3320; x_wconf 88' lang='lat' dir='ltr'>placida</span> <span class='ocrx_word' id='word_1_382' title='bbox 527 3260 662 3320; x_wconf 79' lang='lat' dir='ltr'>comporta</span> <span class='ocrx_word' id='word_1_383' title='bbox 680 3254 791 3318; x_wconf 89' lang='lat' dir='ltr'>quiete.“</span> <span class='ocrx_word' id='word_1_384' title='bbox 825 3253 929 3304; x_wconf 75' lang='lat' dir='ltr'>Boetius</span> <span class='ocrx_word' id='word_1_385' title='bbox 954 3254 1082 3305; x_wconf 81' lang='lat' dir='ltr'>Consolat.</span> <span class='ocrx_word' id='word_1_386' title='bbox 1106 3255 1162 3314; x_wconf 90' lang='lat'>111,</span> <span class='ocrx_word' id='word_1_387' title='bbox 1188 3257 1227 3307; x_wconf 87' lang='lat'>10.</span> <span class='ocrx_word' id='word_1_388' title='bbox 1264 3272 1286 3305; x_wconf 87' lang='lat' dir='ltr'>v.</span> <span class='ocrx_word' id='word_1_389' title='bbox 1305 3258 1333 3319; x_wconf 79' lang='lat'>5}</span> 
     </span>
     <span class='ocr_line' id='line_1_42' title="bbox 209 3321 1333 3389; baseline 0.003 -18"><span class='ocrx_word' id='word_1_390' title='bbox 209 3321 276 3383; x_wconf 85' lang='lat' dir='ltr'>„Hic</span> <span class='ocrx_word' id='word_1_391' title='bbox 291 3328 387 3386; x_wconf 84' lang='lat' dir='ltr'>portus</span> <span class='ocrx_word' id='word_1_392' title='bbox 404 3323 507 3387; x_wconf 87' lang='lat' dir='ltr'>placida</span> <span class='ocrx_word' id='word_1_393' title='bbox 525 3337 634 3372; x_wconf 77' lang='lat' dir='ltr'>rnancnr</span> <span class='ocrx_word' id='word_1_394' title='bbox 652 3322 751 3386; x_wconf 89' lang='lat' dir='ltr'>quiete,</span> <span class='ocrx_word' id='word_1_395' title='bbox 779 3321 834 3372; x_wconf 87' lang='lat' dir='ltr'>Hac</span> <span class='ocrx_word' id='word_1_396' title='bbox 854 3328 951 3388; x_wconf 86' lang='lat' dir='ltr'>patens</span> <span class='ocrx_word' id='word_1_397' title='bbox 973 3337 1057 3372; x_wconf 89' lang='lat' dir='ltr'>unum</span> <span class='ocrx_word' id='word_1_398' title='bbox 1077 3324 1181 3372; x_wconf 75' lang='lat' dir='ltr'>anisnis</span> <span class='ocrx_word' id='word_1_399' title='bbox 1199 3338 1248 3389; x_wconf 76' lang='lat' dir='ltr'>asp</span> <span class='ocrx_word' id='word_1_400' title='bbox 1260 3326 1333 3374; x_wconf 82' lang='lat' dir='ltr'>um“</span> 
     </span>
     <span class='ocr_line' id='line_1_43' title="bbox 207 3389 1332 3456; baseline 0.003 -18"><span class='ocrx_word' id='word_1_401' title='bbox 207 3389 302 3439; x_wconf 86' lang='lat' dir='ltr'>Tamen</span> <span class='ocrx_word' id='word_1_402' title='bbox 326 3394 351 3439; x_wconf 88' lang='lat' dir='ltr'>et</span> <span class='ocrx_word' id='word_1_403' title='bbox 374 3396 494 3441; x_wconf 83' lang='lat' dir='ltr'>senectus</span> <span class='ocrx_word' id='word_1_404' title='bbox 518 3390 594 3439; x_wconf 89' lang='lat' dir='ltr'>etiarn</span> <span class='ocrx_word' id='word_1_405' title='bbox 615 3390 725 3456; x_wconf 88' lang='lat' dir='ltr'>placida</span> <span class='ocrx_word' id='word_1_406' title='bbox 749 3396 868 3440; x_wconf 82' lang='lat' dir='ltr'>vocatur:</span> <span class='ocrx_word' id='word_1_407' title='bbox 895 3396 924 3439; x_wconf 93' lang='lat' dir='ltr'>ut</span> <span class='ocrx_word' id='word_1_408' title='bbox 942 3391 1031 3441; x_wconf 81' lang='lat' dir='ltr'>Cicero</span> <span class='ocrx_word' id='word_1_409' title='bbox 1054 3390 1085 3440; x_wconf 92' lang='lat' dir='ltr'>dc</span> <span class='ocrx_word' id='word_1_410' title='bbox 1103 3389 1240 3441; x_wconf 82' lang='lat' dir='ltr'>Senectute</span> <span class='ocrx_word' id='word_1_411' title='bbox 1261 3407 1282 3441; x_wconf 90' lang='lat' dir='ltr'>c.</span> <span class='ocrx_word' id='word_1_412' title='bbox 1301 3391 1332 3443; x_wconf 86' lang='lat' dir='ltr'>V.</span> 
     </span>
     <span class='ocr_line' id='line_1_44' title="bbox 208 3456 1336 3524; baseline 0.001 -15"><span class='ocrx_word' id='word_1_413' title='bbox 208 3456 235 3524; x_wconf 64' lang='grc' dir='ltr'>[ξ</span> <span class='ocrx_word' id='word_1_414' title='bbox 256 3459 296 3518; x_wconf 85' lang='grc'>13]</span> <span class='ocrx_word' id='word_1_415' title='bbox 323 3456 392 3519; x_wconf 80' lang='lat' dir='ltr'>„Est</span> <span class='ocrx_word' id='word_1_416' title='bbox 415 3461 495 3508; x_wconf 88' lang='lat' dir='ltr'>etiam</span> <span class='ocrx_word' id='word_1_417' title='bbox 519 3460 606 3522; x_wconf 77' lang='lat' dir='ltr'>pariete</span> <span class='ocrx_word' id='word_1_418' title='bbox 630 3464 656 3508; x_wconf 89' lang='lat' dir='ltr'>et</span> <span class='ocrx_word' id='word_1_419' title='bbox 676 3474 746 3523; x_wconf 86' lang='lat' dir='ltr'>pura</span> <span class='ocrx_word' id='word_1_420' title='bbox 773 3463 798 3508; x_wconf 91' lang='lat' dir='ltr'>et</span> <span class='ocrx_word' id='word_1_421' title='bbox 816 3459 952 3523; x_wconf 78' lang='lat' dir='ltr'>eleganter</span> <span class='ocrx_word' id='word_1_422' title='bbox 970 3464 1048 3509; x_wconf 89' lang='lat' dir='ltr'>actae</span> <span class='ocrx_word' id='word_1_423' title='bbox 1066 3462 1162 3508; x_wconf 85' lang='lat' dir='ltr'>aetatis</span> <span class='ocrx_word' id='word_1_424' title='bbox 1178 3458 1282 3523; x_wconf 88' lang='lat' dir='ltr'>placida</span> <span class='ocrx_word' id='word_1_425' title='bbox 1300 3476 1336 3510; x_wconf 90' lang='lat' dir='ltr'>ac</span> 
     </span>
     <span class='ocr_line' id='line_1_45' title="bbox 208 3525 1333 3597; baseline 0.003 -22"><span class='ocrx_word' id='word_1_426' title='bbox 208 3527 275 3597; x_wconf 82' lang='lat' dir='ltr'>lenis</span> <span class='ocrx_word' id='word_1_427' title='bbox 293 3529 435 3577; x_wconf 82' lang='lat' dir='ltr'>senectus.“</span> <span class='ocrx_word' id='word_1_428' title='bbox 467 3526 562 3577; x_wconf 86' lang='lat' dir='ltr'>Seneca</span> <span class='ocrx_word' id='word_1_429' title='bbox 579 3525 610 3575; x_wconf 87' lang='lat' dir='ltr'>de</span> <span class='ocrx_word' id='word_1_430' title='bbox 628 3527 689 3577; x_wconf 89' lang='lat' dir='ltr'>Vita</span> <span class='ocrx_word' id='word_1_431' title='bbox 706 3526 780 3576; x_wconf 85' lang='lat' dir='ltr'>beata</span> <span class='ocrx_word' id='word_1_432' title='bbox 796 3542 818 3576; x_wconf 90' lang='lat' dir='ltr'>c.</span> <span class='ocrx_word' id='word_1_433' title='bbox 836 3526 907 3576; x_wconf 84' lang='lat' dir='ltr'>XXI.</span> <span class='ocrx_word' id='word_1_434' title='bbox 927 3527 953 3592; x_wconf 63' lang='grc' dir='ltr'>[ξ</span> <span class='ocrx_word' id='word_1_435' title='bbox 974 3528 997 3589; x_wconf 93' lang='lat' dir='ltr'>l]</span> <span class='ocrx_word' id='word_1_436' title='bbox 1023 3525 1078 3589; x_wconf 81' lang='lat' dir='ltr'>„Et</span> <span class='ocrx_word' id='word_1_437' title='bbox 1094 3528 1124 3575; x_wconf 86' lang='lat' dir='ltr'>in</span> <span class='ocrx_word' id='word_1_438' title='bbox 1147 3531 1235 3577; x_wconf 88' lang='lat' dir='ltr'>multa</span> <span class='ocrx_word' id='word_1_439' title='bbox 1261 3543 1333 3578; x_wconf 87' lang='lat' dir='ltr'>sene·</span> 
     </span>
     <span class='ocr_line' id='line_1_46' title="bbox 207 3593 1334 3659; baseline 0.001 -14"><span class='ocrx_word' id='word_1_440' title='bbox 207 3598 277 3645; x_wconf 85' lang='lat' dir='ltr'>utute</span> <span class='ocrx_word' id='word_1_441' title='bbox 294 3593 412 3659; x_wconf 87' lang='lat' dir='ltr'>placidus</span> <span class='ocrx_word' id='word_1_442' title='bbox 430 3596 523 3645; x_wconf 87' lang='lat' dir='ltr'>viret.“</span> <span class='ocrx_word' id='word_1_443' title='bbox 558 3593 641 3650; x_wconf 79' lang='lat' dir='ltr'>Quare</span> <span class='ocrx_word' id='word_1_444' title='bbox 659 3594 741 3644; x_wconf 87' lang='lat' dir='ltr'>satius</span> <span class='ocrx_word' id='word_1_445' title='bbox 765 3598 816 3657; x_wconf 87' lang='lat' dir='ltr'>est,</span> <span class='ocrx_word' id='word_1_446' title='bbox 841 3595 908 3659; x_wconf 90' lang='lat' dir='ltr'>quod</span> <span class='ocrx_word' id='word_1_447' title='bbox 931 3593 1010 3645; x_wconf 89' lang='lat' dir='ltr'>ceteri</span> <span class='ocrx_word' id='word_1_448' title='bbox 1033 3593 1133 3644; x_wconf 89' lang='lat' dir='ltr'>codices</span> <span class='ocrx_word' id='word_1_449' title='bbox 1156 3599 1182 3644; x_wconf 88' lang='lat' dir='ltr'>et</span> <span class='ocrx_word' id='word_1_450' title='bbox 1205 3595 1334 3646; x_wconf 85' lang='lat' dir='ltr'>editiones</span> 
     </span>
     <span class='ocr_line' id='line_1_47' title="bbox 207 3662 683 3728; baseline 0 -14"><span class='ocrx_word' id='word_1_451' title='bbox 207 3663 404 3728; x_wconf 88' lang='lat' dir='ltr'>amplectuutur,</span> <span class='ocrx_word' id='word_1_452' title='bbox 419 3662 546 3727; x_wconf 86' lang='lat' dir='ltr'>placidae</span> <span class='ocrx_word' id='word_1_453' title='bbox 563 3662 683 3714; x_wconf 89' lang='lat' dir='ltr'>retinere.</span> 
     </span>
    </p>

    <p class='ocr_par' dir='ltr' id='par_1_6' title="bbox 206 3728 1334 4203">
     <span class='ocr_line' id='line_1_48' title="bbox 276 3728 1334 3795; baseline -0.001 -13"><span class='ocrx_word' id='word_1_454' title='bbox 276 3732 317 3783; x_wconf 80' lang='lat' dir='ltr'>la.</span> <span class='ocrx_word' id='word_1_455' title='bbox 336 3737 361 3783; x_wconf 89' lang='lat' dir='ltr'>et</span> <span class='ocrx_word' id='word_1_456' title='bbox 378 3734 419 3783; x_wconf 81' lang='lat'>51.</span> <span class='ocrx_word' id='word_1_457' title='bbox 448 3729 551 3795; x_wconf 72' lang='lat' dir='ltr'>Utrique</span> <span class='ocrx_word' id='word_1_458' title='bbox 569 3747 615 3780; x_wconf 86' lang='lat' dir='ltr'>aas</span> <span class='ocrx_word' id='word_1_459' title='bbox 638 3731 728 3793; x_wconf 88' lang='lat' dir='ltr'>bobus]</span> <span class='ocrx_word' id='word_1_460' title='bbox 762 3729 815 3779; x_wconf 90' lang='lat' dir='ltr'>Hic</span> <span class='ocrx_word' id='word_1_461' title='bbox 841 3730 944 3794; x_wconf 90' lang='lat' dir='ltr'>quidem</span> <span class='ocrx_word' id='word_1_462' title='bbox 969 3733 1028 3795; x_wconf 90' lang='lat' dir='ltr'>post</span> <span class='ocrx_word' id='word_1_463' title='bbox 1055 3728 1140 3794; x_wconf 77' lang='lat' dir='ltr'>fruges</span> <span class='ocrx_word' id='word_1_464' title='bbox 1166 3735 1281 3795; x_wconf 87' lang='lat' dir='ltr'>repertas</span> <span class='ocrx_word' id='word_1_465' title='bbox 1307 3736 1334 3781; x_wconf 83' lang='lat' dir='ltr'>ei</span> 
     </span>
     <span class='ocr_line' id='line_1_49' title="bbox 207 3797 1332 3866; baseline 0 -17"><span class='ocrx_word' id='word_1_466' title='bbox 207 3799 292 3864; x_wconf 91' lang='lat' dir='ltr'>palam</span> <span class='ocrx_word' id='word_1_467' title='bbox 310 3799 438 3866; x_wconf 80' lang='lat' dir='ltr'>expositas</span> <span class='ocrx_word' id='word_1_468' title='bbox 456 3799 548 3864; x_wconf 86' lang='lat' dir='ltr'>glande</span> <span class='ocrx_word' id='word_1_469' title='bbox 566 3799 634 3848; x_wconf 81' lang='lat' dir='ltr'>vesci</span> <span class='ocrx_word' id='word_1_470' title='bbox 653 3798 798 3848; x_wconf 87' lang='lat' dir='ltr'>maluerunt</span> <span class='ocrx_word' id='word_1_471' title='bbox 815 3797 932 3863; x_wconf 88' lang='lat' dir='ltr'>plerique</span> <span class='ocrx_word' id='word_1_472' title='bbox 949 3797 1111 3863; x_wconf 87' lang='lat' dir='ltr'>interpretes.</span> <span class='ocrx_word' id='word_1_473' title='bbox 1130 3798 1173 3848; x_wconf 87' lang='lat' dir='ltr'>Sic</span> <span class='ocrx_word' id='word_1_474' title='bbox 1191 3798 1260 3848; x_wconf 88' lang='lat' dir='ltr'>enim</span> <span class='ocrx_word' id='word_1_475' title='bbox 1279 3799 1332 3850; x_wconf 83' lang='lat' dir='ltr'>iera</span> 
     </span>
     <span class='ocr_line' id='line_1_50' title="bbox 207 3864 1332 3933; baseline 0 -17"><span class='ocrx_word' id='word_1_476' title='bbox 207 3873 266 3933; x_wconf 88' lang='lat' dir='ltr'>post</span> <span class='ocrx_word' id='word_1_477' title='bbox 283 3867 375 3919; x_wconf 86' lang='lat' dir='ltr'>Aldum</span> <span class='ocrx_word' id='word_1_478' title='bbox 395 3867 537 3930; x_wconf 89' lang='lat' dir='ltr'>ediderunt,</span> <span class='ocrx_word' id='word_1_479' title='bbox 555 3865 677 3931; x_wconf 79' lang='lat' dir='ltr'>‚,Quiqae</span> <span class='ocrx_word' id='word_1_480' title='bbox 694 3881 740 3916; x_wconf 86' lang='lat' dir='ltr'>vos</span> <span class='ocrx_word' id='word_1_481' title='bbox 758 3867 839 3916; x_wconf 86' lang='lat' dir='ltr'>bobus</span> <span class='ocrx_word' id='word_1_482' title='bbox 857 3871 1001 3916; x_wconf 83' lang='lat' dir='ltr'>ueneratur</span> <span class='ocrx_word' id='word_1_483' title='bbox 1019 3865 1099 3928; x_wconf 83' lang='lat' dir='ltr'>albis,</span> <span class='ocrx_word' id='word_1_484' title='bbox 1119 3864 1215 3917; x_wconf 75' lang='lat' dir='ltr'>Clarae</span> <span class='ocrx_word' id='word_1_485' title='bbox 1232 3868 1332 3918; x_wconf 84' lang='lat' dir='ltr'>Anchi·</span> 
     </span>
     <span class='ocr_line' id='line_1_51' title="bbox 206 3933 1332 4000; baseline 0.001 -16"><span class='ocrx_word' id='word_1_486' title='bbox 206 3951 252 3984; x_wconf 87' lang='lat' dir='ltr'>sue</span> <span class='ocrx_word' id='word_1_487' title='bbox 272 3934 434 4000; x_wconf 80' lang='lat' dir='ltr'>Venerisque</span> <span class='ocrx_word' id='word_1_488' title='bbox 450 3938 576 4000; x_wconf 79' lang='lat' dir='ltr'>sangra&#39;s,</span> <span class='ocrx_word' id='word_1_489' title='bbox 595 3934 732 3999; x_wconf 87' lang='lat' dir='ltr'>Imperet.“</span> <span class='ocrx_word' id='word_1_490' title='bbox 757 3936 792 3984; x_wconf 83' lang='lat' dir='ltr'>At</span> <span class='ocrx_word' id='word_1_491' title='bbox 809 3933 908 3998; x_wconf 85' lang='lat' dir='ltr'>priscae</span> <span class='ocrx_word' id='word_1_492' title='bbox 926 3933 1059 3996; x_wconf 88' lang='lat' dir='ltr'>editiones,</span> <span class='ocrx_word' id='word_1_493' title='bbox 1078 3934 1141 3984; x_wconf 89' lang='lat' dir='ltr'>duae</span> <span class='ocrx_word' id='word_1_494' title='bbox 1150 3949 1241 3999; x_wconf 88' lang='lat' dir='ltr'>nempe</span> <span class='ocrx_word' id='word_1_495' title='bbox 1250 3935 1332 3986; x_wconf 88' lang='lat' dir='ltr'>Vene-</span> 
     </span>
     <span class='ocr_line' id='line_1_52' title="bbox 207 4001 1331 4067; baseline 0.002 -16"><span class='ocrx_word' id='word_1_496' title='bbox 207 4009 247 4052; x_wconf 89' lang='lat' dir='ltr'>tae</span> <span class='ocrx_word' id='word_1_497' title='bbox 265 4007 291 4052; x_wconf 90' lang='lat' dir='ltr'>et</span> <span class='ocrx_word' id='word_1_498' title='bbox 309 4004 494 4064; x_wconf 87' lang='lat' dir='ltr'>Loscheriana‚</span> <span class='ocrx_word' id='word_1_499' title='bbox 516 4001 656 4067; x_wconf 77' lang='lat' dir='ltr'>Qrcaeque3</span> <span class='ocrx_word' id='word_1_500' title='bbox 682 4018 763 4066; x_wconf 89' lang='lat' dir='ltr'>neque</span> <span class='ocrx_word' id='word_1_501' title='bbox 781 4001 855 4052; x_wconf 87' lang='lat' dir='ltr'>aliter</span> <span class='ocrx_word' id='word_1_502' title='bbox 873 4002 972 4052; x_wconf 89' lang='lat' dir='ltr'>codices</span> <span class='ocrx_word' id='word_1_503' title='bbox 991 4002 1105 4052; x_wconf 88' lang='lat' dir='ltr'>meliores</span> <span class='ocrx_word' id='word_1_504' title='bbox 1123 4002 1246 4067; x_wconf 82' lang='lat' dir='ltr'>Cruquii,</span> <span class='ocrx_word' id='word_1_505' title='bbox 1271 4003 1331 4053; x_wconf 87' lang='lat' dir='ltr'>Pul·</span> 
     </span>
     <span class='ocr_line' id='line_1_53' title="bbox 206 4070 1333 4136; baseline 0.003 -17"><span class='ocrx_word' id='word_1_506' title='bbox 206 4072 309 4132; x_wconf 91' lang='lat' dir='ltr'>manni,</span> <span class='ocrx_word' id='word_1_507' title='bbox 334 4071 483 4120; x_wconf 88' lang='lat' dir='ltr'>Bersmanni</span> <span class='ocrx_word' id='word_1_508' title='bbox 502 4078 527 4120; x_wconf 88' lang='lat' dir='ltr'>et</span> <span class='ocrx_word' id='word_1_509' title='bbox 544 4070 673 4120; x_wconf 86' lang='lat' dir='ltr'>Torrentii</span> <span class='ocrx_word' id='word_1_510' title='bbox 691 4085 748 4120; x_wconf 91' lang='lat' dir='ltr'>eum</span> <span class='ocrx_word' id='word_1_511' title='bbox 765 4071 860 4120; x_wconf 90' lang='lat' dir='ltr'>nostris</span> <span class='ocrx_word' id='word_1_512' title='bbox 878 4071 1034 4134; x_wconf 85' lang='lat' dir='ltr'>Graeviano,</span> <span class='ocrx_word' id='word_1_513' title='bbox 1058 4070 1198 4134; x_wconf 75' lang='lat' dir='ltr'>chineusi</span> <span class='ocrx_word' id='word_1_514' title='bbox 1215 4086 1231 4120; x_wconf 93' lang='lat' dir='ltr'>a</span> <span class='ocrx_word' id='word_1_515' title='bbox 1249 4070 1333 4136; x_wconf 84' lang='lat' dir='ltr'>prima</span> 
     </span>
     <span class='ocr_line' id='line_1_54' title="bbox 206 4137 1333 4203; baseline 0.004 -17"><span class='ocrx_word' id='word_1_516' title='bbox 206 4152 292 4197; x_wconf 89' lang='lat' dir='ltr'>mann,</span> <span class='ocrx_word' id='word_1_517' title='bbox 311 4142 336 4187; x_wconf 86' lang='lat' dir='ltr'>et</span> <span class='ocrx_word' id='word_1_518' title='bbox 354 4137 413 4187; x_wconf 90' lang='lat' dir='ltr'>aliis</span> <span class='ocrx_word' id='word_1_519' title='bbox 429 4137 535 4187; x_wconf 90' lang='lat' dir='ltr'>duobus.</span> <span class='ocrx_word' id='word_1_520' title='bbox 564 4138 632 4193; x_wconf 86' lang='lat' dir='ltr'>Quin</span> <span class='ocrx_word' id='word_1_521' title='bbox 652 4141 677 4186; x_wconf 86' lang='lat' dir='ltr'>et</span> <span class='ocrx_word' id='word_1_522' title='bbox 695 4140 777 4187; x_wconf 78' lang='lat' dir='ltr'>Acron</span> <span class='ocrx_word' id='word_1_523' title='bbox 796 4138 862 4187; x_wconf 90' lang='lat' dir='ltr'>hanc</span> <span class='ocrx_word' id='word_1_524' title='bbox 879 4139 1016 4189; x_wconf 86' lang='lat' dir='ltr'>lectionem</span> <span class='ocrx_word' id='word_1_525' title='bbox 1033 4138 1159 4203; x_wconf 81' lang='lat' dir='ltr'>agnoseit,</span> <span class='ocrx_word' id='word_1_526' title='bbox 1177 4143 1230 4189; x_wconf 87' lang='lat' dir='ltr'>tam</span> <span class='ocrx_word' id='word_1_527' title='bbox 1248 4139 1333 4190; x_wconf 86' lang='lat' dir='ltr'>editus</span> 
     </span>
    </p>
   </div>
   <div class='ocr_carea' id='block_1_5' title="bbox 0 0 1422 4758">
    <p class='ocr_par' dir='ltr' id='par_1_7' title="bbox 0 0 1422 4758">
     <span class='ocr_line' id='line_1_55' title="bbox 0 0 1422 4758; baseline 0 3"><span class='ocrx_word' id='word_1_528' title='bbox 0 0 1422 4758; x_wconf 95' lang='lat' dir='ltr'> </span> 
     </span>
    </p>
   </div>
  </div>
 </body>
</html>
