2818 4758
203 205 263 267 118
608 216 640 275 9.
662 215 805 263 999999
826 214 949 263 resecr

281 351 407 416 Multa?
428 349 506 432 quid
528 355 630 414 terras
652 349 716 412 alio
738 349 872 415 calentis

281 438 356 502 Sole
378 439 563 500 mutamus?
584 435 708 519 patriae
730 435 803 516 qais
825 434 918 499 exsul

237 534 270 584 20
412 521 455 586 Se
477 539 605 602 quoque
627 519 733 600 fugit?

193 678 349 739 praestante
367 672 458 721 Iabere
475 672 518 721 Ad
534 687 652 720 summas
669 686 804 734 emergere
829 687 908 734 opes,
926 684 1068 734 rerumque
1081 671 1208 738 poufrim
1242 670 1322 719 Recte

195 745 283 805 itaque
299 740 377 790 habet
393 741 493 800 fortes:
511 746 537 789 et
554 740 672 804 apposita
689 754 751 788 sane
769 741 864 788 Seneca
881 738 1053 792 NatQuaest.
1065 737 1113 797 ΙΙΙ,
1135 741 1156 787 1.
1167 737 1256 800 [praet.
1267 741 1284 801 ξ
1296 740 1320 799 3]

194 810 317 873 „Libet“,
334 809 428 871 inquit,
445 809 530 869 „mitri
546 807 699 857 acclamare
716 807 792 855 ittam
800 808 895 870 poetae
911 806 1010 871 inclyti
1017 820 1129 867 amsans,
1147 803 1322 868 „„lbltr'mus

195 879 314 941 ingentes
332 878 443 937 animos,
467 880 494 924 et
509 877 629 924 mamima
650 890 737 939 paruo
765 872 891 938 Tempore
914 874 1088 922 molimur.““
1111 873 1156 921 ubi
1180 872 1322 921 notandum

194 944 261 994 illud
271 959 357 1009 paruo
367 949 492 1007 tempore,
500 948 530 991 ut
539 942 663 992 Horatius
676 944 751 991 treci
762 957 842 991 acco:
857 949 883 991 91
893 940 1004 1015 proinde
1018 940 1201 1004 repudiandum
1210 945 1250 988 est
1260 942 1322 989 Bar·

196 1013 246 1061 thii
264 1027 368 1060 acumen
377 1010 481 1060 Adsere.
489 1009 607 1072 XXXVI,
622 1012 661 1070 14,
671 1010 726 1073 qui,
738 1012 764 1058 si
774 1009 877 1059 codices
889 1012 1090 1071 assentirentur,
1098 1023 1158 1057 arcu
1167 1023 1232 1057 9999
1241 1023 1322 1072 qrsam

195 1097 257 1129 aero
275 1080 363 1143 tegere
379 1079 477 1128 multet
513 1078 595 1127 Multa
624 1093 683 1126 9999
706 1077 778 1126 brevi
804 1094 866 1125 aero
889 1076 992 1125 molitus
1010 1080 1048 1125 est
1065 1076 1119 1138 ipse
1138 1076 1278 1134 Barthius3
1298 1080 1323 1124 91

194 1145 370 1215 πολυμαθίας
386 1146 439 1196 sire
456 1147 543 1210 potius
559 1144 805 1210 πολυαναγνωσίας
821 1145 929 1208 gloriam
957 1144 1033 1193 etiarn
1051 1143 1151 1193 iuvenis
1169 1149 1322 1192 consecutus

195 1222 241 1266 est.
259 1231 346 1264 verum
363 1215 432 1264 enim
448 1231 506 1263 cnm
523 1213 556 1263 ad
569 1214 697 1263 Iudicium
714 1230 754 1263 res
772 1214 923 1273 deveniunt,
941 1214 1015 1262 brevi
1023 1227 1082 1260 sane
1097 1211 1322 1276 arcuplcrumque

194 1283 330 1346 iaculatur,
347 1282 479 1346 neque'ad
496 1298 602 1347 scopum
617 1282 752 1347 pertingit.

266 1352 305 1401 18.
324 1349 397 1412 Quia
414 1355 500 1399 terras
518 1351 573 1399 9119
591 1349 715 1412 calentes]
743 1349 828 1399 Locus
845 1347 947 1412 quidem
963 1346 1130 1411 perdifficilis,
1149 1346 1237 1409 etqui
1255 1345 1322 1394 mul·

196 1423 236 1466 tos
253 1419 374 1477 exercuit,
392 1417 477 1482 „quid
494 1424 581 1467 terras
599 1419 654 1467 alia
673 1418 788 1467 calentes
805 1416 867 1466 Sole
883 1421 1035 1467 9991999991
1068 1418 1174 1478 patriae
1185 1417 1245 1479 quis
1257 1413 1323 1463 arsat

197 1487 233 1535 Se
250 1501 353 1549 quoque
370 1485 477 1548 sugu'tW
513 1485 575 1534 Alia
593 1485 709 1534 celeritas
726 1486 789 1547 sote,
806 1484 854 1532 hoc
872 1488 910 1531 991
928 1483 1041 1545 duritas,
1060 1483 1138 1545 longe
1151 1487 1276 1543 remotas,
1296 1486 1323 1530 91

195 1553 322 1616 Virgilius
340 1553 441 1617 [Georg.
459 1553 494 1613 ΙΙ,
513 1554 588 1615 512];
607 1553 712 1617 „Atque
729 1553 780 1602 alio
796 1554 916 1616 patriam
940 1557 1075 1616 99999991
1096 1551 1141 1599 991)
1161 1550 1212 1598 9919
1231 1553 1323 1598 19999-

197 1621 275 1670 tem.“
309 1619 377 1675 Quid
395 1636 455 1684 crgo
472 1627 518 1682 est,
542 1626 675 1670 mutamus
700 1626 786 1670 terras
809 1622 943 1669 remotas?
964 1618 1094 1683 siquidem
1118 1634 1193 1667 99919
1217 1623 1324 1666 mutare

197 1688 253 1736 dici
267 1691 352 1752 possit
369 1693 462 1750 terras,
480 1691 510 1738 iu
527 1705 594 1753 queas
611 1689 730 1737 nondum
747 1687 839 1752 pedem
849 1687 957 1736 intulit:
974 1692 1004 1734 91
1013 1686 1045 1734 Η.
1057 1686 1201 1749 Stephanus
1210 1684 1242 1733 ad
1252 1686 1323 1734 hune

194 1755 288 1805 locum.
318 1755 399 1809 Quem
408 1759 437 1804 ut
445 1756 540 1805 nodum
548 1757 718 1821 expediamus,
735 1755 800 1804 illud
810 1755 935 1820 imprimis
945 1753 1059 1819 proderit
1067 1753 1213 1812 adnotasse;
1232 1768 1324 1818 nempe

196 1823 299 1872 verbum
316 1821 423 1872 Mutare
441 1823 568 1889 duplicem
590 1825 702 1889 recipere
726 1823 948 1872 constructionem.
982 1821 1101 1887 Exempli
1118 1823 1209 1885 gratia,
1235 1821 1323 1870 codem

196 1892 273 1955 plane
291 1906 367 1940 sensu
389 1891 485 1955 poteris
510 1891 602 1953 dicere,
626 1891 743 1941 Mutavit
763 1893 884 1956 patriam
908 1890 998 1953 9911119,
1023 1894 1049 1938 91
1071 1888 1187 1939 Mutavit
1209 1889 1324 1938 exitium

193 1962 294 2024 patria.
331 1957 435 2007 Curtius
453 1960 501 2025 ΠΙ,
523 1962 563 2010 ll.
597 1959 716 2022 „Sisines
733 1959 825 2009 Perses
842 1957 1323 2023 991Ιί999999991999199919111

196 2026 264 2088 quod
277 2026 387 2091 perinde
405 2031 450 2085 est,
469 2042 498 2075 99
519 2027 541 2075 91
559 2027 673 2088 dixisset,
692 2027 775 2077 991119
798 2029 919 2092 patriam
936 2025 1021 2075 sedem
1046 2029 1211 2074 mutauerat:
1238 2028 1269 2072 ut
1297 2023 1324 2071 iu

197 2095 282 2143 eudem
291 2094 418 2143 sententia
426 2094 552 2157 Virgilius
560 2097 652 2159 Georg.
662 2095 697 2154 Π,
707 2097 765 2146 511.
801 2094 964 2158 „Euilioqne
981 2093 1072 2143 domas
1090 2098 1116 2142 et
1127 2092 1217 2142 dulcia
1228 2091 1324 2140 limina

196 2164 334 2212 rrrutant:“
357 2167 383 2211 91
398 2162 470 2213 ovid.
485 2163 554 2211 Fast
574 2162 616 2226 Vl,
634 2165 693 2215 665.
727 2161 838 2225 ,Mattio
855 2168 962 2211 mutant
983 2163 1083 2224 urbem,
1104 2159 1238 2224 Tiburque
1253 2175 1324 2209 rece·

197 2230 291 2279 119911(
323 2231 378 2278 Iam
396 2230 424 2278 19
441 2230 489 2280 1199
507 2230 697 2280 9999119911999
714 2229 799 2279 Locus
822 2246 949 2294 praesens,
973 2231 1025 2278 sire
1049 2232 1088 2288 (ut
1106 2227 1261 2277 Scholastici
1286 2226 1324 2275 lo·

196 2299 319 2361 quantur)
342 2297 476 2347 Terminus
493 2314 508 2347 a
525 2315 584 2364 quo,
602 2299 708 2364 ponitur
731 2313 791 2347 casu
815 2297 972 2346 accusativo:
1005 2298 1034 2345 iu
1056 2296 1103 2357 illa
1126 2296 1210 2345 Locus
1234 2294 1324 2344 absens

196 2367 249 2414 sive
266 2365 400 2414 Terminus
423 2366 455 2415 ad
479 2382 565 2430 quem:
593 2382 669 2430 quam
692 2366 797 2415 formam
820 2365 861 2414 bis
889 2364 927 2414 vel
945 2369 1100 2413 1919999199
1118 2369 1157 2413 991
1174 2363 1277 2423 Noster,
1295 2366 1324 2410 ut

198 2432 279 2483 Germ.
296 2434 317 2492 Ι,
339 2435 376 2493 11,
399 2435 419 2483 l.
455 2433 561 2495 „Vetera
584 2449 726 2484 amoenum
748 2449 827 2498 saepe
844 2431 1005 2482 Lucretilem
1022 2431 1111 2482 Mutat
1128 2430 1235 2497 Lycaeo
1253 2430 1323 2481 Fau·

196 2503 281 2549 999111
305 2505 331 2548 91
348 2501 426 2550 Serm.
445 2502 480 2562 ΙΙ,
499 2504 522 2562 l,
550 2504 605 2553 109.
631 2504 818 2565 ,9919991999
843 2503 890 2566 qui
910 2516 980 2565 puer
1002 2515 1082 2553 uuum
1105 2498 1219 2548 Furtioa
1238 2501 1324 2549 rnutat

195 2567 331 2631 strigili“.·
348 2567 396 2617 hoc
414 2572 460 2629 991,
477 2572 507 2616 91
523 2570 681 2619 communius
697 2570 846 2634 loquuntur,
863 2566 998 2634 Lycaeum
1016 2566 1154 2632 Lucretili,
1180 2571 1207 2616 91
1226 2566 1324 2630 Strigi-

197 2635 247 2682 1999
264 2649 324 2682 999.
359 2634 409 2683 His
426 2635 503 2683 semel
520 2636 708 2699 animadversis,
726 2638 818 2686 falsum
835 2652 889 2686 9999
906 2641 1012 2700 apparet
1025 2635 1182 2699 Stephanum
1200 2634 1323 2699 aliosque,

197 2701 242 2764 qai
258 2701 416 2749 contendunt
432 2705 563 2752 nemiuem
582 2703 637 2753 dici
651 2720 728 2769 posse
744 2710 850 2754 mutare
867 2709 962 2767 terras,
980 2707 1009 2752 in
1027 2719 1093 2768 quaa
1103 2702 1221 2752 nondum
1228 2703 1323 2767 pedem

197 2768 297 2817 intulit.
333 2769 388 2816 lmo
405 2785 464 2817 9919
482 2771 508 2818 19
527 2787 557 2819 99
574 2770 701 2821 Mutunus·
717 2772 913 2832 constructione,
932 2787 982 2836 qua
995 2772 1078 2821 Locus
1097 2769 1237 2820 abseusest
1251 2785 1323 2820 casus

196 2835 344 2895 accusativi,
362 2835 389 2884 id
407 2852 506 2900 semper
524 2838 633 2888 dicitur:
653 2841 695 2889 Sic
712 2840 825 2890 Faumsr
847 2845 934 2890 ruutat
950 2837 1118 2902 Lucretilem,
1136 2855 1186 2902 quo
1211 2838 1323 2888 nondum

196 2903 284 2967 pedem
303 2903 405 2964 1919111;
422 2907 493 2955 Puer
509 2910 736 2971 malacitanam,
758 2924 834 2972 quam
856 2907 970 2957 nondum
992 2906 1090 2956 hebuit.
1126 2905 1224 2961 Quidni
1243 2906 1323 2970 igitur

196 2977 331 3021 mutamus
349 2977 435 3022 terras
454 2974 508 3023 atto
535 2975 591 3025 9919
614 2975 742 3038 calentes,·
765 2977 813 3025 etsi
837 2975 950 3024 noudum
973 2990 1015 3024 999
1039 2974 1193 3038 attigimus?
1227 2973 1323 3023 Eadem

196 3039 271 3103 plane
289 3040 411 3105 loquendi
429 3042 509 3092 torma
526 3048 575 3093 est:
594 3044 622 3092 iu
640 3060 669 3092 eo
687 3048 787 3092 tautum
805 3043 935 3105 differunt,
957 3042 1026 3106 quod
1049 3042 1091 3091 hie
1115 3040 1323 3105 subintelligitur

196 3108 329 3159 Terminus
347 3126 362 3159 a
380 3127 441 3175 qu03
466 3109 601 3162 Mutamus
620 3117 706 3161 tem-as
725 3111 779 3160 alia
796 3111 852 3160 sote
870 3111 1000 3173 calentes,
1023 3112 1091 3160 19111
1109 3112 1197 3159 nostri
1214 3110 1320 3160 scilicet

196 3176 291 3240 Utique
308 3179 329 3227 si
347 3178 423 3243 plene
440 3178 478 3228 ita
496 3179 609 3240 dixisset,
629 3178 697 3228 nihil
713 3178 755 3228 hio
774 3178 933 3228 difficultatis
951 3183 1025 3227 99991.
1059 3178 1139 3241 Atqui
1157 3182 1183 3227 et
1201 3177 1322 3242 exipsius

195 3245 233 3291 rei
250 3252 342 3294 991919
359 3246 386 3295 id
404 3246 479 3296 facile
496 3247 628 3298 subaudiri
646 3251 738 3311 potest,
757 3252 782 3296 91
801 3261 831 3295 ex
848 3246 1031 3295 consuetudine
1040 3246 1096 3295 fieri
1105 3245 1175 3294 solet.
1213 3245 1321 3295 Siccam

195 3308 309 3387 absolute
327 3313 416 3363 dicunt
432 3320 547 3364 99919199
567 3315 672 3365 Mutare
688 3315 783 3376 sedem,
800 3313 895 3377 sctum,
913 3314 1005 3375 tarem,
1023 3318 1048 3363 91
1065 3312 1174 3363 similia:
1199 3312 1228 3362 id
1246 3312 1321 3362 199119

195 3383 351 3428 9119999999
369 3382 538 3445 supplendum
555 3388 607 3444 est,
630 3387 735 3432 mertare
760 3381 848 3431 sedem
865 3381 937 3442 sede,
954 3381 1040 3430 solum
1058 3380 1125 3441 solo,
1150 3379 1234 3430 larem
1262 3379 1321 3429 lare.

194 3444 283 3508 Neque
301 3447 438 3511 quidquam
457 3450 572 3510 interest,
590 3467 646 3500 cum
666 3451 731 3500 dicis
749 3455 854 3499 mactare
870 3448 965 3509 sedem,
984 3454 1069 3497 utrum
1088 3453 1170 3497 sedem
1188 3448 1319 3497 absentem

193 3511 333 3576 intelligas,
351 3515 487 3564 subaudita
503 3517 563 3566 sede
576 3523 733 3583 praesente;
757 3533 790 3566 au
815 3517 899 3567 sedem
924 3524 1083 3580 praesentem
1112 3515 1252 3565 subaudita
1279 3515 1320 3564 ab

195 3584 282 3629 sente:
300 3585 330 3629 ut
347 3596 404 3631 cum
422 3582 514 3633 Noster
531 3584 569 3644 911
586 3584 667 3636 09119.
687 3585 816 3635 Saeculari
834 3587 874 3646 39,
893 3585 986 3646 „Iussa
1002 3600 1067 3650 pars
1084 3587 1188 3633 mutare
1207 3583 1280 3632 laras
1298 3583 1321 3630 et

195 3648 287 3697 certem
305 3649 408 3712 bospite
425 3654 538 3713 cursu“,·
556 3653 623 3702 nihil
641 3653 725 3717 191911,
745 3658 829 3702 utrum
848 3653 917 3701 lares
941 3657 967 3701 et
983 3654 1075 3702 urbem
1085 3651 1262 3715 interpreteris
1273 3647 1320 3700 Ile-

194 3731 265 3765 mam
284 3731 335 3781 quo
353 3717 422 3766 ituri
438 3724 523 3780 erant,
541 3735 574 3769 99
596 3718 703 3770 Troiam
719 3720 791 3770 99919
808 3723 876 3769 itari
893 3725 978 3769 erant.
1013 3722 1067 3769 Imo
1079 3735 1147 3780 vero,
1165 3733 1223 3767 cum
1232 3714 1321 3768 Latini

195 3783 279 3833 dicere
297 3783 380 3833 solent
397 3785 484 3834 locum
503 3801 537 3835 99
555 3786 612 3837 1999
630 3794 742 3849 anulare,
760 3793 790 3836 ut
806 3788 907 3837 Plinius
924 3787 992 3836 Hist.
1011 3789 1046 3849 ΙΙ,
1065 3789 1106 3839 48.
1125 3788 1152 3849 [1
1173 3788 1231 3848 131]
1250 3784 1318 3849 „Lo-

195 3867 255 3901 cum
273 3867 307 3901 em
326 3851 383 3902 1999
409 3857 516 3902 sautans
540 3854 639 3918 rupida
657 3858 821 3918 uertigine“:
846 3860 871 3904 et
888 3856 923 3917 II,
942 3857 982 3915 37,
1002 3857 1029 3920 [ξ
1051 3857 1108 3917 101]
1129 3851 1183 3918 „Ut
1199 3854 1318 3904 uolucres

194 3918 280 3969 sedem
299 3935 333 3969 om
350 3918 410 3968 sede
428 3924 591 3969 attestantes“:
610 3922 666 3971 luce
684 3923 741 3988 ipsa
759 3922 853 3972 clarius
871 3927 909 3971 est
926 3923 962 3972 119
982 3921 1044 3983 dici,
1061 3927 1166 3972 mactare
1174 3921 1262 3971 sedem
1273 3936 1319 3986 quo

194 3987 306 4036 nondum
325 3992 446 4036 venerant
464 4002 498 4035 aa:
515 3987 576 4039 aede
593 3988 639 4038 ubi
656 3996 716 4040 tunc
735 3996 815 4039 eraut.
850 3991 928 4040 Recte
946 3991 1033 4055 itaque
1051 3995 1077 4039 et
1095 3991 1125 4040 de
1143 3989 1319 4039 morelocutus

195 4060 232 4102 cst
248 4055 380 4115 Horatius,
398 4054 483 4119 „quid
500 4060 585 4105 terras
603 4057 657 4105 alio
680 4057 794 4108 calentes
812 4057 874 4108 Sole
897 4061 1065 4108 mutamus?“
1089 4058 1202 4123 quamvis
1227 4058 1254 4107 in
1280 4070 1319 4106 eea

195 4122 307 4171 99911999
325 4121 413 4186 pedem
430 4121 572 4173 intulimus.
608 4123 656 4172 Sed
675 4124 749 4174 aliam
768 4125 834 4175 riam
852 4124 950 4175 insistit
966 4126 1005 4176 vir
1014 4126 1117 4191 quidam
1126 4125 1319 4185 eruditissimus,
