2810 4764
217 275 278 337 208
603 283 634 344 a.
657 284 797 332 nonern
818 286 941 334 rancor

299 424 506 502 Durataeque
529 418 604 500 gelu
626 419 716 484 nives

257 522 288 571 lu
364 506 570 571 Mercatorem
593 503 749 586 abigunt‘.l
772 504 900 573 horrida
921 506 1029 572 callidi

300 591 436 658 Vincunt
456 607 597 672 aequora
617 589 754 655 navitae.

366 676 518 758 Magnum
540 674 712 761 pauperies
732 675 948 760 opprobrium,
970 675 1059 743 iubet

593 792 617 827 v.
638 778 679 829 39.
697 776 774 841 Vulg.
792 776 855 827 Salo
872 777 960 827 nives(

213 914 256 948 ree
279 898 335 946 ciue
350 901 444 959 gestae
460 897 620 960 sempiterna
637 898 753 945 neminie
775 895 857 959 gloria
881 897 1056 946 niterentur.“
1091 895 1187 946 Seneca
1204 895 1235 946 de
1254 896 1341 946 Tran-

214 964 341 1030 quillitate
358 962 418 1012 XIV
436 966 526 1026 [extr]
546 962 576 1012 de
593 962 660 1013 Iulio
679 962 755 1013 Cano.
791 963 938 1025 „Dabimus
962 968 987 1013 tc
1010 964 1039 1013 in
1062 979 1160 1014 omnem
1178 964 1339 1027 memoriam,

216 1032 382 1083 clarissimum
406 1035 497 1097 caput,
529 1030 645 1082 Catanes
669 1030 758 1080 caedis
780 1045 884 1095 magua
908 1033 1029 1097 portia.“
1070 1030 1154 1086 Quare
1171 1037 1239 1082 recte
1257 1033 1341 1083 habet

215 1100 348 1163 clarus,
366 1114 447 1164 neque
465 1098 585 1149 audiendi
603 1101 671 1161 sunt,
689 1100 734 1163 qui
752 1114 831 1149 cumae
848 1099 1014 1150 substitutum
1029 1105 1098 1152 eunt.
1124 1099 1222 1162 Clarus,
1239 1101 1339 1165 inquit,

213 1173 272 1235 post
293 1166 407 1217 obitum:
433 1167 554 1232 quoniam
577 1167 689 1217 rivorum
711 1167 781 1217 laudi
806 1172 831 1217 et
854 1168 950 1232 gloriae
973 1167 1129 1230 invidemus,
1155 1168 1338 1231 obtrectamus,
1402 1218 1403 1241 ,

213 1237 375 1287 detrahimus.
410 1235 484 1285 Nihil
500 1235 591 1285 verius.
1402 1276 1403 1297 3

282 1306 321 1355 39.
339 1303 514 1368 Duratoequa
544 1304 600 1353 eolo
625 1304 707 1365 aiace]
743 1302 886 1367 Numquam
910 1303 973 1353 mihi
996 1303 1095 1369 placuit
1118 1303 1188 1367 cola,
1219 1305 1339 1367 quamvis

213 1388 299 1422 omnes
316 1372 410 1436 ubique
428 1372 527 1422 codices
543 1370 650 1421 lectioni
666 1371 725 1420 huic
744 1372 923 1435 suffragantur.
956 1373 1043 1422 Primo
1061 1372 1142 1435 enim,
1165 1372 1246 1422 otiose
1265 1371 1338 1422 vide·
1402 1404 1403 1429 2

215 1447 257 1490 tur
274 1438 403 1504 additum,
426 1456 507 1504 neque
526 1440 660 1503 quicquam
678 1440 819 1489 sententiae
837 1439 942 1491 conle'rt.
977 1439 1029 1489 Ubi
1047 1440 1128 1501 enirn,
1153 1440 1204 1490 nisi
1222 1440 1250 1489 in
1266 1440 1338 1504 eolo,
1402 1432 1403 1473 ³

213 1506 333 1558 iacebunt
350 1507 439 1557 nives?
465 1523 498 1557 an
516 1507 658 1573 periculum
682 1513 750 1569 erat,
773 1524 805 1558 nc
821 1505 869 1556 sub
887 1507 975 1569 terrie,
999 1508 1039 1558 vel
1061 1507 1177 1558 incaelo
1200 1513 1246 1558 aut
1270 1510 1337 1558 mari
1402 1520 1403 1559 1

214 1577 316 1626 duratas
335 1591 387 1625 ease
405 1576 579 1625 crederemus?
614 1575 710 1638 Utique
727 1576 790 1625 satis
808 1580 873 1625 esset
897 1574 1011 1626 decretae
1034 1578 1122 1640 niuea,
1145 1575 1238 1625 omisso
1263 1577 1336 1626 eolo:
1402 1574 1403 1629 Ξ

212 1649 242 1693 ut
259 1644 349 1693 Livius
366 1643 436 1704 XXI,
456 1646 495 1696 36.
515 1646 597 1706 [exta]
633 1641 686 1706 „Ut
700 1643 843 1709 pleraque,
868 1643 940 1693 actm
961 1643 1057 1709 pedica
1075 1649 1167 1710 capta,
1192 1645 1339 1695 haererent
1402 1640 1403 1645 ’

212 1715 241 1761 in
260 1710 350 1762 durata
368 1717 394 1762 ct
410 1712 464 1762 alte
481 1717 605 1761 concreta
621 1712 741 1776 glacic“:
760 1717 786 1761 et
803 1712 897 1762 Seneca
916 1711 946 1760 de
964 1710 1064 1761 Provid.
1074 1711 1118 1775 IV,
1129 1712 1155 1778 [ξ
1167 1709 1209 1778 14]
1227 1711 1338 1777 „Super
1402 1756 1403 1779 ,

214 1780 303 1829 durata
320 1779 409 1844 glacie
428 1782 543 1843 [stagno]
562 1779 740 1843 persultant.“
775 1779 844 1829 Idem
853 1778 912 1829 Nat.
923 1779 1025 1835 Quaest.
1036 1778 1079 1840 IV,
1091 1782 1114 1830 5.
1126 1780 1152 1844 [ξ
1162 1781 1188 1842 3]
1222 1778 1337 1843 „Minue
1402 1788 1403 1837 ξ

213 1848 304 1912 algena
313 1849 391 1897 aiunt
396 1848 477 1914 pedae
486 1862 586 1912 conetur,
597 1847 736 1912 quilianum
747 1853 772 1896 ct
781 1847 869 1897 duram
879 1848 962 1897 nivem
972 1848 1080 1908 calcant,
1089 1863 1168 1912 quam
1177 1862 1280 1911 conane,
1288 1852 1338 1914 qui
1402 1886 1403 1895 .

213 1922 330 1966 teneram
347 1921 374 1965 et
390 1914 574 1976 labefactam.“
609 1914 720 1964 Avienus
737 1914 834 1965 Fabula
842 1914 937 1976 XXIX,
948 1914 980 1984 [v.
992 1917 1017 1978 2]
1053 1914 1224 1981 „Crenctaque
1241 1915 1337 1966 durato
1402 1912 1403 1963 l

210 1987 357 2049 stringeret
378 2000 445 2033 arna
467 1984 552 2048 gelu.“
586 1983 692 2032 Ovidius
709 1984 736 2032 in
754 1983 832 2033 Nuce.
851 1986 884 2046 [r.
903 1986 945 2046 64]
980 1984 1119 2046 „Duratum
1142 1987 1255 2033 renouat
1278 2001 1337 2035 non

210 2054 278 2102 milri
300 2052 388 2114 sorece·
411 2052 545 2101 Ιιτιηηιηιές
579 2051 690 2113 Deinde,
714 2066 743 2101 ex
766 2052 869 2115 linguae
886 2051 996 2102 Latinae
1018 2050 1104 2102 indole
1128 2051 1241 2102 duratae
1266 2054 1337 2117 eolo,
1402 2082 1403 2093 κ

210 2137 261 2170 non
285 2135 366 2185 cuper
388 2121 444 2170 eolo
469 2123 508 2181 tut
530 2119 572 2168 hic
590 2119 666 2184 vulgo
690 2120 844 2186 accipiunt),
869 2119 912 2169 sed
931 2136 946 2169 a
963 2119 1020 2170 eolo
1042 2123 1169 2184 tamquam
1194 2135 1285 2169 caussa
1311 2128 1337 2171 et

211 2189 380 2239 instrumento
398 2188 510 2248 duritiei,
528 2187 692 2251 interpretari
709 2193 824 2252 oportet:
843 2204 893 2252 quo
911 2188 978 2237 nihil
994 2188 1076 2252 magis
1088 2186 1233 2237 absurdum.
1258 2186 1336 2239 Certe

212 2257 417 2321 quotiescumque
435 2256 551 2306 duratur
568 2255 708 2305 ablativum
726 2261 785 2320 post
801 2271 827 2306 se
845 2257 932 2320 trahit,
949 2255 988 2304 ibi
1000 2271 1114 2309 caussam
1126 2255 1268 2321 significari
1282 2258 1338 2310 iam

210 2325 325 2374 monitus
342 2324 520 2388 deprehendes.
546 2324 586 2373 Ita
598 2322 700 2374 Curtius
709 2324 757 2385 III,
776 2327 799 2376 6.
820 2326 877 2386 [cl
897 2324 967 2389 ξ16]
991 2323 1081 2373 Hortis
1088 2327 1150 2388 igne
1160 2324 1274 2375 duratis.
1286 2325 1335 2387 IX,

211 2395 252 2445 32.
263 2395 294 2455 [a.
307 2394 338 2444 10
348 2393 364 2456 ξ
376 2395 416 2456 19]
441 2392 559 2442 Piscibus
576 2392 631 2442 ecte
641 2392 755 2442 duratis.
773 2392 840 2441 Plin.
856 2391 925 2441 Hist.
937 2392 993 2453 VII,
1004 2393 1028 2443 2.
1049 2394 1076 2456 [ξ
1086 2394 1129 2454 22]
1148 2392 1217 2443 Salis
1231 2408 1336 2458 uapore
1402 2442 1403 2445 ,

212 2461 314 2510 decroni.
351 2459 695 2523 Οιιὶη111.Ιηετίῐ.ἮΙΙ,2.
715 2462 785 2524 [ξὸ]
821 2460 958 2524 „Deeratne
980 2462 1071 2510 muria
1092 2462 1204 2525 piacer.“
1239 2460 1336 2512 Livius
1402 2448 1403 2517 ἶ

210 2529 281 2578 ΧΧΙ.
302 2531 340 2580 11.
358 2529 384 2594 [§
404 2530 428 2591 8]
467 2527 606 2578 Ganuenta
631 2529 703 2578 calce
729 2529 835 2578 durata.
878 2527 924 2579 Sil.
949 2527 1007 2579 Ital.
1031 2527 1077 2576 XI.
1103 2530 1134 2590 [v.
1153 2529 1213 2590 484]
1248 2528 1336 2580 Bella
1402 2526 1403 2595 ]

214 2598 313 2647 durata
331 2600 452 2646 uirorum
471 2597 589 2647 Pectora.
623 2598 718 2645 Auctor
735 2596 828 2646 Moreti
849 2598 880 2659 [v.
898 2598 957 2658 affl:
987 2596 1089 2645 Durati
1104 2596 1161 2645 eale
1178 2602 1254 2660 tuga
1268 2600 1335 2648 aare.
1402 2598 1403 2613 ¹

211 2664 386 2724 Quamobrem,
405 2668 449 2713 aut
466 2662 538 2714 valde
555 2664 638 2727 fallor,
656 2669 700 2713 aut
718 2665 753 2714 sic
771 2665 858 2730 potius
876 2664 980 2728 scripsit
991 2664 1123 2725 Horatius,
1141 2664 1336 2730 „Iluretaequc
1402 2670 1403 2731 l

210 2732 269 2798 gelu
287 2734 385 2780 niuea.“
419 2731 477 2780 Non
496 2731 558 2781 adeo
576 2747 667 2795 magua
683 2733 791 2781 mutatio
809 2737 854 2793 est,
871 2733 935 2796 quin
951 2733 1072 2781 maiorem
1089 2747 1164 2797 saepe
1182 2730 1335 2783 admiserint
1402 2742 1403 2795 l

211 2799 375 2849 dormitantes
393 2797 513 2850 Librarii.
549 2800 638 2848 Potuit
654 2800 730 2848 etiam
747 2801 808 2864 gelo
827 2801 970 2865 antiquitus
988 2800 1110 2865 scriptum
1129 2814 1194 2861 esse,
1213 2800 1282 2864 quod
1300 2802 1335 2851 ad
1402 2802 1403 2861 ζ

209 2867 338 2931 vulgatam
356 2867 461 2931 propius
478 2866 590 2926 accedit;
616 2867 710 2932 quippe
726 2868 803 2932 gelus
818 2868 888 2933 geli,
913 2873 938 2918 et
959 2868 1050 2932 gelum
1072 2868 1130 2932 geli
1152 2868 1212 2917 olim
1235 2867 1264 2917 iu
1283 2885 1334 2919 usu
1402 2880 1403 2885 ’

210 2941 272 2998 erat,
290 2935 358 2999 apud
370 2935 483 2996 Accium,
501 2934 643 2996 Afranium,
661 2936 816 2997 Lucretium,
834 2936 979 2986 Varronem.
1014 2937 1069 2985 Iam
1086 2941 1169 2985 autern
1187 2942 1212 2985 et
1229 2942 1334 2986 senten·
1402 2940 1403 3001 j

210 3005 255 3065 tia,
273 3002 356 3065 credo,
374 3003 527 3053 commodior
545 3008 596 3064 eat;
614 3008 640 3052 et
656 3002 732 3053 verba
749 3005 806 3069 ipsa
823 3004 885 3054 adeo
902 3003 964 3053 trita
980 3008 1039 3054 sunt
1051 3003 1119 3069 apud
1133 3004 1243 3070 optimos
1255 3021 1335 3068 quos·
1402 3012 1403 3019 ’

210 3089 258 3136 que
277 3073 431 3137 Scriptores,
456 3075 485 3121 ut
508 3071 550 3121 vix
575 3070 696 3121 credibile
722 3072 768 3134 sit,
794 3089 845 3122 non
870 3077 960 3138 sponte
984 3088 1031 3122 sua
1054 3077 1079 3122 et
1103 3066 1265 3140 αὐτομάτως
1284 3073 1333 3123 snb

208 3142 313 3191 Horatii
330 3140 453 3190 adamum
471 3139 576 3190 venisse.
612 3141 673 3189 Rem
690 3140 772 3205 ipsam
790 3139 867 3190 habes
884 3140 951 3204 apud
970 3139 1085 3191 Curtium
1095 3140 1124 3202 V,
1135 3142 1175 3191 21.
1186 3141 1241 3202 [cli
1258 3141 1275 3207 ξ
1291 3143 1332 3205 13]
1402 3180 1403 3183 .

210 3208 344 3273 „Ventum
362 3214 421 3259 erat
439 3208 475 3258 ad
492 3210 544 3257 iter
557 3211 696 3274 perpetuis
714 3211 826 3258 obsitum
843 3207 960 3269 nivibus,
987 3224 1053 3273 quae
1076 3208 1190 3272 frigente
1214 3211 1254 3259 oie
1270 3210 1332 3273 gelu
1402 3224 1403 3235 ¹

212 3277 426 3327 udeuiuueraffl:
445 3281 471 3325 et
490 3276 547 3337 VII,
568 3277 607 3327 12.
626 3278 684 3339 [(1.3
703 3277 719 3342 §
738 3279 763 3338 5]
799 3276 896 3339 „Altae
912 3277 983 3326 nives
997 3281 1126 3342 premunt
1142 3282 1250 3341 turam,
1269 3277 1333 3342 gelu

210 3349 236 3394 ct
249 3349 380 3410 perpetuo
398 3347 490 3409 nigore
508 3346 691 3394 constrictae.“
726 3343 778 3393 Ubi
794 3344 834 3394 bis
851 3345 921 3394 vides
939 3347 1012 3394 nicee
1027 3345 1092 3409 gelu
1110 3347 1282 3409 constrictae,
1302 3352 1333 3396 ut

208 3412 252 3462 hic
269 3413 375 3475 Noster,
399 3415 472 3461 nicee
487 3412 552 3477 gelu
570 3412 688 3462 decretae.
723 3412 806 3462 Verba
828 3417 913 3463 autem
937 3412 1038 3478 saepius
1063 3417 1211 3474 occurrunt3
1235 3412 1331 3478 Virgil.

209 3481 271 3529 Aen.
289 3479 336 3543 IX,
354 3482 412 3532 604.
447 3480 570 3544 „Duarum
588 3481 620 3530 ab
638 3483 722 3545 stirpe
737 3496 839 3544 gennu5
863 3486 941 3530 nator
959 3481 996 3531 ed
1011 3482 1124 3542 flumina
1140 3483 1259 3545 primum
1276 3482 1332 3532 De·
1402 3512 1403 3519 κ

209 3548 330 3611 semusta,
353 3563 482 3613 saccoque
504 3548 563 3613 gelu
581 3547 698 3597 duremus
717 3556 742 3597 et
759 3548 867 3598 undie.“
902 3548 999 3598 Statius
1016 3548 1109 3599 Achill.
1128 3549 1162 3608 11,
1182 3551 1239 3600 392.
1275 3549 1333 3610 „Et
1402 3548 1403 3595 T

207 3616 279 3679 ferni
293 3621 454 3681 properatur
472 3632 555 3679 amon,
574 3616 712 3681 durataque
729 3617 812 3666 miella
831 3616 892 3667 Sole
909 3617 1017 3681 geluque
1037 3618 1131 3667 metie.“
1154 3616 1236 3666 Valer.
1255 3617 1331 3668 Flac-

208 3702 253 3735 cus
271 3686 305 3746 lI,
318 3686 372 3735 151.
389 3710 394 3721 =
411 3686 483 3747 „iam
501 3685 570 3734 lactc
585 3685 683 3746 serino,
702 3684 759 3736 lam
776 3687 863 3735 uerrict
879 3685 970 3734 durata
986 3685 1072 3748 gelu.“
1094 3684 1192 3734 Gellius
1209 3684 1292 3747 XVII,
1305 3688 1329 3739 8.

209 3754 235 3819 [5
257 3755 297 3816 16]
333 3746 406 3814 „Cur
422 3753 566 3819 {luvicrum
584 3757 664 3817 utque
680 3752 797 3812 fontium
814 3768 900 3818 aquae
916 3752 976 3817 gelu
993 3752 1129 3813 durentur,
1147 3767 1222 3803 marc
1239 3759 1330 3804 autem
1402 3752 1403 3757 ’

208 3819 403 3886 incongelabile
426 3821 488 3871 eit.“
522 3819 661 3887 [Eumenii]
685 3820 855 3886 Panegyricus
887 3821 919 3870 ad
942 3820 1137 3871 Constantinum
1162 3823 1227 3883 [cd
1251 3824 1329 3886 §lh

207 3889 298 3955 „Quid
321 3891 461 3938 immanem
489 3888 700 3953 multitudinem,
727 3904 806 3954 qnam
832 3888 936 3938 duratus
960 3888 1019 3953 gelu
1041 3888 1148 3939 lincunt
1172 3888 1330 3940 illumanatss‘
1402 3930 1403 3939 .

208 3958 355 4007 Ammianus
373 3955 485 4006 Marcell.
495 3954 550 4017 XV,
561 3957 599 4007 12.
620 3956 646 4021 [§
657 3959 681 4019 3]
717 3956 964 4020 „annuumque
982 3960 1067 4007 amara
1085 3962 1158 4008 actae
1175 3956 1328 4022 (Gallorum)
1402 3998 1403 4019 ,

209 4029 360 4091 aptissima,
385 4024 444 4088 gelu
462 4024 558 4074 duratis
576 4026 688 4074 armeus
706 4030 732 4074 et
749 4025 839 4075 laboro
857 4023 991 4075 assiduo.“
1025 4026 1064 4076 Ita
1082 4025 1167 4075 eodem
1187 4040 1261 4074 sensu
1279 4025 1330 4075 du·
1402 4046 1403 4091 q

209 4099 284 4143 ratur
301 4094 413 4157 frigere.
434 4095 547 4159 pruinis,
564 4092 661 4155 glacie,
679 4095 779 4157 rigore.
814 4091 952 4142 Columella
969 4092 1013 4142 lib.
1023 4092 1054 4142 X.
1066 4096 1098 4155 [v.
1108 4094 1152 4155 86]
1169 4092 1329 4158 ,‚Deueaquc
1402 4132 1403 4155 ,

208 4162 262 4210 iam
279 4161 386 4225 pluuiis,
404 4160 543 4225 durataque
560 4175 663 4209 summa
679 4161 779 4226 pruinis
797 4160 923 4225 Aequora
941 4160 1026 4210 dulcia
1044 4162 1144 4211 tremi.“
1167 4159 1239 4210 Ovid.
1250 4163 1326 4212 Pont.
1402 4160 1403 4219 l

209 4226 253 4290 IV,
272 4230 296 4278 9.
318 4230 350 4290 [v.
368 4229 410 4289 85]
445 4228 588 4293 „Mentium
607 4242 643 4278 au
661 4232 735 4278 cocat
751 4228 856 4278 duratus
873 4228 967 4292 frigore
982 4231 1106 4293 pontue.“
1124 4229 1201 4278 Silius
1211 4229 1267 4278 Ital.
1276 4229 1326 4279 Ill.
1402 4238 1403 4255 ¹
