2840 4762
489 248 689 297 PRAEFATIO.
1102 250 1149 297 XV

69 408 104 453 ue
115 392 281 462 versarint,
291 404 449 467 quemque
462 383 548 449 intus
565 390 597 450 et
608 383 641 448 in
651 389 722 449 cute
737 403 772 449 se
788 383 917 450 novisse
928 383 1049 470 opinati
1065 389 1149 462 sunt,

69 491 89 549 rt
97 485 154 549 iam
162 482 396 563 mendadetegi
405 488 451 546 tot
459 481 601 549 absurda
613 500 774 564 sensuque
786 481 1150 564 cassaredargni‚quasi

69 582 206 648 ruricium
222 580 283 647 sibi
297 580 418 646 lactum
432 579 734 666 interpretabuntur.
763 580 886 645 Horum
902 598 963 661 ego
978 585 1013 644 ut
1024 579 1151 664 praein-

69 682 120 745 ioio
139 687 168 745 et
188 672 333 764 ἀνθολκῇ
348 695 560 758 occurrerem3
583 677 655 743 fuse
670 677 824 762 pleraque
839 682 872 742 et
885 676 1008 762 prolixe
1023 681 1152 762 praeter

69 796 152 842 orem
159 775 301 842 meumin
312 773 570 840 adnotationibus
581 773 716 840 deduxi:
732 774 825 841 utvel
836 774 1040 856 indignantes
1050 793 1089 838 ao
1100 793 1150 840 ro·

69 879 186 939 rotantes
207 893 278 938 cnm
293 871 452 937 rationum
466 872 607 958 pondere
623 878 690 937 turn
705 873 921 958 exemplorum
942 891 1074 937 numero
1094 871 1150 936 ob·

69 991 165 1051 rerem,
186 970 280 1053 inque
294 988 399 1034 meam
414 971 544 1035 tandem
559 970 748 1037 sententiam
771 970 822 1036 vel
844 970 969 1034 obtorto
990 989 1047 1035 eos
1068 969 1150 1034 collo

69 1069 197 1134 aherem.
239 1067 307 1132 Hoc
328 1086 408 1149 rogo
429 1067 462 1131 in
485 1067 638 1134 memoria
658 1066 777 1133 lrabeat
807 1066 960 1132 eruditior
981 1069 1095 1132 Lector
1117 1074 1150 1133 et

69 1167 171 1245 entior3
193 1164 349 1248 siquando
371 1164 463 1243 forte,
486 1183 558 1230 cum
580 1164 706 1231 duobus
726 1164 834 1230 verbis
855 1184 921 1230 rem
937 1165 1077 1250 pervinoi
1091 1184 1149 1250 po-

71 1264 134 1331 isse
153 1270 250 1349 putet,
272 1263 431 1344 exlongo
453 1268 556 1327 tractu
577 1261 793 1328 adnotationis
814 1261 980 1329 fastidium
1002 1282 1075 1327 eum
1098 1281 1149 1329 ce·

69 1362 125 1426 erit.
159 1361 230 1427 Non
252 1380 324 1425 raro
345 1367 453 1424 tamen
476 1359 572 1424 etiam
594 1359 672 1424 data
686 1378 784 1445 opera
800 1358 924 1424 brevior
946 1361 1149 1425 contractior·

69 1480 97 1524 re
117 1459 177 1537 lui;
207 1457 324 1544 partim
346 1456 453 1523 taedio
476 1463 511 1522 ut
532 1456 601 1521 fieri
624 1457 705 1523 solet
725 1456 834 1521 furtim
863 1457 1045 1543 obrepente,
1075 1479 1149 1543 par·

69 1579 89 1620 n
111 1556 251 1622 consulto
272 1556 393 1622 viribus
414 1573 550 1639 parcens
580 1561 612 1620 ct
640 1554 776 1636 quaein
798 1561 925 1640 promtu
953 1556 1030 1620 mibi
1059 1562 1150 1621 erant

69 1674 110 1720 res
132 1653 353 1721 dissimulans:
381 1659 417 1718 ut
444 1672 485 1718 ne
518 1652 637 1734 ubique
657 1651 784 1717 iudiciis
812 1652 974 1718 hominurn
1005 1653 1151 1720 diffidere

69 1752 166 1823 deren
196 1757 295 1833 utque
324 1750 431 1817 stolidi
455 1758 487 1816 et
514 1750 557 1815 ad
579 1750 831 1836 depugnandum
859 1750 963 1836 parati
991 1770 1026 1815 se
1047 1750 1081 1815 in
1103 1751 1150 1816 la·

69 1869 131 1914 reos
159 1848 359 1934 inopinantes
386 1848 571 1923 induerent,
603 1848 703 1913 risum
730 1847 902 1930 iocumque
930 1849 1151 1915 nasutioribus

69 1946 144 2011 turi.
189 1946 440 2029 Qualiscumque
461 1965 536 2010 vero
559 1944 639 2009 haec
662 1952 746 2019 sunt,
767 1945 898 2011 aestivis
921 1952 1042 2009 tantum
1062 1966 1150 2011 men·

69 2065 120 2109 rus
149 2043 206 2120 (ita
233 2049 339 2108 tamen
369 2051 404 2108 nt
433 2063 495 2108 uno
524 2042 688 2125 alteroque
716 2043 843 2108 biennio
873 2042 990 2108 luerint
1017 2063 1152 2128 prorsus

69 2141 221 2217 ermissa)
251 2146 283 2204 et
309 2141 412 2225 primo
434 2141 556 2226 impetu
577 2159 616 2204 ac
637 2140 743 2206 calore
765 2140 833 2205 sine
855 2140 932 2204 lima
954 2140 1078 2206 curisve
1101 2160 1151 2206 se·

68 2240 141 2306 ndis
156 2237 325 2321 descripta,
342 2237 388 2304 sic
402 2237 533 2302 madida
548 2238 615 2304 lere
630 2237 739 2302 charta
755 2242 803 2311 (ut
813 2237 929 2302 nemini
941 2238 992 2303 hic
1006 2259 1150 2305 meorum

69 2357 89 2400 n
113 2334 401 2421 compertissimum
423 2341 484 2411 ast)
506 2335 548 2400 ad
571 2333 791 2420 typographos
814 2334 1047 2401 deferebantur.
1086 2338 1151 2402 Ne·

69 2454 90 2498 e
113 2434 196 2498 enim
219 2440 276 2498 aut
297 2431 422 2500 animus
443 2438 501 2497 aut
522 2431 621 2496 otium
642 2436 712 2496 erat
733 2431 923 2498 calamistris
937 2432 993 2498 illa
1006 2434 1151 2513 inurere;

69 2552 85 2596 o
107 2530 188 2596 tanti
210 2531 341 2597 emerim
363 2530 503 2597 ieiunam
524 2529 612 2594 illam
634 2529 789 2594 obscurae
805 2528 990 2611 diligentiae
1004 2530 1150 2611 laudem3

85 2629 231 2714 pudebat
253 2634 419 2714 praeterea
440 2625 536 2707 nugis
566 2625 745 2710 calamique
772 2627 898 2694 lusibus
919 2628 1045 2714 pondus
1068 2631 1151 2695 velle

69 2727 156 2805 dere,
180 2733 213 2791 et
235 2723 293 2790 ἐπὶ
314 2727 401 2811 φακῇ
424 2725 511 2808 quod
531 2724 622 2789 alunt
635 2723 754 2807 μύρονε
778 2726 824 2792 sic
846 2732 961 2804 tamen,
985 2728 1030 2793 uti
1046 2747 1151 2812 spero,

72 2844 134 2890 nee
150 2823 309 2890 sermonis
323 2823 505 2909 puritatem,
527 2841 587 2887 nec
601 2821 721 2889 ordinis
736 2823 855 2902 lumen,
874 2844 977 2908 neque
992 2825 1151 2890 rationum

69 2943 86 2985 n
120 2928 154 2987 et
188 2920 449 3007 perspicuitatem
482 2921 533 2986 vel
565 2919 598 2984 in
636 2919 686 2985 his
719 2914 944 3001 αὐτοσχεδίοις
977 2923 1150 2989 desideres.

69 3040 122 3084 rro
145 3026 267 3096 autem,
296 3026 331 3083 nt
362 3018 446 3086 scias
469 3017 585 3099 quibus
607 3017 721 3104 opibus
749 3018 923 3086 instructus
951 3021 1151 3105 periculosae

69 3117 95 3181 ic
129 3136 184 3181 me
214 3134 332 3201 operae
359 3114 565 3194 accinxerim3
595 3121 723 3200 praeter
749 3124 895 3182 vetustos
922 3117 996 3183 illos
1025 3117 1152 3183 codices

69 3217 172 3290 abeno,
196 3214 368 3296 Polmcauq
393 3215 529 3295 Craqarr'o,
556 3213 713 3287 Temeraria,
737 3215 921 3291 Bersmarrao,
938 3216 1040 3287 Statio,
1064 3214 1152 3280 aliis·

69 3332 81 3377 e
105 3316 257 3377 versatos
279 3311 354 3374 olim
377 3317 409 3376 et
430 3329 599 3387 excussos,
630 3311 765 3376 aderant
786 3317 818 3377 et
842 3312 920 3376 mibi
947 3313 1152 3378 Membranae

70 3428 149 3476 eres
173 3407 305 3472 minime
326 3407 548 3493 poenitendae.
591 3409 851 3475 Vetustissimum
882 3418 960 3476 sane
989 3412 1153 3497 exemplar

69 3526 181 3571 rorum
211 3504 432 3584 laudenses,
462 3505 512 3570 eui
541 3511 646 3570 tamen
669 3507 884 3592 Epistularum
909 3514 941 3572 et
963 3509 1152 3574 Sermonum

69 3626 94 3670 s
119 3622 246 3684 magna
268 3602 394 3679 deerat,
424 3601 640 3688 suppeditavit
663 3610 695 3669 et
715 3605 777 3669 huo
797 3611 901 3671 trans·
918 3608 927 3686 ll
944 3605 1031 3670 misit
1059 3626 1152 3692 prae·
1178 3629 1208 3685 p.
1222 3629 1294 3686 xqu

69 3700 246 3767 ntissimus
271 3701 409 3764 draeor'ur
432 3693 449 3762 ὁ
471 3696 668 3785 μακαρίτηςς
697 3708 771 3788 post
792 3702 881 3769 cuius
903 3702 1022 3768 obitum
1045 3702 1077 3767 in
1101 3702 1152 3767 Bi·

68 3799 221 3864 ithecam
236 3799 417 3861 Sereuissirrri
436 3799 573 3861 Electoris
589 3799 717 3862 Palatr'ni
734 3820 804 3864 eum
828 3801 951 3883 reliqua
973 3801 1043 3867 eius
1058 3801 1154 3866 libra·

90 3895 302 3982 supellectile
329 3895 495 3961 concessit.
532 3896 675 3960 Alterum
707 3897 857 3983 supparis
879 3898 995 3964 aetatis
1017 3898 1051 3963 in
1071 3898 1152 3964 Bibl.

69 3999 151 4059 lensi
173 3993 354 4058 contulerat
376 3986 394 4056 ὁ
416 3991 650 4079 κριτικώτατος
666 3995 801 4058 Nicotaus
815 3997 960 4073 Heinsius,
984 4003 1019 4061 ut
1041 4003 1073 4062 et
1095 3999 1153 4061 Zu-

69 4099 230 4156 amictuum
251 4110 406 4155 annorum
423 4109 487 4156 nc:
511 4110 643 4172 quorum
667 4091 773 4157 varias
801 4092 952 4159 lectiones
975 4093 1152 4180 descriptas

69 4212 114 4255 nu
138 4190 268 4265 Haterii,
297 4188 485 4254 coniecturis
508 4207 633 4271 quoque
655 4189 724 4255 eius
745 4189 918 4255 identidem
945 4190 1152 4276 interpositis,
