<?xml version="1.0" encoding="UTF-8"?>
<!DOCTYPE html PUBLIC "-//W3C//DTD XHTML 1.0 Transitional//EN"
    "http://www.w3.org/TR/xhtml1/DTD/xhtml1-transitional.dtd">
<html xmlns="http://www.w3.org/1999/xhtml" xml:lang="en" lang="en">
 <head>
  <title>
</title>
<meta http-equiv="Content-Type" content="text/html;charset=utf-8" />
  <meta name='ocr-system' content='tesseract 3.04.00' />
  <meta name='ocr-capabilities' content='ocr_page ocr_carea ocr_par ocr_line ocrx_word'/>
</head>
<body>
  <div class='ocr_page' id='page_1' title='image "./qhoratiusflaccu02bentgoog_0129.png"; bbox 0 0 2818 4758; ppageno 0'>
   <div class='ocr_carea' id='block_1_1' title="bbox 208 194 938 265">
    <p class='ocr_par' dir='ltr' id='par_1_1' title="bbox 208 194 938 265">
     <span class='ocr_line' id='line_1_1' title="bbox 208 194 938 265; baseline -0.007 -8"><span class='ocrx_word' id='word_1_1' title='bbox 208 194 269 257; x_wconf 75' lang='lat'><strong>146</strong></span> <span class='ocrx_word' id='word_1_2' title='bbox 597 206 630 265; x_wconf 77' lang='lat' dir='ltr'><strong>o.</strong></span> <span class='ocrx_word' id='word_1_3' title='bbox 651 205 794 252; x_wconf 77' lang='lat' dir='ltr'><strong>aonam</strong></span> <span class='ocrx_word' id='word_1_4' title='bbox 813 204 938 253; x_wconf 75' lang='grc' dir='ltr'>ιιιοιι</span> 
     </span>
    </p>
   </div>
   <div class='ocr_carea' id='block_1_2' title="bbox 205 337 1359 4208">
    <p class='ocr_par' dir='ltr' id='par_1_2' title="bbox 205 337 1359 4208">
     <span class='ocr_line' id='line_1_2' title="bbox 206 337 1327 406; baseline -0.004 -15"><span class='ocrx_word' id='word_1_5' title='bbox 206 341 299 406; x_wconf 63' lang='lat' dir='ltr'><strong>mis,</strong></span> <span class='ocrx_word' id='word_1_6' title='bbox 316 339 503 391; x_wconf 78' lang='lat' dir='ltr'><strong>sedFaeminne</strong></span> <span class='ocrx_word' id='word_1_7' title='bbox 510 344 816 396; x_wconf 69' lang='lat' dir='ltr'><strong>uomenemsutumant,</strong></span> <span class='ocrx_word' id='word_1_8' title='bbox 832 338 924 402; x_wconf 82' lang='lat' dir='ltr'><strong>cupide</strong></span> <span class='ocrx_word' id='word_1_9' title='bbox 941 338 1114 403; x_wconf 85' lang='lat' dir='ltr'><strong>arripuerunt,</strong></span> <span class='ocrx_word' id='word_1_10' title='bbox 1130 337 1206 388; x_wconf 83' lang='lat' dir='ltr'><strong>veriti</strong></span> <span class='ocrx_word' id='word_1_11' title='bbox 1214 353 1245 387; x_wconf 90' lang='lat' dir='ltr'><strong>ne</strong></span> <span class='ocrx_word' id='word_1_12' title='bbox 1256 337 1327 388; x_wconf 89' lang='lat' dir='ltr'><strong>illud</strong></span> 
     </span>
     <span class='ocr_line' id='line_1_3' title="bbox 207 405 1325 474; baseline -0.004 -15"><span class='ocrx_word' id='word_1_13' title='bbox 207 409 315 458; x_wconf 79' lang='lat' dir='ltr'><strong>alterum</strong></span> <span class='ocrx_word' id='word_1_14' title='bbox 330 408 479 459; x_wconf 72' lang='lat' dir='ltr'><strong>deHuliere</strong></span> <span class='ocrx_word' id='word_1_15' title='bbox 495 407 547 457; x_wconf 83' lang='lat' dir='ltr'><strong>dici</strong></span> <span class='ocrx_word' id='word_1_16' title='bbox 564 424 617 457; x_wconf 90' lang='lat' dir='ltr'><strong>nou</strong></span> <span class='ocrx_word' id='word_1_17' title='bbox 624 407 714 474; x_wconf 79' lang='lat' dir='ltr'><strong>poerit.</strong></span> <span class='ocrx_word' id='word_1_18' title='bbox 732 407 782 456; x_wconf 81' lang='lat' dir='ltr'><strong>Sed</strong></span> <span class='ocrx_word' id='word_1_19' title='bbox 799 408 861 456; x_wconf 84' lang='lat' dir='ltr'><strong>baec</strong></span> <span class='ocrx_word' id='word_1_20' title='bbox 877 421 942 455; x_wconf 81' lang='lat' dir='ltr'><strong>sana</strong></span> <span class='ocrx_word' id='word_1_21' title='bbox 959 406 1067 456; x_wconf 77' lang='lat' dir='ltr'><strong>formido</strong></span> <span class='ocrx_word' id='word_1_22' title='bbox 1084 412 1130 456; x_wconf 80' lang='lat' dir='ltr'><strong>est</strong></span> <span class='ocrx_word' id='word_1_23' title='bbox 1155 405 1252 455; x_wconf 76' lang='lat' dir='ltr'><strong>Statius</strong></span> <span class='ocrx_word' id='word_1_24' title='bbox 1262 406 1325 456; x_wconf 78' lang='lat' dir='ltr'><strong>silv.</strong></span> 
     </span>
     <span class='ocr_line' id='line_1_4' title="bbox 207 473 1325 540; baseline -0.001 -14"><span class='ocrx_word' id='word_1_25' title='bbox 207 478 242 538; x_wconf 82' lang='grc' dir='ltr'><strong>ΙΙ,</strong></span> <span class='ocrx_word' id='word_1_26' title='bbox 253 480 274 528; x_wconf 89' lang='lat' dir='ltr'><strong>l.</strong></span> <span class='ocrx_word' id='word_1_27' title='bbox 285 478 370 540; x_wconf 62' lang='lat' dir='ltr'><strong>[vet]</strong></span> <span class='ocrx_word' id='word_1_28' title='bbox 397 476 488 540; x_wconf 62' lang='grc' dir='ltr'><strong>»Μ</strong></span> <span class='ocrx_word' id='word_1_29' title='bbox 503 476 620 536; x_wconf 75' lang='lat' dir='ltr'><strong>reserans</strong></span> <span class='ocrx_word' id='word_1_30' title='bbox 635 475 754 525; x_wconf 82' lang='lat' dir='ltr'><strong>altricum</strong></span> <span class='ocrx_word' id='word_1_31' title='bbox 771 477 854 524; x_wconf 77' lang='lat' dir='ltr'><strong>ciclos</strong></span> <span class='ocrx_word' id='word_1_32' title='bbox 868 477 969 540; x_wconf 78' lang='lat' dir='ltr'><strong>pictate</strong></span> <span class='ocrx_word' id='word_1_33' title='bbox 982 476 1147 539; x_wconf 78' lang='lat' dir='ltr'><strong>parentes?“</strong></span> <span class='ocrx_word' id='word_1_34' title='bbox 1169 473 1325 526; x_wconf 80' lang='lat' dir='ltr'><strong>Idem&#39;sheb.</strong></span> 
     </span>
     <span class='ocr_line' id='line_1_5' title="bbox 205 541 1322 608; baseline -0.008 -10"><span class='ocrx_word' id='word_1_35' title='bbox 205 546 294 599; x_wconf 70' lang='lat' dir='ltr'><strong>usco.</strong></span> <span class='ocrx_word' id='word_1_36' title='bbox 316 543 468 607; x_wconf 65' lang='lat' dir='ltr'><strong>„Nm</strong></span> <span class='ocrx_word' id='word_1_37' title='bbox 485 545 551 593; x_wconf 71' lang='lat' dir='ltr'><strong>haee</strong></span> <span class='ocrx_word' id='word_1_38' title='bbox 566 544 652 604; x_wconf 76' lang='lat' dir='ltr'><strong>altrix,</strong></span> <span class='ocrx_word' id='word_1_39' title='bbox 669 543 761 593; x_wconf 72' lang='lat' dir='ltr'><strong>erden</strong></span> <span class='ocrx_word' id='word_1_40' title='bbox 775 542 906 604; x_wconf 61' lang='lat' dir='ltr'><strong>fidissima</strong></span> <span class='ocrx_word' id='word_1_41' title='bbox 924 544 1037 592; x_wconf 76' lang='lat' dir='ltr'><strong>custos.“</strong></span> <span class='ocrx_word' id='word_1_42' title='bbox 1060 544 1157 593; x_wconf 87' lang='lat' dir='ltr'><strong>Seneca</strong></span> <span class='ocrx_word' id='word_1_43' title='bbox 1172 541 1322 608; x_wconf 79' lang='lat' dir='ltr'><strong>Hippolyto.</strong></span> 
     </span>
     <span class='ocr_line' id='line_1_6' title="bbox 206 609 1329 676; baseline -0.004 -11"><span class='ocrx_word' id='word_1_44' title='bbox 206 615 265 665; x_wconf 74' lang='lat'><strong>25⁰.</strong></span> <span class='ocrx_word' id='word_1_45' title='bbox 284 611 408 671; x_wconf 72' lang='lat' dir='ltr'><strong>(Phaedra</strong></span> <span class='ocrx_word' id='word_1_46' title='bbox 424 611 457 661; x_wconf 87' lang='lat' dir='ltr'><strong>ad</strong></span> <span class='ocrx_word' id='word_1_47' title='bbox 473 611 608 663; x_wconf 78' lang='lat' dir='ltr'><strong>nutricant</strong></span> <span class='ocrx_word' id='word_1_48' title='bbox 628 611 782 674; x_wconf 66' lang='lat' dir='ltr'><strong>„Parem</strong></span> <span class='ocrx_word' id='word_1_49' title='bbox 799 611 911 660; x_wconf 72' lang='lat' dir='ltr'><strong>alte-ief‘</strong></span> <span class='ocrx_word' id='word_1_50' title='bbox 927 615 953 659; x_wconf 86' lang='lat' dir='ltr'><strong>et</strong></span> <span class='ocrx_word' id='word_1_51' title='bbox 969 612 1029 662; x_wconf 79' lang='grc'><strong>358.</strong></span> <span class='ocrx_word' id='word_1_52' title='bbox 1061 611 1172 675; x_wconf 59' lang='lat' dir='ltr'><strong>„Altrim</strong></span> <span class='ocrx_word' id='word_1_53' title='bbox 1185 609 1329 676; x_wconf 75' lang='lat' dir='ltr'><strong>profare.“</strong></span> 
     </span>
     <span class='ocr_line' id='line_1_7' title="bbox 207 677 1328 746; baseline -0.003 -17"><span class='ocrx_word' id='word_1_54' title='bbox 207 680 354 746; x_wconf 71' lang='lat' dir='ltr'><strong>Propertius</strong></span> <span class='ocrx_word' id='word_1_55' title='bbox 362 680 408 740; x_wconf 88' lang='lat' dir='ltr'><strong>1v,</strong></span> <span class='ocrx_word' id='word_1_56' title='bbox 420 683 441 731; x_wconf 85' lang='lat' dir='ltr'><strong>l.</strong></span> <span class='ocrx_word' id='word_1_57' title='bbox 451 683 486 743; x_wconf 85' lang='lat' dir='ltr'><strong>[r.</strong></span> <span class='ocrx_word' id='word_1_58' title='bbox 496 681 539 742; x_wconf 73' lang='grc'><strong>38]</strong></span> <span class='ocrx_word' id='word_1_59' title='bbox 556 679 724 744; x_wconf 58' lang='lat' dir='ltr'><strong>‚pne-aim</strong></span> <span class='ocrx_word' id='word_1_60' title='bbox 738 677 853 729; x_wconf 79' lang='lat' dir='ltr'><strong>altricem</strong></span> <span class='ocrx_word' id='word_1_61' title='bbox 869 694 943 728; x_wconf 80' lang='lat' dir='ltr'><strong>nunc</strong></span> <span class='ocrx_word' id='word_1_62' title='bbox 956 679 1231 744; x_wconf 75' lang='lat' dir='ltr'><strong>pudeteerclupaua“</strong></span> <span class='ocrx_word' id='word_1_63' title='bbox 1249 678 1328 728; x_wconf 83' lang='lat' dir='ltr'><strong>Ovid.</strong></span> 
     </span>
     <span class='ocr_line' id='line_1_8' title="bbox 207 743 1328 812; baseline -0.003 -13"><span class='ocrx_word' id='word_1_64' title='bbox 207 749 309 799; x_wconf 68' lang='lat' dir='ltr'><strong>Metam.</strong></span> <span class='ocrx_word' id='word_1_65' title='bbox 318 747 366 808; x_wconf 79' lang='lat' dir='ltr'><strong>XI,</strong></span> <span class='ocrx_word' id='word_1_66' title='bbox 376 750 435 800; x_wconf 78' lang='grc'><strong>683.</strong></span> <span class='ocrx_word' id='word_1_67' title='bbox 461 747 579 810; x_wconf 68' lang='lat' dir='ltr'><strong>„Altrici</strong></span> <span class='ocrx_word' id='word_1_68' title='bbox 597 762 666 812; x_wconf 79' lang='lat' dir='ltr'><strong>puae</strong></span> <span class='ocrx_word' id='word_1_69' title='bbox 682 747 769 795; x_wconf 79' lang='lat' dir='ltr'><strong>lactus</strong></span> <span class='ocrx_word' id='word_1_70' title='bbox 786 762 868 795; x_wconf 79' lang='lat' dir='ltr'><strong>cam</strong></span> <span class='ocrx_word' id='word_1_71' title='bbox 883 750 1001 809; x_wconf 77' lang='lat' dir='ltr'><strong>roganti,</strong></span> <span class='ocrx_word' id='word_1_72' title='bbox 1020 743 1104 797; x_wconf 85' lang='lat' dir='ltr'><strong>Nulla</strong></span> <span class='ocrx_word' id='word_1_73' title='bbox 1121 753 1167 808; x_wconf 81' lang='lat' dir='ltr'><strong>erl,</strong></span> <span class='ocrx_word' id='word_1_74' title='bbox 1179 745 1328 811; x_wconf 74' lang='lat' dir='ltr'><strong><em>Halcyone,</em></strong></span> 
     </span>
     <span class='ocr_line' id='line_1_9' title="bbox 206 814 1329 879; baseline -0.004 -13"><span class='ocrx_word' id='word_1_75' title='bbox 206 817 284 866; x_wconf 79' lang='lat' dir='ltr'><strong>nullu</strong></span> <span class='ocrx_word' id='word_1_76' title='bbox 301 822 347 879; x_wconf 79' lang='lat' dir='ltr'><strong>esi,</strong></span> <span class='ocrx_word' id='word_1_77' title='bbox 365 818 432 867; x_wconf 83' lang='lat' dir='ltr'><strong>ait.“</strong></span> <span class='ocrx_word' id='word_1_78' title='bbox 463 815 562 865; x_wconf 81' lang='lat' dir='ltr'><strong>Poteris</strong></span> <span class='ocrx_word' id='word_1_79' title='bbox 578 816 667 879; x_wconf 83' lang='lat' dir='ltr'><strong>itaque</strong></span> <span class='ocrx_word' id='word_1_80' title='bbox 683 830 742 863; x_wconf 89' lang='lat' dir='ltr'><strong>cum</strong></span> <span class='ocrx_word' id='word_1_81' title='bbox 759 815 865 863; x_wconf 83' lang='lat' dir='ltr'><strong>vetustis</strong></span> <span class='ocrx_word' id='word_1_82' title='bbox 882 814 1034 863; x_wconf 74' lang='lat' dir='ltr'><strong>membranis</strong></span> <span class='ocrx_word' id='word_1_83' title='bbox 1052 815 1170 874; x_wconf 67' lang='lat' dir='ltr'><strong>ultricu3</strong></span> <span class='ocrx_word' id='word_1_84' title='bbox 1185 818 1329 878; x_wconf 83' lang='lat' dir='ltr'><strong>utcumque</strong></span> 
     </span>
     <span class='ocr_line' id='line_1_10' title="bbox 207 881 1329 949; baseline -0.002 -16"><span class='ocrx_word' id='word_1_85' title='bbox 207 884 348 949; x_wconf 82' lang='lat' dir='ltr'><strong>acceperis,</strong></span> <span class='ocrx_word' id='word_1_86' title='bbox 372 899 417 933; x_wconf 86' lang='lat' dir='ltr'><strong>seu</strong></span> <span class='ocrx_word' id='word_1_87' title='bbox 433 898 481 948; x_wconf 89' lang='lat' dir='ltr'><strong>pro</strong></span> <span class='ocrx_word' id='word_1_88' title='bbox 498 883 603 932; x_wconf 85' lang='lat' dir='ltr'><strong>muliere</strong></span> <span class='ocrx_word' id='word_1_89' title='bbox 620 882 733 943; x_wconf 84' lang='lat' dir='ltr'><strong>nutrice,</strong></span> <span class='ocrx_word' id='word_1_90' title='bbox 755 898 801 931; x_wconf 89' lang='lat' dir='ltr'><strong>seu</strong></span> <span class='ocrx_word' id='word_1_91' title='bbox 821 897 869 947; x_wconf 87' lang='lat' dir='ltr'><strong>pro</strong></span> <span class='ocrx_word' id='word_1_92' title='bbox 885 887 954 930; x_wconf 87' lang='lat' dir='ltr'><strong>terra</strong></span> <span class='ocrx_word' id='word_1_93' title='bbox 969 881 1066 931; x_wconf 78' lang='lat' dir='ltr'><strong>altrice.</strong></span> <span class='ocrx_word' id='word_1_94' title='bbox 1101 882 1151 932; x_wconf 85' lang='lat' dir='ltr'><strong>Sed</strong></span> <span class='ocrx_word' id='word_1_95' title='bbox 1168 881 1228 931; x_wconf 84' lang='lat' dir='ltr'><strong>vide</strong></span> <span class='ocrx_word' id='word_1_96' title='bbox 1243 881 1329 931; x_wconf 85' lang='lat' dir='ltr'><strong>locum</strong></span> 
     </span>
     <span class='ocr_line' id='line_1_11' title="bbox 208 949 1331 1016; baseline -0.003 -14"><span class='ocrx_word' id='word_1_97' title='bbox 208 957 304 1013; x_wconf 89' lang='lat' dir='ltr'><strong>totum,</strong></span> <span class='ocrx_word' id='word_1_98' title='bbox 328 951 389 1014; x_wconf 87' lang='lat' dir='ltr'><strong>„lle</strong></span> <span class='ocrx_word' id='word_1_99' title='bbox 404 951 544 1011; x_wconf 79' lang='lat' dir='ltr'><strong>subulam</strong></span> <span class='ocrx_word' id='word_1_100' title='bbox 560 949 676 1000; x_wconf 77' lang='lat' dir='ltr'><strong>Vultus-e</strong></span> <span class='ocrx_word' id='word_1_101' title='bbox 691 953 722 999; x_wconf 81' lang='lat' dir='ltr'><strong>ia</strong></span> <span class='ocrx_word' id='word_1_102' title='bbox 737 950 846 1016; x_wconf 77' lang='lat' dir='ltr'><strong>Appula</strong></span> <span class='ocrx_word' id='word_1_103' title='bbox 852 987 861 1014; x_wconf 94' lang='lat'><strong>,</strong></span> <span class='ocrx_word' id='word_1_104' title='bbox 877 949 992 999; x_wconf 71' lang='lat' dir='ltr'><strong>Alis-icit</strong></span> <span class='ocrx_word' id='word_1_105' title='bbox 1007 956 1086 1001; x_wconf 76' lang='lat' dir='ltr'><strong>enirn</strong></span> <span class='ocrx_word' id='word_1_106' title='bbox 1103 950 1185 1000; x_wconf 83' lang='lat' dir='ltr'><strong>limen</strong></span> <span class='ocrx_word' id='word_1_107' title='bbox 1201 950 1331 1014; x_wconf 75' lang='lat' dir='ltr'><strong>Apuliae,</strong></span> 
     </span>
     <span class='ocr_line' id='line_1_12' title="bbox 207 1016 1331 1083; baseline -0.004 -12"><span class='ocrx_word' id='word_1_108' title='bbox 207 1019 285 1070; x_wconf 83' lang='lat' dir='ltr'><strong>Ludo</strong></span> <span class='ocrx_word' id='word_1_109' title='bbox 301 1020 499 1083; x_wconf 50' lang='lat' dir='ltr'><strong>saepemque</strong></span> <span class='ocrx_word' id='word_1_110' title='bbox 514 1034 606 1069; x_wconf 82' lang='lat' dir='ltr'><strong>rosano</strong></span> <span class='ocrx_word' id='word_1_111' title='bbox 624 1017 731 1068; x_wconf 75' lang='lat' dir='ltr'><strong>Fronde</strong></span> <span class='ocrx_word' id='word_1_112' title='bbox 752 1033 823 1068; x_wconf 84' lang='lat' dir='ltr'><strong>noca</strong></span> <span class='ocrx_word' id='word_1_113' title='bbox 838 1033 953 1083; x_wconf 75' lang='lat' dir='ltr'><strong>pueram</strong></span> <span class='ocrx_word' id='word_1_114' title='bbox 968 1018 1104 1082; x_wconf 75' lang='lat' dir='ltr'><strong>palumbes</strong></span> <span class='ocrx_word' id='word_1_115' title='bbox 1124 1016 1251 1067; x_wconf 69' lang='lat' dir='ltr'><strong>Tenere.“</strong></span> <span class='ocrx_word' id='word_1_116' title='bbox 1273 1017 1331 1077; x_wconf 79' lang='lat' dir='ltr'><strong>ubi,</strong></span> 
     </span>
     <span class='ocr_line' id='line_1_13' title="bbox 207 1085 1327 1151; baseline -0.002 -14"><span class='ocrx_word' id='word_1_117' title='bbox 207 1094 238 1137; x_wconf 91' lang='lat' dir='ltr'><strong>ut</strong></span> <span class='ocrx_word' id='word_1_118' title='bbox 253 1089 305 1137; x_wconf 80' lang='lat' dir='ltr'><strong>iarn</strong></span> <span class='ocrx_word' id='word_1_119' title='bbox 321 1085 384 1148; x_wconf 83' lang='lat' dir='ltr'><strong>dixi,</strong></span> <span class='ocrx_word' id='word_1_120' title='bbox 400 1087 429 1136; x_wconf 90' lang='lat' dir='ltr'><strong>iu</strong></span> <span class='ocrx_word' id='word_1_121' title='bbox 446 1087 546 1136; x_wconf 69' lang='lat' dir='ltr'><strong>direrm</strong></span> <span class='ocrx_word' id='word_1_122' title='bbox 555 1085 651 1135; x_wconf 90' lang='lat' dir='ltr'><strong>abeunt</strong></span> <span class='ocrx_word' id='word_1_123' title='bbox 657 1087 819 1151; x_wconf 78' lang='lat' dir='ltr'><strong>Interpretea</strong></span> <span class='ocrx_word' id='word_1_124' title='bbox 845 1088 906 1136; x_wconf 81' lang='lat' dir='ltr'><strong>Pars</strong></span> <span class='ocrx_word' id='word_1_125' title='bbox 917 1086 1132 1150; x_wconf 76' lang='lat' dir='ltr'><strong>euimexponunt,</strong></span> <span class='ocrx_word' id='word_1_126' title='bbox 1149 1091 1229 1136; x_wconf 74' lang='lat' dir='ltr'><strong>aetra</strong></span> <span class='ocrx_word' id='word_1_127' title='bbox 1240 1085 1327 1146; x_wconf 79' lang='lat' dir='ltr'><strong>limen,</strong></span> 
     </span>
     <span class='ocr_line' id='line_1_14' title="bbox 208 1151 1332 1219; baseline -0.003 -14"><span class='ocrx_word' id='word_1_128' title='bbox 208 1156 261 1206; x_wconf 84' lang='lat' dir='ltr'><strong>sire</strong></span> <span class='ocrx_word' id='word_1_129' title='bbox 277 1156 365 1218; x_wconf 75' lang='lat' dir='ltr'><strong>finem,</strong></span> <span class='ocrx_word' id='word_1_130' title='bbox 384 1157 525 1204; x_wconf 70' lang='lat' dir='ltr'><strong>minum</strong></span> <span class='ocrx_word' id='word_1_131' title='bbox 539 1153 760 1219; x_wconf 74' lang='lat' dir='ltr'><strong>terraeApuls&#39;ae3</strong></span> <span class='ocrx_word' id='word_1_132' title='bbox 777 1158 807 1202; x_wconf 90' lang='lat' dir='ltr'><strong>ut</strong></span> <span class='ocrx_word' id='word_1_133' title='bbox 820 1152 1016 1203; x_wconf 81' lang='lat' dir='ltr'><strong>limeuAeoliue</strong></span> <span class='ocrx_word' id='word_1_134' title='bbox 1024 1153 1090 1203; x_wconf 85' lang='lat' dir='ltr'><strong>dixit</strong></span> <span class='ocrx_word' id='word_1_135' title='bbox 1099 1151 1214 1203; x_wconf 86' lang='lat' dir='ltr'><strong>Valerius</strong></span> <span class='ocrx_word' id='word_1_136' title='bbox 1221 1152 1332 1202; x_wconf 73' lang='lat' dir='ltr'><strong>Haccus</strong></span> 
     </span>
     <span class='ocr_line' id='line_1_15' title="bbox 208 1221 1330 1286; baseline 0 -16"><span class='ocrx_word' id='word_1_137' title='bbox 208 1222 251 1284; x_wconf 79' lang='lat' dir='ltr'><strong>VI,</strong></span> <span class='ocrx_word' id='word_1_138' title='bbox 262 1225 320 1275; x_wconf 77' lang='lat'><strong>354.</strong></span> <span class='ocrx_word' id='word_1_139' title='bbox 343 1237 459 1286; x_wconf 75' lang='lat' dir='ltr'><strong>„mugeto</strong></span> <span class='ocrx_word' id='word_1_140' title='bbox 476 1222 559 1272; x_wconf 83' lang='lat' dir='ltr'><strong>ueluti</strong></span> <span class='ocrx_word' id='word_1_141' title='bbox 574 1237 634 1272; x_wconf 76' lang='lat' dir='ltr'><strong>rrae</strong></span> <span class='ocrx_word' id='word_1_142' title='bbox 651 1223 822 1271; x_wconf 61' lang='lat' dir='ltr'><strong>ausuum</strong></span> <span class='ocrx_word' id='word_1_143' title='bbox 833 1221 920 1285; x_wconf 79' lang='lat' dir='ltr'><strong>lpsr‘ra</strong></span> <span class='ocrx_word' id='word_1_144' title='bbox 931 1221 1033 1271; x_wconf 75' lang='lat' dir='ltr'><strong>Aeoliae</strong></span> <span class='ocrx_word' id='word_1_145' title='bbox 1049 1221 1186 1285; x_wconf 69' lang='lat' dir='ltr'><strong>frangunt</strong></span> <span class='ocrx_word' id='word_1_146' title='bbox 1199 1224 1231 1270; x_wconf 82' lang='lat' dir='ltr'><strong>in</strong></span> <span class='ocrx_word' id='word_1_147' title='bbox 1239 1221 1330 1270; x_wconf 87' lang='lat' dir='ltr'><strong>limine</strong></span> 
     </span>
     <span class='ocr_line' id='line_1_16' title="bbox 208 1287 1331 1355; baseline -0.004 -14"><span class='ocrx_word' id='word_1_148' title='bbox 208 1292 306 1341; x_wconf 66' lang='lat' dir='ltr'><strong>veneif‘</strong></span> <span class='ocrx_word' id='word_1_149' title='bbox 323 1290 374 1340; x_wconf 82' lang='lat' dir='ltr'><strong>Sed</strong></span> <span class='ocrx_word' id='word_1_150' title='bbox 390 1289 464 1355; x_wconf 83' lang='lat' dir='ltr'><strong>quale</strong></span> <span class='ocrx_word' id='word_1_151' title='bbox 480 1289 701 1353; x_wconf 86' lang='lat' dir='ltr'><strong>illudquaesoest,</strong></span> <span class='ocrx_word' id='word_1_152' title='bbox 718 1290 884 1339; x_wconf 86' lang='lat' dir='ltr'><strong>dormientem</strong></span> <span class='ocrx_word' id='word_1_153' title='bbox 900 1287 1155 1354; x_wconf 82' lang='lat' dir='ltr'><strong>inVultureAppuio</strong></span> <span class='ocrx_word' id='word_1_154' title='bbox 1166 1293 1242 1339; x_wconf 89' lang='lat' dir='ltr'><strong>extra</strong></span> <span class='ocrx_word' id='word_1_155' title='bbox 1251 1288 1331 1338; x_wconf 88' lang='lat' dir='ltr'><strong>limen</strong></span> 
     </span>
     <span class='ocr_line' id='line_1_17' title="bbox 208 1350 1333 1423; baseline -0.003 -14"><span class='ocrx_word' id='word_1_156' title='bbox 208 1359 342 1423; x_wconf 76' lang='lat' dir='ltr'><strong>Apuliae?</strong></span> <span class='ocrx_word' id='word_1_157' title='bbox 360 1373 444 1408; x_wconf 90' lang='lat' dir='ltr'><strong>nonne</strong></span> <span class='ocrx_word' id='word_1_158' title='bbox 461 1358 509 1408; x_wconf 85' lang='lat' dir='ltr'><strong>boc</strong></span> <span class='ocrx_word' id='word_1_159' title='bbox 526 1350 684 1407; x_wconf 76' lang='grc' dir='ltr'>ἇιόσταιιν</span> <span class='ocrx_word' id='word_1_160' title='bbox 699 1363 746 1417; x_wconf 87' lang='lat' dir='ltr'><strong>est,</strong></span> <span class='ocrx_word' id='word_1_161' title='bbox 763 1361 790 1407; x_wconf 90' lang='lat' dir='ltr'><strong>et</strong></span> <span class='ocrx_word' id='word_1_162' title='bbox 806 1373 891 1407; x_wconf 81' lang='grc' dir='ltr'>ιοιιιιιι</span> <span class='ocrx_word' id='word_1_163' title='bbox 907 1358 1023 1422; x_wconf 78' lang='lat' dir='ltr'><strong>pugnat?</strong></span> <span class='ocrx_word' id='word_1_164' title='bbox 1046 1357 1140 1420; x_wconf 82' lang='lat' dir='ltr'><strong>Utique</strong></span> <span class='ocrx_word' id='word_1_165' title='bbox 1156 1358 1180 1407; x_wconf 87' lang='lat' dir='ltr'><strong>si</strong></span> <span class='ocrx_word' id='word_1_166' title='bbox 1196 1357 1226 1406; x_wconf 89' lang='lat' dir='ltr'><strong>in</strong></span> <span class='ocrx_word' id='word_1_167' title='bbox 1243 1362 1333 1406; x_wconf 84' lang='lat' dir='ltr'><strong>moute</strong></span> 
     </span>
     <span class='ocr_line' id='line_1_18' title="bbox 208 1425 1332 1491; baseline -0.002 -15"><span class='ocrx_word' id='word_1_168' title='bbox 208 1426 326 1491; x_wconf 85' lang='lat' dir='ltr'><strong>Appnlo;</strong></span> <span class='ocrx_word' id='word_1_169' title='bbox 350 1431 404 1475; x_wconf 87' lang='lat' dir='ltr'><strong>tum</strong></span> <span class='ocrx_word' id='word_1_170' title='bbox 421 1428 495 1475; x_wconf 76' lang='lat' dir='ltr'><strong>intra</strong></span> <span class='ocrx_word' id='word_1_171' title='bbox 511 1425 620 1491; x_wconf 78' lang='lat' dir='ltr'><strong>Apuliae</strong></span> <span class='ocrx_word' id='word_1_172' title='bbox 636 1425 700 1475; x_wconf 84' lang='lat' dir='ltr'><strong>fines</strong></span> <span class='ocrx_word' id='word_1_173' title='bbox 716 1425 808 1486; x_wconf 82' lang='lat' dir='ltr'><strong>fuerit,</strong></span> <span class='ocrx_word' id='word_1_174' title='bbox 825 1441 926 1474; x_wconf 80' lang='lat' dir='ltr'><strong>necesse</strong></span> <span class='ocrx_word' id='word_1_175' title='bbox 942 1430 989 1475; x_wconf 86' lang='lat' dir='ltr'><strong>est.</strong></span> <span class='ocrx_word' id='word_1_176' title='bbox 1022 1425 1086 1488; x_wconf 85' lang='lat' dir='ltr'><strong>Sed,</strong></span> <span class='ocrx_word' id='word_1_177' title='bbox 1102 1429 1133 1475; x_wconf 93' lang='lat' dir='ltr'><strong>ut</strong></span> <span class='ocrx_word' id='word_1_178' title='bbox 1148 1425 1199 1474; x_wconf 91' lang='lat' dir='ltr'><strong>hoc</strong></span> <span class='ocrx_word' id='word_1_179' title='bbox 1216 1425 1332 1474; x_wconf 81' lang='lat' dir='ltr'><strong>nodoso</strong></span> 
     </span>
     <span class='ocr_line' id='line_1_19' title="bbox 208 1491 1334 1559; baseline -0.001 -16"><span class='ocrx_word' id='word_1_180' title='bbox 208 1493 353 1559; x_wconf 80' lang='lat' dir='ltr'><strong>expediant,</strong></span> <span class='ocrx_word' id='word_1_181' title='bbox 370 1492 444 1543; x_wconf 86' lang='lat' dir='ltr'><strong>aiunt</strong></span> <span class='ocrx_word' id='word_1_182' title='bbox 460 1491 591 1543; x_wconf 82' lang='lat' dir='ltr'><strong>Vulturem</strong></span> <span class='ocrx_word' id='word_1_183' title='bbox 607 1498 719 1542; x_wconf 62' lang='lat' dir='ltr'><strong>monum</strong></span> <span class='ocrx_word' id='word_1_184' title='bbox 735 1494 763 1542; x_wconf 89' lang='lat' dir='ltr'><strong>iu</strong></span> <span class='ocrx_word' id='word_1_185' title='bbox 780 1493 845 1558; x_wconf 80' lang='lat' dir='ltr'><strong>ipsis</strong></span> <span class='ocrx_word' id='word_1_186' title='bbox 862 1494 995 1557; x_wconf 79' lang='lat' dir='ltr'><strong>regionum</strong></span> <span class='ocrx_word' id='word_1_187' title='bbox 1011 1493 1129 1543; x_wconf 86' lang='lat' dir='ltr'><strong>confiniis</strong></span> <span class='ocrx_word' id='word_1_188' title='bbox 1146 1494 1240 1554; x_wconf 86' lang='lat' dir='ltr'><strong>situm,</strong></span> <span class='ocrx_word' id='word_1_189' title='bbox 1267 1492 1334 1542; x_wconf 86' lang='lat' dir='ltr'><strong>adeo</strong></span> 
     </span>
     <span class='ocr_line' id='line_1_20' title="bbox 208 1560 1333 1626; baseline -0.003 -14"><span class='ocrx_word' id='word_1_190' title='bbox 208 1567 239 1612; x_wconf 89' lang='lat' dir='ltr'><strong>ut</strong></span> <span class='ocrx_word' id='word_1_191' title='bbox 255 1577 313 1626; x_wconf 87' lang='lat' dir='ltr'><strong>pars</strong></span> <span class='ocrx_word' id='word_1_192' title='bbox 330 1562 385 1611; x_wconf 90' lang='lat' dir='ltr'><strong>eius</strong></span> <span class='ocrx_word' id='word_1_193' title='bbox 394 1560 510 1625; x_wconf 87' lang='lat' dir='ltr'><strong>Apuliae,</strong></span> <span class='ocrx_word' id='word_1_194' title='bbox 527 1561 723 1626; x_wconf 88' lang='lat' dir='ltr'><strong>parsLueaniae</strong></span> <span class='ocrx_word' id='word_1_195' title='bbox 740 1561 928 1611; x_wconf 74' lang='lat' dir='ltr'><strong>asscriberetur.</strong></span> <span class='ocrx_word' id='word_1_196' title='bbox 945 1560 1019 1616; x_wconf 80' lang='lat' dir='ltr'><strong>Quod</strong></span> <span class='ocrx_word' id='word_1_197' title='bbox 1036 1577 1066 1610; x_wconf 81' lang='lat' dir='ltr'><strong>ex</strong></span> <span class='ocrx_word' id='word_1_198' title='bbox 1083 1561 1261 1626; x_wconf 84' lang='lat' dir='ltr'><strong>ipsoHoratio</strong></span> <span class='ocrx_word' id='word_1_199' title='bbox 1279 1560 1333 1609; x_wconf 92' lang='lat' dir='ltr'><strong>col-</strong></span> 
     </span>
     <span class='ocr_line' id='line_1_21' title="bbox 208 1628 1334 1693; baseline 0.001 -16"><span class='ocrx_word' id='word_1_200' title='bbox 208 1630 308 1693; x_wconf 71' lang='lat' dir='ltr'><strong>ligunt:</strong></span> <span class='ocrx_word' id='word_1_201' title='bbox 325 1630 370 1693; x_wconf 88' lang='lat' dir='ltr'><strong>qui</strong></span> <span class='ocrx_word' id='word_1_202' title='bbox 378 1629 525 1691; x_wconf 85' lang='lat' dir='ltr'><strong>Venusiam,</strong></span> <span class='ocrx_word' id='word_1_203' title='bbox 542 1629 665 1693; x_wconf 87' lang='lat' dir='ltr'><strong>oppidum</strong></span> <span class='ocrx_word' id='word_1_204' title='bbox 681 1629 763 1678; x_wconf 88' lang='lat' dir='ltr'><strong>monti</strong></span> <span class='ocrx_word' id='word_1_205' title='bbox 779 1629 840 1679; x_wconf 89' lang='lat' dir='ltr'><strong>hnic</strong></span> <span class='ocrx_word' id='word_1_206' title='bbox 857 1629 1007 1693; x_wconf 81' lang='lat' dir='ltr'><strong>proximum,</strong></span> <span class='ocrx_word' id='word_1_207' title='bbox 1024 1631 1121 1678; x_wconf 90' lang='lat' dir='ltr'><strong>nescire</strong></span> <span class='ocrx_word' id='word_1_208' title='bbox 1135 1645 1163 1678; x_wconf 91' lang='lat' dir='ltr'><strong>ee</strong></span> <span class='ocrx_word' id='word_1_209' title='bbox 1178 1628 1223 1689; x_wconf 89' lang='lat' dir='ltr'><strong>ait,</strong></span> <span class='ocrx_word' id='word_1_210' title='bbox 1243 1632 1334 1678; x_wconf 87' lang='lat' dir='ltr'><strong>utrum</strong></span> 
     </span>
     <span class='ocr_line' id='line_1_22' title="bbox 208 1695 1333 1761; baseline -0.002 -14"><span class='ocrx_word' id='word_1_211' title='bbox 208 1698 347 1758; x_wconf 74' lang='lat' dir='ltr'><strong>Lucaniae,</strong></span> <span class='ocrx_word' id='word_1_212' title='bbox 364 1712 397 1746; x_wconf 88' lang='lat' dir='ltr'><strong>au</strong></span> <span class='ocrx_word' id='word_1_213' title='bbox 415 1697 524 1761; x_wconf 83' lang='lat' dir='ltr'><strong>Apuliae</strong></span> <span class='ocrx_word' id='word_1_214' title='bbox 541 1697 685 1747; x_wconf 87' lang='lat' dir='ltr'><strong>sdiudicet:</strong></span> <span class='ocrx_word' id='word_1_215' title='bbox 702 1697 781 1745; x_wconf 85' lang='lat' dir='ltr'><strong>Serm.</strong></span> <span class='ocrx_word' id='word_1_216' title='bbox 791 1698 826 1757; x_wconf 90' lang='grc' dir='ltr'><strong>ΙΙ,</strong></span> <span class='ocrx_word' id='word_1_217' title='bbox 839 1699 911 1759; x_wconf 76' lang='lat'>1‚:14.</span> <span class='ocrx_word' id='word_1_218' title='bbox 936 1699 1138 1760; x_wconf 68' lang='lat' dir='ltr'><strong>,requoriuna</strong></span> <span class='ocrx_word' id='word_1_219' title='bbox 1151 1695 1282 1746; x_wconf 73' lang='lat' dir='ltr'><strong>hircanus</strong></span> <span class='ocrx_word' id='word_1_220' title='bbox 1296 1712 1333 1746; x_wconf 85' lang='lat' dir='ltr'><strong>un</strong></span> 
     </span>
     <span class='ocr_line' id='line_1_23' title="bbox 209 1762 1337 1831; baseline -0.002 -16"><span class='ocrx_word' id='word_1_221' title='bbox 209 1765 339 1831; x_wconf 76' lang='lat' dir='ltr'><strong>Appulus,</strong></span> <span class='ocrx_word' id='word_1_222' title='bbox 357 1780 470 1830; x_wconf 78' lang='lat' dir='ltr'><strong>merope:</strong></span> <span class='ocrx_word' id='word_1_223' title='bbox 486 1763 559 1815; x_wconf 83' lang='lat' dir='ltr'><strong>Nom</strong></span> <span class='ocrx_word' id='word_1_224' title='bbox 569 1764 598 1815; x_wconf 88' lang='lat' dir='ltr'><em>V</em></span> <span class='ocrx_word' id='word_1_225' title='bbox 595 1768 722 1814; x_wconf 67' lang='lat' dir='ltr'><strong>eumenus</strong></span> <span class='ocrx_word' id='word_1_226' title='bbox 735 1762 885 1831; x_wconf 79' lang='lat' dir='ltr'><strong>aratfiacm</strong></span> <span class='ocrx_word' id='word_1_227' title='bbox 892 1766 941 1813; x_wconf 81' lang='lat' dir='ltr'><strong>rut</strong></span> <span class='ocrx_word' id='word_1_228' title='bbox 951 1771 1093 1829; x_wconf 80' lang='lat' dir='ltr'><strong>utrumque</strong></span> <span class='ocrx_word' id='word_1_229' title='bbox 1103 1765 1239 1815; x_wconf 70' lang='lat' dir='ltr'><strong>colonusf‘</strong></span> <span class='ocrx_word' id='word_1_230' title='bbox 1265 1765 1337 1814; x_wconf 89' lang='lat' dir='ltr'><strong>Dor·</strong></span> 
     </span>
     <span class='ocr_line' id='line_1_24' title="bbox 209 1831 1339 1898; baseline -0.002 -15"><span class='ocrx_word' id='word_1_231' title='bbox 209 1833 305 1884; x_wconf 87' lang='lat' dir='ltr'><strong>miebat</strong></span> <span class='ocrx_word' id='word_1_232' title='bbox 320 1848 389 1897; x_wconf 79' lang='lat' dir='ltr'><strong>ergo,</strong></span> <span class='ocrx_word' id='word_1_233' title='bbox 406 1833 486 1892; x_wconf 85' lang='lat' dir='ltr'><strong>aiant,</strong></span> <span class='ocrx_word' id='word_1_234' title='bbox 503 1833 531 1881; x_wconf 86' lang='lat' dir='ltr'><strong>in</strong></span> <span class='ocrx_word' id='word_1_235' title='bbox 541 1831 648 1882; x_wconf 78' lang='lat' dir='ltr'><strong>Volture</strong></span> <span class='ocrx_word' id='word_1_236' title='bbox 657 1831 764 1897; x_wconf 79' lang='lat' dir='ltr'><strong>Appula</strong></span> <span class='ocrx_word' id='word_1_237' title='bbox 782 1834 829 1895; x_wconf 89' lang='lat' dir='ltr'><strong>(sic</strong></span> <span class='ocrx_word' id='word_1_238' title='bbox 837 1832 870 1882; x_wconf 92' lang='lat' dir='ltr'><strong>de</strong></span> <span class='ocrx_word' id='word_1_239' title='bbox 877 1837 958 1896; x_wconf 83' lang='lat' dir='ltr'><strong>parte,</strong></span> <span class='ocrx_word' id='word_1_240' title='bbox 971 1848 1035 1897; x_wconf 90' lang='lat' dir='ltr'><strong>quae</strong></span> <span class='ocrx_word' id='word_1_241' title='bbox 1041 1831 1148 1898; x_wconf 76' lang='lat' dir='ltr'><strong>Apuliae</strong></span> <span class='ocrx_word' id='word_1_242' title='bbox 1165 1837 1227 1891; x_wconf 76' lang='lat' dir='ltr'><strong>erat,</strong></span> <span class='ocrx_word' id='word_1_243' title='bbox 1247 1837 1339 1881; x_wconf 82' lang='lat' dir='ltr'><strong>totum</strong></span> 
     </span>
     <span class='ocr_line' id='line_1_25' title="bbox 209 1897 1340 1967; baseline -0.004 -15"><span class='ocrx_word' id='word_1_244' title='bbox 209 1905 320 1952; x_wconf 86' lang='lat' dir='ltr'><strong>montem</strong></span> <span class='ocrx_word' id='word_1_245' title='bbox 337 1897 484 1967; x_wconf 74' lang='grc' dir='ltr'>σιναδιχῇ</span> <span class='ocrx_word' id='word_1_246' title='bbox 496 1900 624 1965; x_wconf 84' lang='lat' dir='ltr'><strong>Appulum</strong></span> <span class='ocrx_word' id='word_1_247' title='bbox 641 1900 759 1961; x_wconf 71' lang='lat' dir='ltr'><strong>vocarit),</strong></span> <span class='ocrx_word' id='word_1_248' title='bbox 776 1901 804 1949; x_wconf 92' lang='lat' dir='ltr'><strong>in</strong></span> <span class='ocrx_word' id='word_1_249' title='bbox 821 1916 852 1949; x_wconf 87' lang='lat' dir='ltr'><strong>ea</strong></span> <span class='ocrx_word' id='word_1_250' title='bbox 868 1906 952 1950; x_wconf 89' lang='lat' dir='ltr'><strong>tamen</strong></span> <span class='ocrx_word' id='word_1_251' title='bbox 968 1901 1063 1950; x_wconf 88' lang='lat' dir='ltr'><strong>montis</strong></span> <span class='ocrx_word' id='word_1_252' title='bbox 1080 1905 1159 1966; x_wconf 80' lang='lat' dir='ltr'><strong>parte,</strong></span> <span class='ocrx_word' id='word_1_253' title='bbox 1177 1915 1244 1964; x_wconf 85' lang='lat' dir='ltr'><strong>quac</strong></span> <span class='ocrx_word' id='word_1_254' title='bbox 1259 1905 1340 1949; x_wconf 77' lang='lat' dir='ltr'><strong>extra</strong></span> 
     </span>
     <span class='ocr_line' id='line_1_26' title="bbox 208 1966 1337 2034; baseline -0.002 -13"><span class='ocrx_word' id='word_1_255' title='bbox 208 1970 287 2021; x_wconf 86' lang='lat' dir='ltr'><strong>limen</strong></span> <span class='ocrx_word' id='word_1_256' title='bbox 304 1969 412 2034; x_wconf 76' lang='lat' dir='ltr'><strong>Apuliae</strong></span> <span class='ocrx_word' id='word_1_257' title='bbox 427 1974 492 2028; x_wconf 75' lang='lat' dir='ltr'><strong>erat,</strong></span> <span class='ocrx_word' id='word_1_258' title='bbox 509 1974 535 2017; x_wconf 90' lang='lat' dir='ltr'><strong>et</strong></span> <span class='ocrx_word' id='word_1_259' title='bbox 551 1968 584 2018; x_wconf 84' lang='lat' dir='ltr'><strong>ad</strong></span> <span class='ocrx_word' id='word_1_260' title='bbox 599 1968 741 2018; x_wconf 80' lang='lat' dir='ltr'><strong>Lucaniam</strong></span> <span class='ocrx_word' id='word_1_261' title='bbox 756 1966 910 2033; x_wconf 86' lang='lat' dir='ltr'><strong>pertinebat.</strong></span> <span class='ocrx_word' id='word_1_262' title='bbox 944 1969 1014 2018; x_wconf 89' lang='lat' dir='ltr'><strong>Haec</strong></span> <span class='ocrx_word' id='word_1_263' title='bbox 1030 1968 1085 2018; x_wconf 83' lang='lat' dir='ltr'><strong>illi:</strong></span> <span class='ocrx_word' id='word_1_264' title='bbox 1109 1969 1152 2018; x_wconf 89' lang='lat' dir='ltr'><strong>sed</strong></span> <span class='ocrx_word' id='word_1_265' title='bbox 1168 1967 1276 2018; x_wconf 87' lang='lat' dir='ltr'><strong>miseret</strong></span> <span class='ocrx_word' id='word_1_266' title='bbox 1291 1984 1337 2019; x_wconf 86' lang='lat' dir='ltr'><strong>me</strong></span> 
     </span>
     <span class='ocr_line' id='line_1_27' title="bbox 208 2034 1337 2103; baseline -0.003 -14"><span class='ocrx_word' id='word_1_267' title='bbox 208 2038 321 2099; x_wconf 79' lang='lat' dir='ltr'><strong>Horatii,</strong></span> <span class='ocrx_word' id='word_1_268' title='bbox 338 2036 361 2086; x_wconf 84' lang='lat' dir='ltr'><strong>si</strong></span> <span class='ocrx_word' id='word_1_269' title='bbox 377 2037 425 2086; x_wconf 90' lang='lat' dir='ltr'><strong>tali</strong></span> <span class='ocrx_word' id='word_1_270' title='bbox 442 2035 538 2086; x_wconf 84' lang='lat' dir='ltr'><strong>auxilio</strong></span> <span class='ocrx_word' id='word_1_271' title='bbox 554 2043 581 2086; x_wconf 89' lang='lat' dir='ltr'><strong>et</strong></span> <span class='ocrx_word' id='word_1_272' title='bbox 596 2036 655 2085; x_wconf 90' lang='lat' dir='ltr'><strong>istis</strong></span> <span class='ocrx_word' id='word_1_273' title='bbox 672 2034 846 2086; x_wconf 75' lang='lat' dir='ltr'><strong>defensoribus</strong></span> <span class='ocrx_word' id='word_1_274' title='bbox 862 2042 927 2101; x_wconf 76' lang='lat' dir='ltr'><strong>eget</strong></span> <span class='ocrx_word' id='word_1_275' title='bbox 958 2035 1027 2091; x_wconf 81' lang='lat' dir='ltr'><strong>Quid</strong></span> <span class='ocrx_word' id='word_1_276' title='bbox 1044 2037 1130 2086; x_wconf 79' lang='lat' dir='ltr'><strong>euim?</strong></span> <span class='ocrx_word' id='word_1_277' title='bbox 1147 2036 1205 2100; x_wconf 89' lang='lat' dir='ltr'><strong>quis</strong></span> <span class='ocrx_word' id='word_1_278' title='bbox 1219 2036 1254 2085; x_wconf 84' lang='lat' dir='ltr'><strong>in</strong></span> <span class='ocrx_word' id='word_1_279' title='bbox 1272 2052 1337 2103; x_wconf 89' lang='lat' dir='ltr'><strong>pro-</strong></span> 
     </span>
     <span class='ocr_line' id='line_1_28' title="bbox 209 2100 1336 2171; baseline -0.004 -14"><span class='ocrx_word' id='word_1_280' title='bbox 209 2104 396 2170; x_wconf 83' lang='lat' dir='ltr'><strong>letarioquoris</strong></span> <span class='ocrx_word' id='word_1_281' title='bbox 405 2109 481 2169; x_wconf 77' lang='lat' dir='ltr'><strong>pocta</strong></span> <span class='ocrx_word' id='word_1_282' title='bbox 489 2103 630 2166; x_wconf 85' lang='lat' dir='ltr'><strong>boclerret,</strong></span> <span class='ocrx_word' id='word_1_283' title='bbox 647 2110 677 2154; x_wconf 89' lang='lat' dir='ltr'><strong>ut</strong></span> <span class='ocrx_word' id='word_1_284' title='bbox 693 2106 722 2154; x_wconf 89' lang='lat' dir='ltr'><strong>in</strong></span> <span class='ocrx_word' id='word_1_285' title='bbox 737 2120 816 2155; x_wconf 88' lang='lat' dir='ltr'><strong>uuam</strong></span> <span class='ocrx_word' id='word_1_286' title='bbox 832 2104 984 2155; x_wconf 87' lang='lat' dir='ltr'><strong>sententiam</strong></span> <span class='ocrx_word' id='word_1_287' title='bbox 999 2106 1061 2154; x_wconf 88' lang='lat' dir='ltr'><strong>haec</strong></span> <span class='ocrx_word' id='word_1_288' title='bbox 1071 2100 1260 2171; x_wconf 78' lang='grc' dir='ltr'>ἐνιντιοφανῆ</span> <span class='ocrx_word' id='word_1_289' title='bbox 1270 2121 1336 2153; x_wconf 89' lang='lat' dir='ltr'><strong>con·</strong></span> 
     </span>
     <span class='ocr_line' id='line_1_29' title="bbox 209 2172 1337 2240; baseline -0.001 -17"><span class='ocrx_word' id='word_1_290' title='bbox 209 2174 324 2240; x_wconf 76' lang='lat' dir='ltr'><strong>gereret?</strong></span> <span class='ocrx_word' id='word_1_291' title='bbox 341 2173 413 2234; x_wconf 82' lang='lat' dir='ltr'><strong>Esto,</strong></span> <span class='ocrx_word' id='word_1_292' title='bbox 430 2179 460 2221; x_wconf 91' lang='lat' dir='ltr'><strong>ut</strong></span> <span class='ocrx_word' id='word_1_293' title='bbox 475 2187 535 2237; x_wconf 89' lang='lat' dir='ltr'><strong>pars</strong></span> <span class='ocrx_word' id='word_1_294' title='bbox 543 2172 660 2221; x_wconf 83' lang='lat' dir='ltr'><strong>Vulturis</strong></span> <span class='ocrx_word' id='word_1_295' title='bbox 667 2172 695 2221; x_wconf 90' lang='lat' dir='ltr'><strong>iu</strong></span> <span class='ocrx_word' id='word_1_296' title='bbox 703 2172 845 2222; x_wconf 89' lang='lat' dir='ltr'><strong>Lucaniam</strong></span> <span class='ocrx_word' id='word_1_297' title='bbox 861 2173 997 2237; x_wconf 77' lang='lat' dir='ltr'><strong>pertigerit</strong></span> <span class='ocrx_word' id='word_1_298' title='bbox 1013 2173 1092 2237; x_wconf 88' lang='lat' dir='ltr'><strong>(quod</strong></span> <span class='ocrx_word' id='word_1_299' title='bbox 1108 2178 1191 2222; x_wconf 90' lang='lat' dir='ltr'><strong>tamen</strong></span> <span class='ocrx_word' id='word_1_300' title='bbox 1208 2187 1263 2221; x_wconf 91' lang='lat' dir='ltr'><strong>non</strong></span> <span class='ocrx_word' id='word_1_301' title='bbox 1274 2188 1337 2237; x_wconf 92' lang='lat' dir='ltr'><strong>pro·</strong></span> 
     </span>
     <span class='ocr_line' id='line_1_30' title="bbox 208 2240 1335 2306; baseline -0.003 -13"><span class='ocrx_word' id='word_1_302' title='bbox 208 2243 281 2302; x_wconf 83' lang='lat' dir='ltr'><strong>bant)</strong></span> <span class='ocrx_word' id='word_1_303' title='bbox 298 2247 325 2293; x_wconf 89' lang='lat' dir='ltr'><strong>et</strong></span> <span class='ocrx_word' id='word_1_304' title='bbox 334 2242 382 2292; x_wconf 89' lang='lat' dir='ltr'><strong>hoc</strong></span> <span class='ocrx_word' id='word_1_305' title='bbox 391 2240 500 2290; x_wconf 80' lang='lat' dir='ltr'><strong>voluerit</strong></span> <span class='ocrx_word' id='word_1_306' title='bbox 507 2240 644 2290; x_wconf 82' lang='lat' dir='ltr'><strong>Horatius:</strong></span> <span class='ocrx_word' id='word_1_307' title='bbox 661 2244 729 2289; x_wconf 84' lang='lat' dir='ltr'><strong>certe</strong></span> <span class='ocrx_word' id='word_1_308' title='bbox 745 2240 773 2289; x_wconf 89' lang='lat' dir='ltr'><strong>in</strong></span> <span class='ocrx_word' id='word_1_309' title='bbox 790 2240 877 2290; x_wconf 90' lang='lat' dir='ltr'><strong>eodem</strong></span> <span class='ocrx_word' id='word_1_310' title='bbox 893 2240 950 2290; x_wconf 92' lang='lat' dir='ltr'><strong>loco</strong></span> <span class='ocrx_word' id='word_1_311' title='bbox 968 2240 1097 2295; x_wconf 82' lang='lat' dir='ltr'><strong>etcodem</strong></span> <span class='ocrx_word' id='word_1_312' title='bbox 1110 2255 1174 2306; x_wconf 90' lang='lat' dir='ltr'><strong>pene</strong></span> <span class='ocrx_word' id='word_1_313' title='bbox 1192 2256 1270 2289; x_wconf 83' lang='lat' dir='ltr'><strong>versu</strong></span> <span class='ocrx_word' id='word_1_314' title='bbox 1280 2256 1335 2290; x_wconf 89' lang='lat' dir='ltr'><strong>non</strong></span> 
     </span>
     <span class='ocr_line' id='line_1_31' title="bbox 209 2307 1338 2374; baseline -0.003 -13"><span class='ocrx_word' id='word_1_315' title='bbox 209 2315 279 2361; x_wconf 86' lang='lat' dir='ltr'><strong>totus</strong></span> <span class='ocrx_word' id='word_1_316' title='bbox 294 2324 367 2360; x_wconf 89' lang='lat' dir='ltr'><strong>mons</strong></span> <span class='ocrx_word' id='word_1_317' title='bbox 384 2308 506 2359; x_wconf 88' lang='lat' dir='ltr'><strong>dicendus</strong></span> <span class='ocrx_word' id='word_1_318' title='bbox 521 2307 601 2358; x_wconf 83' lang='lat' dir='ltr'><strong>fuerit</strong></span> <span class='ocrx_word' id='word_1_319' title='bbox 616 2307 747 2372; x_wconf 76' lang='lat' dir='ltr'><strong>Appulus.</strong></span> <span class='ocrx_word' id='word_1_320' title='bbox 779 2309 808 2358; x_wconf 87' lang='lat' dir='ltr'><strong>Si</strong></span> <span class='ocrx_word' id='word_1_321' title='bbox 824 2308 872 2358; x_wconf 92' lang='lat' dir='ltr'><strong>hoc</strong></span> <span class='ocrx_word' id='word_1_322' title='bbox 890 2309 915 2357; x_wconf 90' lang='lat' dir='ltr'><strong>ei</strong></span> <span class='ocrx_word' id='word_1_323' title='bbox 931 2308 1116 2374; x_wconf 80' lang='lat' dir='ltr'><strong>condonamue3</strong></span> <span class='ocrx_word' id='word_1_324' title='bbox 1134 2310 1209 2358; x_wconf 87' lang='lat' dir='ltr'><strong>etiam</strong></span> <span class='ocrx_word' id='word_1_325' title='bbox 1226 2308 1338 2371; x_wconf 78' lang='lat' dir='ltr'><strong>quiduis</strong></span> 
     </span>
     <span class='ocr_line' id='line_1_32' title="bbox 210 2373 1339 2444; baseline -0.001 -17"><span class='ocrx_word' id='word_1_326' title='bbox 210 2376 371 2444; x_wconf 79' lang='lat' dir='ltr'><strong>quantumvis</strong></span> <span class='ocrx_word' id='word_1_327' title='bbox 387 2377 502 2441; x_wconf 85' lang='lat' dir='ltr'><strong>ineptum</strong></span> <span class='ocrx_word' id='word_1_328' title='bbox 516 2375 574 2426; x_wconf 83' lang='lat' dir='ltr'><strong>albo</strong></span> <span class='ocrx_word' id='word_1_329' title='bbox 583 2376 681 2426; x_wconf 89' lang='lat' dir='ltr'><strong>calculo</strong></span> <span class='ocrx_word' id='word_1_330' title='bbox 689 2373 796 2441; x_wconf 87' lang='lat' dir='ltr'><strong>probare</strong></span> <span class='ocrx_word' id='word_1_331' title='bbox 805 2392 946 2440; x_wconf 84' lang='lat' dir='ltr'><strong>possumus.</strong></span> <span class='ocrx_word' id='word_1_332' title='bbox 969 2375 1039 2431; x_wconf 81' lang='lat' dir='ltr'><strong>Quid</strong></span> <span class='ocrx_word' id='word_1_333' title='bbox 1047 2392 1106 2426; x_wconf 83' lang='lat' dir='ltr'><strong>vero</strong></span> <span class='ocrx_word' id='word_1_334' title='bbox 1115 2376 1147 2426; x_wconf 85' lang='lat' dir='ltr'><strong>ad</strong></span> <span class='ocrx_word' id='word_1_335' title='bbox 1156 2393 1207 2426; x_wconf 88' lang='lat' dir='ltr'><strong>rem</strong></span> <span class='ocrx_word' id='word_1_336' title='bbox 1215 2376 1339 2426; x_wconf 74' lang='lat' dir='ltr'><strong>attinet?</strong></span> 
     </span>
     <span class='ocr_line' id='line_1_33' title="bbox 211 2443 1335 2512; baseline -0.003 -16"><span class='ocrx_word' id='word_1_337' title='bbox 211 2462 284 2512; x_wconf 90' lang='lat' dir='ltr'><strong>quern</strong></span> <span class='ocrx_word' id='word_1_338' title='bbox 302 2461 407 2510; x_wconf 87' lang='lat' dir='ltr'><strong>scopum</strong></span> <span class='ocrx_word' id='word_1_339' title='bbox 423 2445 501 2494; x_wconf 79' lang='lat' dir='ltr'><strong>ierit?</strong></span> <span class='ocrx_word' id='word_1_340' title='bbox 527 2444 590 2509; x_wconf 89' lang='lat' dir='ltr'><strong>quid</strong></span> <span class='ocrx_word' id='word_1_341' title='bbox 608 2450 659 2494; x_wconf 82' lang='lat' dir='ltr'><strong>tam</strong></span> <span class='ocrx_word' id='word_1_342' title='bbox 676 2444 781 2508; x_wconf 81' lang='lat' dir='ltr'><strong>dignum</strong></span> <span class='ocrx_word' id='word_1_343' title='bbox 798 2450 950 2505; x_wconf 86' lang='lat' dir='ltr'><strong>memoratu,</strong></span> <span class='ocrx_word' id='word_1_344' title='bbox 968 2444 992 2493; x_wconf 87' lang='lat' dir='ltr'><strong>si</strong></span> <span class='ocrx_word' id='word_1_345' title='bbox 1007 2445 1082 2494; x_wconf 90' lang='lat' dir='ltr'><strong>modo</strong></span> <span class='ocrx_word' id='word_1_346' title='bbox 1099 2445 1127 2493; x_wconf 88' lang='lat' dir='ltr'><strong>iu</strong></span> <span class='ocrx_word' id='word_1_347' title='bbox 1143 2443 1252 2494; x_wconf 81' lang='lat' dir='ltr'><strong>Volture</strong></span> <span class='ocrx_word' id='word_1_348' title='bbox 1272 2444 1335 2493; x_wconf 89' lang='lat' dir='ltr'><strong>dor·</strong></span> 
     </span>
     <span class='ocr_line' id='line_1_34' title="bbox 210 2510 1338 2577; baseline -0.002 -13"><span class='ocrx_word' id='word_1_349' title='bbox 210 2512 312 2575; x_wconf 85' lang='lat' dir='ltr'><strong>miebat,</strong></span> <span class='ocrx_word' id='word_1_350' title='bbox 328 2517 413 2562; x_wconf 89' lang='lat' dir='ltr'><strong>utrum</strong></span> <span class='ocrx_word' id='word_1_351' title='bbox 429 2512 478 2561; x_wconf 89' lang='lat' dir='ltr'><strong>hec</strong></span> <span class='ocrx_word' id='word_1_352' title='bbox 495 2512 535 2562; x_wconf 87' lang='lat' dir='ltr'><strong>rel</strong></span> <span class='ocrx_word' id='word_1_353' title='bbox 551 2512 597 2561; x_wconf 89' lang='lat' dir='ltr'><strong>illa</strong></span> <span class='ocrx_word' id='word_1_354' title='bbox 614 2517 688 2577; x_wconf 90' lang='lat' dir='ltr'><strong>parte</strong></span> <span class='ocrx_word' id='word_1_355' title='bbox 703 2511 801 2561; x_wconf 76' lang='lat' dir='ltr'><strong>iacuit?</strong></span> <span class='ocrx_word' id='word_1_356' title='bbox 818 2527 876 2561; x_wconf 92' lang='lat' dir='ltr'><strong>cum</strong></span> <span class='ocrx_word' id='word_1_357' title='bbox 893 2512 921 2561; x_wconf 90' lang='lat' dir='ltr'><strong>in</strong></span> <span class='ocrx_word' id='word_1_358' title='bbox 937 2517 993 2561; x_wconf 82' lang='lat' dir='ltr'><strong>tota</strong></span> <span class='ocrx_word' id='word_1_359' title='bbox 1009 2512 1116 2562; x_wconf 78' lang='lat' dir='ltr'><strong>tortasse</strong></span> <span class='ocrx_word' id='word_1_360' title='bbox 1127 2513 1205 2561; x_wconf 86' lang='lat' dir='ltr'><strong>Roma</strong></span> <span class='ocrx_word' id='word_1_361' title='bbox 1222 2510 1266 2561; x_wconf 75' lang='lat' dir='ltr'><strong>uel</strong></span> <span class='ocrx_word' id='word_1_362' title='bbox 1280 2512 1338 2562; x_wconf 86' lang='lat' dir='ltr'><strong>duo</strong></span> 
     </span>
     <span class='ocr_line' id='line_1_35' title="bbox 210 2578 1337 2644; baseline 0 -14"><span class='ocrx_word' id='word_1_363' title='bbox 210 2582 251 2631; x_wconf 86' lang='lat' dir='ltr'><strong>rel</strong></span> <span class='ocrx_word' id='word_1_364' title='bbox 267 2596 341 2630; x_wconf 90' lang='lat' dir='ltr'><strong>nemo</strong></span> <span class='ocrx_word' id='word_1_365' title='bbox 358 2584 425 2639; x_wconf 89' lang='lat' dir='ltr'><strong>erat,</strong></span> <span class='ocrx_word' id='word_1_366' title='bbox 444 2578 533 2643; x_wconf 88' lang='lat' dir='ltr'><strong>quiin</strong></span> <span class='ocrx_word' id='word_1_367' title='bbox 550 2580 658 2629; x_wconf 80' lang='lat' dir='ltr'><strong>Volture</strong></span> <span class='ocrx_word' id='word_1_368' title='bbox 675 2580 1020 2644; x_wconf 81' lang='lat' dir='ltr'><strong>couflniaillaagnoeceret.</strong></span> <span class='ocrx_word' id='word_1_369' title='bbox 1058 2582 1112 2629; x_wconf 85' lang='lat' dir='ltr'><strong>imo</strong></span> <span class='ocrx_word' id='word_1_370' title='bbox 1128 2597 1202 2641; x_wconf 83' lang='lat' dir='ltr'><strong>vero,</strong></span> <span class='ocrx_word' id='word_1_371' title='bbox 1219 2595 1283 2629; x_wconf 84' lang='lat' dir='ltr'><strong>eum</strong></span> <span class='ocrx_word' id='word_1_372' title='bbox 1301 2595 1337 2630; x_wconf 85' lang='lat' dir='ltr'><strong>ne</strong></span> 
     </span>
     <span class='ocr_line' id='line_1_36' title="bbox 210 2646 1335 2714; baseline -0.001 -16"><span class='ocrx_word' id='word_1_373' title='bbox 210 2648 349 2699; x_wconf 84' lang='lat' dir='ltr'><strong>Venusiam</strong></span> <span class='ocrx_word' id='word_1_374' title='bbox 367 2646 469 2709; x_wconf 89' lang='lat' dir='ltr'><strong>quidem</strong></span> <span class='ocrx_word' id='word_1_375' title='bbox 486 2647 577 2709; x_wconf 85' lang='lat' dir='ltr'><strong>ipsum.</strong></span> <span class='ocrx_word' id='word_1_376' title='bbox 595 2648 718 2711; x_wconf 86' lang='lat' dir='ltr'><strong>oppidum</strong></span> <span class='ocrx_word' id='word_1_377' title='bbox 735 2648 798 2697; x_wconf 88' lang='lat' dir='ltr'><strong>satis</strong></span> <span class='ocrx_word' id='word_1_378' title='bbox 814 2646 921 2709; x_wconf 83' lang='lat' dir='ltr'><strong>celebre,</strong></span> <span class='ocrx_word' id='word_1_379' title='bbox 937 2654 1023 2697; x_wconf 80' lang='lat' dir='ltr'><strong>utrum</strong></span> <span class='ocrx_word' id='word_1_380' title='bbox 1032 2648 1189 2714; x_wconf 85' lang='lat' dir='ltr'><strong>Appulorum</strong></span> <span class='ocrx_word' id='word_1_381' title='bbox 1200 2663 1232 2697; x_wconf 88' lang='lat' dir='ltr'><strong>an</strong></span> <span class='ocrx_word' id='word_1_382' title='bbox 1243 2648 1335 2698; x_wconf 88' lang='lat' dir='ltr'><strong>Luca·</strong></span> 
     </span>
     <span class='ocr_line' id='line_1_37' title="bbox 211 2713 1336 2781; baseline -0.001 -15"><span class='ocrx_word' id='word_1_383' title='bbox 211 2730 301 2766; x_wconf 78' lang='lat' dir='ltr'><strong>uorum</strong></span> <span class='ocrx_word' id='word_1_384' title='bbox 318 2718 391 2775; x_wconf 84' lang='lat' dir='ltr'><strong>esset,</strong></span> <span class='ocrx_word' id='word_1_385' title='bbox 408 2713 473 2763; x_wconf 87' lang='lat' dir='ltr'><strong>scire</strong></span> <span class='ocrx_word' id='word_1_386' title='bbox 490 2730 516 2763; x_wconf 89' lang='lat' dir='ltr'><strong>se</strong></span> <span class='ocrx_word' id='word_1_387' title='bbox 533 2714 694 2778; x_wconf 84' lang='lat' dir='ltr'><strong>profiteatur:</strong></span> <span class='ocrx_word' id='word_1_388' title='bbox 711 2718 757 2780; x_wconf 80' lang='lat' dir='ltr'><strong>qui</strong></span> <span class='ocrx_word' id='word_1_389' title='bbox 772 2716 809 2777; x_wconf 76' lang='lat' dir='ltr'><strong>nt,</strong></span> <span class='ocrx_word' id='word_1_390' title='bbox 827 2720 857 2765; x_wconf 90' lang='lat' dir='ltr'><strong>ut</strong></span> <span class='ocrx_word' id='word_1_391' title='bbox 872 2715 900 2765; x_wconf 93' lang='lat' dir='ltr'><strong>in</strong></span> <span class='ocrx_word' id='word_1_392' title='bbox 917 2717 1012 2766; x_wconf 88' lang='lat' dir='ltr'><strong>montis</strong></span> <span class='ocrx_word' id='word_1_393' title='bbox 1023 2716 1076 2766; x_wconf 81' lang='lat' dir='ltr'><strong>urii</strong></span> <span class='ocrx_word' id='word_1_394' title='bbox 1093 2715 1200 2766; x_wconf 85' lang='lat' dir='ltr'><strong>saltibus</strong></span> <span class='ocrx_word' id='word_1_395' title='bbox 1215 2720 1271 2765; x_wconf 83' lang='lat' dir='ltr'><strong>tam</strong></span> <span class='ocrx_word' id='word_1_396' title='bbox 1290 2731 1336 2781; x_wconf 90' lang='lat' dir='ltr'><strong>pe-</strong></span> 
     </span>
     <span class='ocr_line' id='line_1_38' title="bbox 210 2782 1339 2849; baseline -0.001 -16"><span class='ocrx_word' id='word_1_397' title='bbox 210 2784 277 2833; x_wconf 89' lang='lat' dir='ltr'><strong>ritus</strong></span> <span class='ocrx_word' id='word_1_398' title='bbox 293 2797 410 2846; x_wconf 78' lang='lat' dir='ltr'><strong>agrorum</strong></span> <span class='ocrx_word' id='word_1_399' title='bbox 425 2785 533 2832; x_wconf 86' lang='lat' dir='ltr'><strong>metator</strong></span> <span class='ocrx_word' id='word_1_400' title='bbox 540 2782 606 2832; x_wconf 85' lang='lat' dir='ltr'><strong>hunc</strong></span> <span class='ocrx_word' id='word_1_401' title='bbox 621 2789 718 2847; x_wconf 85' lang='lat' dir='ltr'><strong>partem</strong></span> <span class='ocrx_word' id='word_1_402' title='bbox 725 2783 841 2849; x_wconf 83' lang='lat' dir='ltr'><strong>Apuliae,</strong></span> <span class='ocrx_word' id='word_1_403' title='bbox 858 2783 930 2832; x_wconf 90' lang='lat' dir='ltr'><strong>illam</strong></span> <span class='ocrx_word' id='word_1_404' title='bbox 937 2784 1068 2834; x_wconf 82' lang='lat' dir='ltr'><strong>Lucaniae</strong></span> <span class='ocrx_word' id='word_1_405' title='bbox 1084 2784 1218 2847; x_wconf 82' lang='lat' dir='ltr'><strong>adsignare</strong></span> <span class='ocrx_word' id='word_1_406' title='bbox 1235 2783 1339 2834; x_wconf 66' lang='lat' dir='ltr'><strong>wirot?</strong></span> 
     </span>
     <span class='ocr_line' id='line_1_39' title="bbox 211 2848 1339 2915; baseline 0 -14"><span class='ocrx_word' id='word_1_407' title='bbox 211 2851 282 2915; x_wconf 80' lang='lat' dir='ltr'><strong>Ergo</strong></span> <span class='ocrx_word' id='word_1_408' title='bbox 298 2850 321 2900; x_wconf 90' lang='lat' dir='ltr'><strong>is</strong></span> <span class='ocrx_word' id='word_1_409' title='bbox 338 2850 394 2914; x_wconf 87' lang='lat' dir='ltr'><strong>ipse</strong></span> <span class='ocrx_word' id='word_1_410' title='bbox 409 2848 489 2911; x_wconf 84' lang='lat' dir='ltr'><strong>locus,</strong></span> <span class='ocrx_word' id='word_1_411' title='bbox 507 2865 581 2915; x_wconf 86' lang='lat' dir='ltr'><strong>quem</strong></span> <span class='ocrx_word' id='word_1_412' title='bbox 591 2850 740 2901; x_wconf 83' lang='lat' dir='ltr'><strong>advocatum</strong></span> <span class='ocrx_word' id='word_1_413' title='bbox 748 2850 799 2901; x_wconf 87' lang='lat' dir='ltr'><strong>sibi</strong></span> <span class='ocrx_word' id='word_1_414' title='bbox 808 2852 942 2913; x_wconf 88' lang='lat' dir='ltr'><strong>duxerunt,</strong></span> <span class='ocrx_word' id='word_1_415' title='bbox 960 2853 1038 2901; x_wconf 86' lang='lat' dir='ltr'><strong>Serm.</strong></span> <span class='ocrx_word' id='word_1_416' title='bbox 1050 2853 1085 2913; x_wconf 90' lang='grc' dir='ltr'><strong>ΙΙ,</strong></span> <span class='ocrx_word' id='word_1_417' title='bbox 1095 2855 1118 2915; x_wconf 83' lang='grc'><strong>1,</strong></span> <span class='ocrx_word' id='word_1_418' title='bbox 1128 2854 1169 2905; x_wconf 79' lang='grc'><strong>34.</strong></span> <span class='ocrx_word' id='word_1_419' title='bbox 1186 2850 1339 2915; x_wconf 71' lang='lat' dir='ltr'><strong>„Lucam</strong></span> 
     </span>
     <span class='ocr_line' id='line_1_40' title="bbox 213 2918 1337 2984; baseline 0 -15"><span class='ocrx_word' id='word_1_420' title='bbox 213 2934 249 2969; x_wconf 81' lang='lat' dir='ltr'><strong>aa</strong></span> <span class='ocrx_word' id='word_1_421' title='bbox 265 2918 395 2984; x_wconf 79' lang='lat' dir='ltr'><strong>Appulus,</strong></span> <span class='ocrx_word' id='word_1_422' title='bbox 414 2921 535 2984; x_wconf 83' lang='lat' dir='ltr'><strong>unceps“,</strong></span> <span class='ocrx_word' id='word_1_423' title='bbox 553 2919 672 2969; x_wconf 74' lang='lat' dir='ltr'><strong>adversm</strong></span> <span class='ocrx_word' id='word_1_424' title='bbox 690 2936 733 2969; x_wconf 88' lang='lat' dir='ltr'><strong>eos</strong></span> <span class='ocrx_word' id='word_1_425' title='bbox 749 2935 850 2969; x_wconf 85' lang='lat' dir='ltr'><strong>causam</strong></span> <span class='ocrx_word' id='word_1_426' title='bbox 866 2920 947 2980; x_wconf 90' lang='lat' dir='ltr'><strong>dicit,</strong></span> <span class='ocrx_word' id='word_1_427' title='bbox 965 2925 991 2969; x_wconf 90' lang='lat' dir='ltr'><strong>et</strong></span> <span class='ocrx_word' id='word_1_428' title='bbox 1008 2920 1241 2984; x_wconf 84' lang='lat' dir='ltr'><strong>interpretationem</strong></span> <span class='ocrx_word' id='word_1_429' title='bbox 1259 2919 1337 2969; x_wconf 83' lang='lat' dir='ltr'><strong>illam</strong></span> 
     </span>
     <span class='ocr_line' id='line_1_41' title="bbox 211 2986 1338 3053; baseline -0.001 -16"><span class='ocrx_word' id='word_1_430' title='bbox 211 3002 314 3052; x_wconf 87' lang='lat' dir='ltr'><strong>prorsus</strong></span> <span class='ocrx_word' id='word_1_431' title='bbox 332 2986 429 3040; x_wconf 85' lang='lat' dir='ltr'><strong>evertit.</strong></span> <span class='ocrx_word' id='word_1_432' title='bbox 454 2987 564 3039; x_wconf 84' lang='lat' dir='ltr'><strong>Proinde</strong></span> <span class='ocrx_word' id='word_1_433' title='bbox 574 2988 693 3053; x_wconf 86' lang='lat' dir='ltr'><strong>aliapars</strong></span> <span class='ocrx_word' id='word_1_434' title='bbox 710 2988 875 3052; x_wconf 86' lang='lat' dir='ltr'><strong>interpretum</strong></span> <span class='ocrx_word' id='word_1_435' title='bbox 883 3003 976 3037; x_wconf 89' lang='lat' dir='ltr'><strong>nomen</strong></span> <span class='ocrx_word' id='word_1_436' title='bbox 984 2988 1101 3038; x_wconf 81' lang='lat' dir='ltr'><strong>Mulieris</strong></span> <span class='ocrx_word' id='word_1_437' title='bbox 1115 2989 1158 3038; x_wconf 88' lang='lat' dir='ltr'><strong>hic</strong></span> <span class='ocrx_word' id='word_1_438' title='bbox 1170 2987 1338 3052; x_wconf 75' lang='lat' dir='ltr'><strong>intelligunt,</strong></span> 
     </span>
     <span class='ocr_line' id='line_1_42' title="bbox 212 3055 1337 3122; baseline -0.002 -15"><span class='ocrx_word' id='word_1_439' title='bbox 212 3058 288 3107; x_wconf 79' lang='lat' dir='ltr'><strong>cuius</strong></span> <span class='ocrx_word' id='word_1_440' title='bbox 297 3061 375 3106; x_wconf 73' lang='lat' dir='ltr'><strong>entra</strong></span> <span class='ocrx_word' id='word_1_441' title='bbox 384 3056 465 3106; x_wconf 77' lang='lat' dir='ltr'><strong>timere</strong></span> <span class='ocrx_word' id='word_1_442' title='bbox 473 3061 593 3121; x_wconf 59' lang='lat' dir='ltr'><strong>uagatus</strong></span> <span class='ocrx_word' id='word_1_443' title='bbox 600 3072 664 3122; x_wconf 87' lang='lat' dir='ltr'><strong>puer</strong></span> <span class='ocrx_word' id='word_1_444' title='bbox 672 3056 797 3105; x_wconf 83' lang='lat' dir='ltr'><strong>Horatius</strong></span> <span class='ocrx_word' id='word_1_445' title='bbox 807 3056 834 3104; x_wconf 88' lang='lat' dir='ltr'><strong>in</strong></span> <span class='ocrx_word' id='word_1_446' title='bbox 843 3060 927 3106; x_wconf 84' lang='lat' dir='ltr'><strong>monte</strong></span> <span class='ocrx_word' id='word_1_447' title='bbox 936 3055 1043 3106; x_wconf 83' lang='lat' dir='ltr'><strong>Vultnre</strong></span> <span class='ocrx_word' id='word_1_448' title='bbox 1052 3055 1223 3106; x_wconf 84' lang='lat' dir='ltr'><strong>obdormierit.</strong></span> <span class='ocrx_word' id='word_1_449' title='bbox 1236 3056 1337 3106; x_wconf 81' lang='lat' dir='ltr'><strong>Melius</strong></span> 
     </span>
     <span class='ocr_line' id='line_1_43' title="bbox 211 3122 1337 3189; baseline -0.001 -15"><span class='ocrx_word' id='word_1_450' title='bbox 211 3122 338 3189; x_wconf 84' lang='lat' dir='ltr'><strong>proiecto,</strong></span> <span class='ocrx_word' id='word_1_451' title='bbox 356 3140 430 3189; x_wconf 86' lang='lat' dir='ltr'><strong>quam</strong></span> <span class='ocrx_word' id='word_1_452' title='bbox 447 3124 487 3174; x_wconf 90' lang='lat' dir='ltr'><strong>illi</strong></span> <span class='ocrx_word' id='word_1_453' title='bbox 504 3124 592 3174; x_wconf 85' lang='lat' dir='ltr'><strong>alteri:</strong></span> <span class='ocrx_word' id='word_1_454' title='bbox 619 3124 642 3173; x_wconf 86' lang='lat' dir='ltr'><strong>si</strong></span> <span class='ocrx_word' id='word_1_455' title='bbox 658 3123 760 3189; x_wconf 82' lang='lat' dir='ltr'><strong>Apulia</strong></span> <span class='ocrx_word' id='word_1_456' title='bbox 777 3127 822 3173; x_wconf 89' lang='lat' dir='ltr'><strong>aut</strong></span> <span class='ocrx_word' id='word_1_457' title='bbox 839 3139 931 3174; x_wconf 88' lang='lat' dir='ltr'><strong>nomeu</strong></span> <span class='ocrx_word' id='word_1_458' title='bbox 949 3129 994 3174; x_wconf 84' lang='lat' dir='ltr'><strong>aut</strong></span> <span class='ocrx_word' id='word_1_459' title='bbox 1010 3140 1149 3189; x_wconf 85' lang='lat' dir='ltr'><strong>cognomen</strong></span> <span class='ocrx_word' id='word_1_460' title='bbox 1166 3140 1220 3176; x_wconf 89' lang='lat' dir='ltr'><strong>esse</strong></span> <span class='ocrx_word' id='word_1_461' title='bbox 1236 3128 1337 3188; x_wconf 85' lang='lat' dir='ltr'><strong>posset.</strong></span> 
     </span>
     <span class='ocr_line' id='line_1_44' title="bbox 212 3191 1338 3257; baseline 0 -15"><span class='ocrx_word' id='word_1_462' title='bbox 212 3192 262 3242; x_wconf 83' lang='lat' dir='ltr'><strong>Sed</strong></span> <span class='ocrx_word' id='word_1_463' title='bbox 279 3192 350 3242; x_wconf 88' lang='lat' dir='ltr'><strong>nulla</strong></span> <span class='ocrx_word' id='word_1_464' title='bbox 367 3192 426 3242; x_wconf 87' lang='lat' dir='ltr'><strong>talis</strong></span> <span class='ocrx_word' id='word_1_465' title='bbox 443 3192 549 3254; x_wconf 78' lang='lat' dir='ltr'><strong>familia,</strong></span> <span class='ocrx_word' id='word_1_466' title='bbox 566 3207 647 3255; x_wconf 88' lang='lat' dir='ltr'><strong>neque</strong></span> <span class='ocrx_word' id='word_1_467' title='bbox 664 3207 804 3256; x_wconf 82' lang='lat' dir='ltr'><strong>cognomen</strong></span> <span class='ocrx_word' id='word_1_468' title='bbox 820 3207 926 3256; x_wconf 84' lang='lat' dir='ltr'><strong>nsquam</strong></span> <span class='ocrx_word' id='word_1_469' title='bbox 943 3193 1063 3245; x_wconf 89' lang='lat' dir='ltr'><strong>occurrit.</strong></span> <span class='ocrx_word' id='word_1_470' title='bbox 1086 3191 1217 3256; x_wconf 82' lang='lat' dir='ltr'><strong>Apuleias</strong></span> <span class='ocrx_word' id='word_1_471' title='bbox 1228 3192 1338 3257; x_wconf 81' lang='lat' dir='ltr'><strong>quidem</strong></span> 
     </span>
     <span class='ocr_line' id='line_1_45' title="bbox 210 3258 1335 3325; baseline 0.001 -16"><span class='ocrx_word' id='word_1_472' title='bbox 210 3259 335 3325; x_wconf 87' lang='lat' dir='ltr'><strong>plurimae</strong></span> <span class='ocrx_word' id='word_1_473' title='bbox 352 3259 521 3324; x_wconf 87' lang='lat' dir='ltr'><strong>reperiantur,</strong></span> <span class='ocrx_word' id='word_1_474' title='bbox 540 3261 583 3309; x_wconf 88' lang='lat' dir='ltr'><strong>sed</strong></span> <span class='ocrx_word' id='word_1_475' title='bbox 598 3264 685 3310; x_wconf 77' lang='lat' dir='ltr'><strong>&#39;versus</strong></span> <span class='ocrx_word' id='word_1_476' title='bbox 703 3276 744 3311; x_wconf 86' lang='lat' dir='ltr'><strong>eas</strong></span> <span class='ocrx_word' id='word_1_477' title='bbox 762 3265 868 3309; x_wconf 88' lang='lat' dir='ltr'><strong>recusat.</strong></span> <span class='ocrx_word' id='word_1_478' title='bbox 894 3260 1042 3310; x_wconf 87' lang='lat' dir='ltr'><strong>Poteramus</strong></span> <span class='ocrx_word' id='word_1_479' title='bbox 1056 3258 1162 3324; x_wconf 74' lang='lat' dir='ltr'><strong>&#39;quidem</strong></span> <span class='ocrx_word' id='word_1_480' title='bbox 1179 3260 1230 3310; x_wconf 80' lang='lat' dir='ltr'><strong>levi</strong></span> <span class='ocrx_word' id='word_1_481' title='bbox 1246 3264 1335 3310; x_wconf 86' lang='lat' dir='ltr'><strong>muta·</strong></span> 
     </span>
     <span class='ocr_line' id='line_1_46' title="bbox 212 3327 1333 3391; baseline 0.002 -15"><span class='ocrx_word' id='word_1_482' title='bbox 212 3328 281 3376; x_wconf 85' lang='lat' dir='ltr'><strong>tione</strong></span> <span class='ocrx_word' id='word_1_483' title='bbox 299 3343 352 3376; x_wconf 88' lang='lat' dir='ltr'><strong>rem</strong></span> <span class='ocrx_word' id='word_1_484' title='bbox 368 3328 497 3389; x_wconf 83' lang='lat' dir='ltr'><strong>conticere,</strong></span> <span class='ocrx_word' id='word_1_485' title='bbox 516 3327 644 3390; x_wconf 82' lang='lat' dir='ltr'><strong>„Altricie</strong></span> <span class='ocrx_word' id='word_1_486' title='bbox 661 3332 740 3377; x_wconf 62' lang='lat' dir='ltr'><strong>acha</strong></span> <span class='ocrx_word' id='word_1_487' title='bbox 758 3328 838 3377; x_wconf 83' lang='lat' dir='ltr'><strong>limen</strong></span> <span class='ocrx_word' id='word_1_488' title='bbox 847 3328 988 3390; x_wconf 85' lang='lat' dir='ltr'><strong>Amuliae“,</strong></span> <span class='ocrx_word' id='word_1_489' title='bbox 1006 3328 1135 3391; x_wconf 72' lang='lat' dir='ltr'><strong>„Alte-icis</strong></span> <span class='ocrx_word' id='word_1_490' title='bbox 1152 3334 1232 3378; x_wconf 72' lang='lat' dir='ltr'><strong>entra</strong></span> <span class='ocrx_word' id='word_1_491' title='bbox 1249 3328 1333 3378; x_wconf 79' lang='lat' dir='ltr'><strong>limen</strong></span> 
     </span>
     <span class='ocr_line' id='line_1_47' title="bbox 212 3393 1336 3473; baseline 0.002 -30"><span class='ocrx_word' id='word_1_492' title='bbox 212 3393 366 3472; x_wconf 76' lang='lat' dir='ltr'><strong>Aquiliae“:</strong></span> <span class='ocrx_word' id='word_1_493' title='bbox 401 3395 451 3472; x_wconf 77' lang='lat' dir='ltr'><strong>piei</strong></span> <span class='ocrx_word' id='word_1_494' title='bbox 464 3395 585 3473; x_wconf 80' lang='lat' dir='ltr'><strong>ineptum</strong></span> <span class='ocrx_word' id='word_1_495' title='bbox 601 3395 678 3460; x_wconf 87' lang='lat' dir='ltr'><strong>plane</strong></span> <span class='ocrx_word' id='word_1_496' title='bbox 695 3401 721 3445; x_wconf 92' lang='lat' dir='ltr'><strong>et</strong></span> <span class='ocrx_word' id='word_1_497' title='bbox 737 3393 873 3445; x_wconf 80' lang='lat' dir='ltr'><strong>absurdum</strong></span> <span class='ocrx_word' id='word_1_498' title='bbox 890 3396 969 3459; x_wconf 84' lang='lat' dir='ltr'><strong>foret,</strong></span> <span class='ocrx_word' id='word_1_499' title='bbox 992 3396 1023 3445; x_wconf 89' lang='lat' dir='ltr'><strong>de</strong></span> <span class='ocrx_word' id='word_1_500' title='bbox 1040 3396 1150 3447; x_wconf 87' lang='lat' dir='ltr'><strong>nutricis</strong></span> <span class='ocrx_word' id='word_1_501' title='bbox 1166 3397 1269 3446; x_wconf 86' lang='lat' dir='ltr'><strong>nomine</strong></span> <span class='ocrx_word' id='word_1_502' title='bbox 1289 3396 1336 3445; x_wconf 85' lang='lat' dir='ltr'><strong>hic</strong></span> 
     </span>
     <span class='ocr_line' id='line_1_48' title="bbox 212 3460 1359 3597; baseline 0.003 -18"><span class='ocrx_word' id='word_1_503' title='bbox 212 3460 1359 3597; x_wconf 47' lang='lat' dir='ltr'><strong>ittiffipiidliiitltutatalatitantium·</strong></span> 
     </span>
     <span class='ocr_line' id='line_1_49' title="bbox 213 3596 1334 3665; baseline 0 -16"><span class='ocrx_word' id='word_1_504' title='bbox 213 3611 304 3649; x_wconf 89' lang='lat' dir='ltr'><strong>nomen</strong></span> <span class='ocrx_word' id='word_1_505' title='bbox 321 3596 464 3659; x_wconf 78' lang='lat' dir='ltr'><strong>ingereret?</strong></span> <span class='ocrx_word' id='word_1_506' title='bbox 495 3597 593 3661; x_wconf 86' lang='lat' dir='ltr'><strong>qualem</strong></span> <span class='ocrx_word' id='word_1_507' title='bbox 610 3614 669 3648; x_wconf 84' lang='lat' dir='ltr'><strong>vero</strong></span> <span class='ocrx_word' id='word_1_508' title='bbox 685 3598 799 3649; x_wconf 89' lang='lat' dir='ltr'><strong>altricem</strong></span> <span class='ocrx_word' id='word_1_509' title='bbox 817 3600 845 3649; x_wconf 88' lang='lat' dir='ltr'><strong>in</strong></span> <span class='ocrx_word' id='word_1_510' title='bbox 862 3605 914 3649; x_wconf 89' lang='lat' dir='ltr'><strong>tam</strong></span> <span class='ocrx_word' id='word_1_511' title='bbox 931 3615 1042 3665; x_wconf 87' lang='lat' dir='ltr'><strong>paupere</strong></span> <span class='ocrx_word' id='word_1_512' title='bbox 1058 3602 1154 3651; x_wconf 75' lang='lat' dir='ltr'><strong>domo?</strong></span> <span class='ocrx_word' id='word_1_513' title='bbox 1183 3599 1334 3650; x_wconf 87' lang='lat' dir='ltr'><strong>ancillulam</strong></span> 
     </span>
     <span class='ocr_line' id='line_1_50' title="bbox 213 3662 1335 3735; baseline 0 -19"><span class='ocrx_word' id='word_1_514' title='bbox 213 3664 312 3716; x_wconf 87' lang='lat' dir='ltr'><strong>scilicet</strong></span> <span class='ocrx_word' id='word_1_515' title='bbox 329 3662 381 3713; x_wconf 90' lang='lat' dir='ltr'><strong>sole</strong></span> <span class='ocrx_word' id='word_1_516' title='bbox 398 3669 513 3728; x_wconf 90' lang='lat' dir='ltr'><strong>coctam,</strong></span> <span class='ocrx_word' id='word_1_517' title='bbox 537 3666 578 3715; x_wconf 89' lang='lat' dir='ltr'><strong>cui</strong></span> <span class='ocrx_word' id='word_1_518' title='bbox 596 3682 688 3716; x_wconf 88' lang='lat' dir='ltr'><strong>nomen</strong></span> <span class='ocrx_word' id='word_1_519' title='bbox 704 3667 840 3733; x_wconf 75' lang='lat' dir='ltr'><strong>Pbrygiae</strong></span> <span class='ocrx_word' id='word_1_520' title='bbox 857 3668 945 3728; x_wconf 90' lang='lat' dir='ltr'><strong>credo,</strong></span> <span class='ocrx_word' id='word_1_521' title='bbox 970 3672 1015 3717; x_wconf 87' lang='lat' dir='ltr'><strong>ant</strong></span> <span class='ocrx_word' id='word_1_522' title='bbox 1032 3667 1126 3735; x_wconf 76' lang='lat' dir='ltr'><strong>Syrae.</strong></span> <span class='ocrx_word' id='word_1_523' title='bbox 1161 3668 1220 3718; x_wconf 86' lang='lat' dir='ltr'><strong>Nisi</strong></span> <span class='ocrx_word' id='word_1_524' title='bbox 1236 3668 1335 3732; x_wconf 86' lang='lat' dir='ltr'><strong>potius,</strong></span> 
     </span>
     <span class='ocr_line' id='line_1_51' title="bbox 214 3731 1333 3800; baseline 0.001 -17"><span class='ocrx_word' id='word_1_525' title='bbox 214 3732 327 3786; x_wconf 78' lang='lat' dir='ltr'><strong>servulae</strong></span> <span class='ocrx_word' id='word_1_526' title='bbox 335 3731 430 3797; x_wconf 84' lang='lat' dir='ltr'><strong>inopia,</strong></span> <span class='ocrx_word' id='word_1_527' title='bbox 448 3733 534 3782; x_wconf 86' lang='lat' dir='ltr'><strong>eadem</strong></span> <span class='ocrx_word' id='word_1_528' title='bbox 542 3733 588 3783; x_wconf 90' lang='lat' dir='ltr'><strong>illa</strong></span> <span class='ocrx_word' id='word_1_529' title='bbox 596 3749 660 3798; x_wconf 86' lang='lat' dir='ltr'><strong>quae</strong></span> <span class='ocrx_word' id='word_1_530' title='bbox 668 3735 775 3800; x_wconf 88' lang='lat' dir='ltr'><strong>peperit,</strong></span> <span class='ocrx_word' id='word_1_531' title='bbox 793 3751 924 3785; x_wconf 85' lang='lat' dir='ltr'><strong>mammam</strong></span> <span class='ocrx_word' id='word_1_532' title='bbox 941 3735 1048 3788; x_wconf 85' lang='lat' dir='ltr'><strong>dederit.</strong></span> <span class='ocrx_word' id='word_1_533' title='bbox 1071 3736 1137 3786; x_wconf 82' lang='lat' dir='ltr'><strong>Cave</strong></span> <span class='ocrx_word' id='word_1_534' title='bbox 1146 3736 1234 3786; x_wconf 87' lang='lat' dir='ltr'><strong>credas</strong></span> <span class='ocrx_word' id='word_1_535' title='bbox 1243 3735 1333 3800; x_wconf 78' lang='lat' dir='ltr'><strong>igitur,</strong></span> 
     </span>
     <span class='ocr_line' id='line_1_52' title="bbox 213 3800 1333 3865; baseline 0 -13"><span class='ocrx_word' id='word_1_536' title='bbox 213 3809 265 3853; x_wconf 88' lang='lat' dir='ltr'><strong>tam</strong></span> <span class='ocrx_word' id='word_1_537' title='bbox 283 3815 374 3856; x_wconf 74' lang='lat' dir='ltr'><strong>uanum</strong></span> <span class='ocrx_word' id='word_1_538' title='bbox 392 3804 417 3849; x_wconf 90' lang='lat' dir='ltr'><strong>et</strong></span> <span class='ocrx_word' id='word_1_539' title='bbox 433 3800 553 3851; x_wconf 85' lang='lat' dir='ltr'><strong>stolidum</strong></span> <span class='ocrx_word' id='word_1_540' title='bbox 569 3801 647 3852; x_wconf 83' lang='lat' dir='ltr'><strong>luisse</strong></span> <span class='ocrx_word' id='word_1_541' title='bbox 664 3804 799 3865; x_wconf 86' lang='lat' dir='ltr'><strong>Nostrum,</strong></span> <span class='ocrx_word' id='word_1_542' title='bbox 824 3807 855 3852; x_wconf 91' lang='lat' dir='ltr'><strong>ut</strong></span> <span class='ocrx_word' id='word_1_543' title='bbox 871 3803 939 3853; x_wconf 88' lang='lat' dir='ltr'><strong>sicut</strong></span> <span class='ocrx_word' id='word_1_544' title='bbox 955 3807 1051 3855; x_wconf 87' lang='lat' dir='ltr'><strong>Aeneas</strong></span> <span class='ocrx_word' id='word_1_545' title='bbox 1067 3803 1194 3854; x_wconf 78' lang='lat' dir='ltr'><strong>nutricem</strong></span> <span class='ocrx_word' id='word_1_546' title='bbox 1211 3802 1333 3862; x_wconf 79' lang='lat' dir='ltr'><strong>Caietam,</strong></span> 
     </span>
     <span class='ocr_line' id='line_1_53' title="bbox 213 3867 1332 3937; baseline -0.002 -16"><span class='ocrx_word' id='word_1_547' title='bbox 213 3872 251 3921; x_wconf 92' lang='lat' dir='ltr'><strong>ita</strong></span> <span class='ocrx_word' id='word_1_548' title='bbox 267 3870 310 3920; x_wconf 91' lang='lat' dir='ltr'><strong>hic</strong></span> <span class='ocrx_word' id='word_1_549' title='bbox 319 3868 422 3919; x_wconf 85' lang='lat' dir='ltr'><strong>Damae</strong></span> <span class='ocrx_word' id='word_1_550' title='bbox 430 3873 479 3918; x_wconf 87' lang='lat' dir='ltr'><strong>aut</strong></span> <span class='ocrx_word' id='word_1_551' title='bbox 486 3869 614 3935; x_wconf 75' lang='lat' dir='ltr'><strong>Dionysii</strong></span> <span class='ocrx_word' id='word_1_552' title='bbox 627 3867 702 3937; x_wconf 78' lang='lat' dir='ltr'><strong>filim</strong></span> <span class='ocrx_word' id='word_1_553' title='bbox 719 3887 789 3920; x_wconf 89' lang='lat' dir='ltr'><strong>suam</strong></span> <span class='ocrx_word' id='word_1_554' title='bbox 806 3873 940 3922; x_wconf 86' lang='lat' dir='ltr'><strong>memoriae</strong></span> <span class='ocrx_word' id='word_1_555' title='bbox 949 3873 1065 3923; x_wconf 88' lang='lat' dir='ltr'><strong>traderet.</strong></span> <span class='ocrx_word' id='word_1_556' title='bbox 1095 3872 1164 3929; x_wconf 81' lang='lat' dir='ltr'><strong>Quid</strong></span> <span class='ocrx_word' id='word_1_557' title='bbox 1174 3869 1332 3937; x_wconf 85' lang='lat' dir='ltr'><strong>itaqnefletl</strong></span> 
     </span>
     <span class='ocr_line' id='line_1_54' title="bbox 214 3936 1333 4002; baseline -0.001 -13"><span class='ocrx_word' id='word_1_558' title='bbox 214 3939 301 3989; x_wconf 85' lang='lat' dir='ltr'><strong>haeret</strong></span> <span class='ocrx_word' id='word_1_559' title='bbox 309 3936 422 4002; x_wconf 85' lang='lat' dir='ltr'><strong>profecto</strong></span> <span class='ocrx_word' id='word_1_560' title='bbox 431 3950 509 4001; x_wconf 88' lang='lat' dir='ltr'><strong>aqua:</strong></span> <span class='ocrx_word' id='word_1_561' title='bbox 528 3953 608 4001; x_wconf 89' lang='lat' dir='ltr'><strong>neque</strong></span> <span class='ocrx_word' id='word_1_562' title='bbox 617 3939 751 4002; x_wconf 88' lang='lat' dir='ltr'><strong>quiequam</strong></span> <span class='ocrx_word' id='word_1_563' title='bbox 760 3940 848 3989; x_wconf 78' lang='lat' dir='ltr'><strong>iuvant</strong></span> <span class='ocrx_word' id='word_1_564' title='bbox 862 3944 907 3990; x_wconf 90' lang='lat' dir='ltr'><strong>aut</strong></span> <span class='ocrx_word' id='word_1_565' title='bbox 919 3946 1074 3990; x_wconf 85' lang='lat' dir='ltr'><strong>enarratores</strong></span> <span class='ocrx_word' id='word_1_566' title='bbox 1084 3940 1243 3993; x_wconf 87' lang='lat' dir='ltr'><strong>autcodices.</strong></span> <span class='ocrx_word' id='word_1_567' title='bbox 1260 3938 1333 3989; x_wconf 88' lang='lat' dir='ltr'><strong>Peri·</strong></span> 
     </span>
     <span class='ocr_line' id='line_1_55' title="bbox 214 4003 1334 4073; baseline -0.002 -16"><span class='ocrx_word' id='word_1_568' title='bbox 214 4007 331 4057; x_wconf 89' lang='lat' dir='ltr'><strong>clitemur</strong></span> <span class='ocrx_word' id='word_1_569' title='bbox 337 4003 486 4071; x_wconf 87' lang='lat' dir='ltr'><strong>paullulum,</strong></span> <span class='ocrx_word' id='word_1_570' title='bbox 496 4020 528 4055; x_wconf 91' lang='lat' dir='ltr'><strong>au</strong></span> <span class='ocrx_word' id='word_1_571' title='bbox 538 4007 683 4056; x_wconf 88' lang='lat' dir='ltr'><strong>coniectura</strong></span> <span class='ocrx_word' id='word_1_572' title='bbox 692 4006 777 4071; x_wconf 88' lang='lat' dir='ltr'><strong>aliqua</strong></span> <span class='ocrx_word' id='word_1_573' title='bbox 786 4023 837 4056; x_wconf 92' lang='lat' dir='ltr'><strong>non</strong></span> <span class='ocrx_word' id='word_1_574' title='bbox 844 4008 943 4057; x_wconf 89' lang='lat' dir='ltr'><strong>socordi</strong></span> <span class='ocrx_word' id='word_1_575' title='bbox 952 4007 1078 4057; x_wconf 88' lang='lat' dir='ltr'><strong>laboranti</strong></span> <span class='ocrx_word' id='word_1_576' title='bbox 1089 4012 1178 4073; x_wconf 87' lang='lat' dir='ltr'><strong>poetae</strong></span> <span class='ocrx_word' id='word_1_577' title='bbox 1187 4020 1334 4058; x_wconf 86' lang='lat' dir='ltr'><strong>succurrere</strong></span> 
     </span>
     <span class='ocr_line' id='line_1_56' title="bbox 214 4072 1331 4141; baseline 0 -17"><span class='ocrx_word' id='word_1_578' title='bbox 214 4074 347 4137; x_wconf 86' lang='lat' dir='ltr'><strong>possimus.</strong></span> <span class='ocrx_word' id='word_1_579' title='bbox 382 4072 512 4124; x_wconf 81' lang='lat' dir='ltr'><strong>Gloriatur</strong></span> <span class='ocrx_word' id='word_1_580' title='bbox 528 4072 571 4123; x_wconf 86' lang='lat' dir='ltr'><strong>hic</strong></span> <span class='ocrx_word' id='word_1_581' title='bbox 582 4074 682 4136; x_wconf 88' lang='lat' dir='ltr'><strong>Noster,</strong></span> <span class='ocrx_word' id='word_1_582' title='bbox 700 4090 727 4124; x_wconf 92' lang='lat' dir='ltr'><strong>se</strong></span> <span class='ocrx_word' id='word_1_583' title='bbox 744 4074 776 4125; x_wconf 89' lang='lat' dir='ltr'><strong>ab</strong></span> <span class='ocrx_word' id='word_1_584' title='bbox 794 4076 858 4141; x_wconf 87' lang='lat' dir='ltr'><strong>ipsis</strong></span> <span class='ocrx_word' id='word_1_585' title='bbox 875 4075 1039 4126; x_wconf 88' lang='lat' dir='ltr'><strong>incunabulis</strong></span> <span class='ocrx_word' id='word_1_586' title='bbox 1052 4076 1109 4126; x_wconf 91' lang='lat' dir='ltr'><strong>Diis</strong></span> <span class='ocrx_word' id='word_1_587' title='bbox 1127 4076 1232 4126; x_wconf 86' lang='lat' dir='ltr'><strong>charum</strong></span> <span class='ocrx_word' id='word_1_588' title='bbox 1249 4079 1274 4125; x_wconf 91' lang='lat' dir='ltr'><strong>et</strong></span> <span class='ocrx_word' id='word_1_589' title='bbox 1291 4075 1331 4124; x_wconf 92' lang='lat' dir='ltr'><strong>di·</strong></span> 
     </span>
     <span class='ocr_line' id='line_1_57' title="bbox 213 4139 1335 4208; baseline 0.004 -17"><span class='ocrx_word' id='word_1_590' title='bbox 213 4140 307 4193; x_wconf 85' lang='lat' dir='ltr'><strong>lectum</strong></span> <span class='ocrx_word' id='word_1_591' title='bbox 324 4139 416 4191; x_wconf 83' lang='lat' dir='ltr'><strong>luisse:</strong></span> <span class='ocrx_word' id='word_1_592' title='bbox 435 4141 462 4191; x_wconf 90' lang='lat' dir='ltr'><strong>id</strong></span> <span class='ocrx_word' id='word_1_593' title='bbox 479 4156 509 4192; x_wconf 89' lang='lat' dir='ltr'><strong>eo</strong></span> <span class='ocrx_word' id='word_1_594' title='bbox 526 4146 689 4205; x_wconf 73' lang='lat' dir='ltr'><strong>argumento,</strong></span> <span class='ocrx_word' id='word_1_595' title='bbox 707 4142 768 4206; x_wconf 89' lang='lat' dir='ltr'><strong>quia</strong></span> <span class='ocrx_word' id='word_1_596' title='bbox 781 4157 851 4208; x_wconf 84' lang='lat' dir='ltr'><strong>puer</strong></span> <span class='ocrx_word' id='word_1_597' title='bbox 868 4143 945 4207; x_wconf 85' lang='lat' dir='ltr'><strong>olim,</strong></span> <span class='ocrx_word' id='word_1_598' title='bbox 965 4143 1017 4197; x_wconf 86' lang='lat' dir='ltr'><strong>imo</strong></span> <span class='ocrx_word' id='word_1_599' title='bbox 1035 4143 1134 4208; x_wconf 74' lang='lat' dir='ltr'><strong>insuar,</strong></span> <span class='ocrx_word' id='word_1_600' title='bbox 1152 4150 1182 4194; x_wconf 92' lang='lat' dir='ltr'><strong>ut</strong></span> <span class='ocrx_word' id='word_1_601' title='bbox 1198 4160 1272 4195; x_wconf 79' lang='lat' dir='ltr'><strong>versu</strong></span> <span class='ocrx_word' id='word_1_602' title='bbox 1287 4144 1335 4204; x_wconf 71' lang='lat'><strong>2⁰,</strong></span> 
     </span>
    </p>
   </div>
   <div class='ocr_carea' id='block_1_3' title="bbox 0 0 1422 4758">
    <p class='ocr_par' dir='ltr' id='par_1_3' title="bbox 0 0 1422 4758">
     <span class='ocr_line' id='line_1_58' title="bbox 0 0 1422 4758; baseline 0 0"><span class='ocrx_word' id='word_1_603' title='bbox 0 0 1422 4758; x_wconf 95' lang='lat' dir='ltr'><strong> </strong></span> 
     </span>
    </p>
   </div>
  </div>
 </body>
</html>
