<?xml version="1.0" encoding="UTF-8"?>
<!DOCTYPE html PUBLIC "-//W3C//DTD XHTML 1.0 Transitional//EN"
    "http://www.w3.org/TR/xhtml1/DTD/xhtml1-transitional.dtd">
<html xmlns="http://www.w3.org/1999/xhtml" xml:lang="en" lang="en">
 <head>
  <title>
</title>
<meta http-equiv="Content-Type" content="text/html;charset=utf-8" />
  <meta name='ocr-system' content='tesseract 3.04.00' />
  <meta name='ocr-capabilities' content='ocr_page ocr_carea ocr_par ocr_line ocrx_word'/>
</head>
<body>
  <div class='ocr_page' id='page_1' title='image "./qhoratiusflaccu02bentgoog_0253.png"; bbox 0 0 2834 4758; ppageno 0'>
   <div class='ocr_carea' id='block_1_1' title="bbox 203 187 930 258">
    <p class='ocr_par' dir='ltr' id='par_1_1' title="bbox 203 187 930 258">
     <span class='ocr_line' id='line_1_1' title="bbox 203 187 930 258; baseline -0.006 -5"><span class='ocrx_word' id='word_1_1' title='bbox 203 187 264 253; x_wconf 73' lang='grc'>296</span> <span class='ocrx_word' id='word_1_2' title='bbox 590 200 621 258; x_wconf 84' lang='lat' dir='ltr'>q:</span> <span class='ocrx_word' id='word_1_3' title='bbox 644 198 930 254; x_wconf 73' lang='lat' dir='ltr'>uonn‘rrrsnnscr</span> 
     </span>
    </p>
   </div>
   <div class='ocr_carea' id='block_1_2' title="bbox 287 329 961 587">
    <p class='ocr_par' dir='ltr' id='par_1_2' title="bbox 287 329 961 587">
     <span class='ocr_line' id='line_1_2' title="bbox 288 329 888 417; baseline 0 -20"><span class='ocrx_word' id='word_1_4' title='bbox 288 335 324 397; x_wconf 94' lang='lat' dir='ltr'>Io</span> <span class='ocrx_word' id='word_1_5' title='bbox 347 329 537 417; x_wconf 81' lang='lat' dir='ltr'>Triumphe;</span> <span class='ocrx_word' id='word_1_6' title='bbox 561 338 596 395; x_wconf 89' lang='lat' dir='ltr'>tu</span> <span class='ocrx_word' id='word_1_7' title='bbox 617 331 752 396; x_wconf 86' lang='lat' dir='ltr'>moraris</span> <span class='ocrx_word' id='word_1_8' title='bbox 774 352 888 398; x_wconf 87' lang='lat' dir='ltr'>aurcos</span> 
     </span>
     <span class='ocr_line' id='line_1_3' title="bbox 331 417 807 492; baseline -0.004 -10"><span class='ocrx_word' id='word_1_9' title='bbox 331 418 463 492; x_wconf 80' lang='lat' dir='ltr'>Currus,</span> <span class='ocrx_word' id='word_1_10' title='bbox 487 423 519 482; x_wconf 91' lang='lat' dir='ltr'>et</span> <span class='ocrx_word' id='word_1_11' title='bbox 540 417 677 482; x_wconf 87' lang='lat' dir='ltr'>intactas</span> <span class='ocrx_word' id='word_1_12' title='bbox 700 417 807 483; x_wconf 85' lang='lat' dir='ltr'>bores.</span> 
     </span>
     <span class='ocr_line' id='line_1_4' title="bbox 287 501 961 587; baseline 0.001 -22"><span class='ocrx_word' id='word_1_13' title='bbox 287 502 322 567; x_wconf 93' lang='lat' dir='ltr'>lo</span> <span class='ocrx_word' id='word_1_14' title='bbox 344 501 536 587; x_wconf 82' lang='lat' dir='ltr'>Triumphe3</span> <span class='ocrx_word' id='word_1_15' title='bbox 559 521 618 566; x_wconf 92' lang='lat' dir='ltr'>nec</span> <span class='ocrx_word' id='word_1_16' title='bbox 638 501 828 582; x_wconf 82' lang='lat' dir='ltr'>Iugurthino</span> <span class='ocrx_word' id='word_1_17' title='bbox 851 522 961 587; x_wconf 87' lang='lat' dir='ltr'>parem</span> 
     </span>
    </p>
   </div>
   <div class='ocr_carea' id='block_1_3' title="bbox 245 586 1063 1089">
    <p class='ocr_par' dir='ltr' id='par_1_3' title="bbox 245 586 1063 1089">
     <span class='ocr_line' id='line_1_5' title="bbox 330 586 762 671; baseline -0.007 -19"><span class='ocrx_word' id='word_1_18' title='bbox 330 587 419 652; x_wconf 92' lang='lat' dir='ltr'>Bello</span> <span class='ocrx_word' id='word_1_19' title='bbox 441 586 611 671; x_wconf 81' lang='lat' dir='ltr'>reportasti</span> <span class='ocrx_word' id='word_1_20' title='bbox 633 586 762 663; x_wconf 90' lang='lat' dir='ltr'>ducem;</span> 
     </span>
     <span class='ocr_line' id='line_1_6' title="bbox 245 669 1063 755; baseline -0.001 -21"><span class='ocrx_word' id='word_1_21' title='bbox 245 685 276 734; x_wconf 80' lang='lat' dir='ltr'>rs</span> <span class='ocrx_word' id='word_1_22' title='bbox 290 675 404 754; x_wconf 83' lang='lat' dir='ltr'>Neque</span> <span class='ocrx_word' id='word_1_23' title='bbox 425 672 620 747; x_wconf 78' lang='lat' dir='ltr'>Africanum,</span> <span class='ocrx_word' id='word_1_24' title='bbox 643 671 695 734; x_wconf 88' lang='lat' dir='ltr'>cui</span> <span class='ocrx_word' id='word_1_25' title='bbox 717 690 814 755; x_wconf 88' lang='lat' dir='ltr'>super·</span> <span class='ocrx_word' id='word_1_26' title='bbox 836 669 1063 752; x_wconf 79' lang='lat' dir='ltr'>Carthaginem</span> 
     </span>
     <span class='ocr_line' id='line_1_7' title="bbox 331 754 817 841; baseline -0.004 -18"><span class='ocrx_word' id='word_1_27' title='bbox 331 757 441 823; x_wconf 85' lang='lat' dir='ltr'>Virtus</span> <span class='ocrx_word' id='word_1_28' title='bbox 463 756 644 841; x_wconf 86' lang='lat' dir='ltr'>sepulcrum</span> <span class='ocrx_word' id='word_1_29' title='bbox 667 754 817 821; x_wconf 78' lang='lat' dir='ltr'><strong>condidit.</strong></span> 
     </span>
     <span class='ocr_line' id='line_1_8' title="bbox 288 839 942 923; baseline -0.005 -17"><span class='ocrx_word' id='word_1_30' title='bbox 288 843 388 909; x_wconf 84' lang='lat' dir='ltr'>Terra</span> <span class='ocrx_word' id='word_1_31' title='bbox 409 840 553 923; x_wconf 86' lang='lat' dir='ltr'>marique</span> <span class='ocrx_word' id='word_1_32' title='bbox 575 839 678 907; x_wconf 86' lang='lat' dir='ltr'>rictus</span> <span class='ocrx_word' id='word_1_33' title='bbox 699 839 801 904; x_wconf 89' lang='lat' dir='ltr'>hostis</span> <span class='ocrx_word' id='word_1_34' title='bbox 822 839 942 904; x_wconf 91' lang='lat' dir='ltr'>Punico</span> 
     </span>
     <span class='ocr_line' id='line_1_9' title="bbox 331 924 785 1007; baseline -0.013 -14"><span class='ocrx_word' id='word_1_35' title='bbox 331 926 483 1007; x_wconf 85' lang='lat' dir='ltr'>Lugubre</span> <span class='ocrx_word' id='word_1_36' title='bbox 504 924 641 991; x_wconf 81' lang='lat' dir='ltr'>mutavit</span> <span class='ocrx_word' id='word_1_37' title='bbox 662 945 785 1005; x_wconf 79' lang='lat' dir='ltr'>sagum.</span> 
     </span>
     <span class='ocr_line' id='line_1_10' title="bbox 593 1024 926 1089; baseline -0.003 -15"><span class='ocrx_word' id='word_1_38' title='bbox 593 1042 615 1077; x_wconf 89' lang='lat' dir='ltr'>v.</span> <span class='ocrx_word' id='word_1_39' title='bbox 635 1028 674 1076; x_wconf 79' lang='lat'>25.</span> <span class='ocrx_word' id='word_1_40' title='bbox 693 1025 768 1089; x_wconf 83' lang='lat' dir='ltr'>ang.</span> <span class='ocrx_word' id='word_1_41' title='bbox 788 1024 926 1085; x_wconf 75' lang='lat' dir='ltr'>Africano.</span> 
     </span>
    </p>
   </div>
   <div class='ocr_carea' id='block_1_4' title="bbox 201 1142 1331 2567">
    <p class='ocr_par' dir='ltr' id='par_1_4' title="bbox 203 1142 1331 1615">
     <span class='ocr_line' id='line_1_11' title="bbox 272 1142 1331 1208; baseline -0.003 -11"><span class='ocrx_word' id='word_1_42' title='bbox 272 1148 311 1201; x_wconf 79' lang='lat'>22.</span> <span class='ocrx_word' id='word_1_43' title='bbox 339 1144 441 1195; x_wconf 70' lang='lat' dir='ltr'>Currus</span> <span class='ocrx_word' id='word_1_44' title='bbox 467 1150 493 1193; x_wconf 87' lang='lat' dir='ltr'>et</span> <span class='ocrx_word' id='word_1_45' title='bbox 515 1147 630 1194; x_wconf 84' lang='lat' dir='ltr'>intactus</span> <span class='ocrx_word' id='word_1_46' title='bbox 656 1145 741 1205; x_wconf 85' lang='lat' dir='ltr'>boves]</span> <span class='ocrx_word' id='word_1_47' title='bbox 777 1143 834 1191; x_wconf 90' lang='lat' dir='ltr'>Nic.</span> <span class='ocrx_word' id='word_1_48' title='bbox 852 1142 977 1192; x_wconf 80' lang='lat' dir='ltr'>Heinsius</span> <span class='ocrx_word' id='word_1_49' title='bbox 995 1142 1023 1192; x_wconf 89' lang='lat' dir='ltr'>in</span> <span class='ocrx_word' id='word_1_50' title='bbox 1040 1144 1155 1208; x_wconf 81' lang='lat' dir='ltr'>margine</span> <span class='ocrx_word' id='word_1_51' title='bbox 1173 1142 1331 1207; x_wconf 82' lang='lat' dir='ltr'>exemplaris</span> 
     </span>
     <span class='ocr_line' id='line_1_12' title="bbox 203 1211 1331 1275; baseline -0.004 -11"><span class='ocrx_word' id='word_1_52' title='bbox 203 1214 252 1275; x_wconf 88' lang='lat' dir='ltr'>sui,</span> <span class='ocrx_word' id='word_1_53' title='bbox 274 1212 363 1275; x_wconf 85' lang='lat' dir='ltr'>Ferte,</span> <span class='ocrx_word' id='word_1_54' title='bbox 389 1212 434 1274; x_wconf 88' lang='lat' dir='ltr'>ait,</span> <span class='ocrx_word' id='word_1_55' title='bbox 457 1215 619 1262; x_wconf 83' lang='lat' dir='ltr'>intactos.</span> <span class='ocrx_word' id='word_1_56' title='bbox 656 1211 705 1261; x_wconf 85' lang='lat' dir='ltr'>Sed</span> <span class='ocrx_word' id='word_1_57' title='bbox 723 1215 792 1260; x_wconf 80' lang='lat' dir='ltr'>vetet</span> <span class='ocrx_word' id='word_1_58' title='bbox 808 1211 856 1260; x_wconf 92' lang='lat' dir='ltr'>hoc</span> <span class='ocrx_word' id='word_1_59' title='bbox 875 1216 987 1259; x_wconf 88' lang='lat' dir='ltr'>vetustus</span> <span class='ocrx_word' id='word_1_60' title='bbox 1006 1211 1191 1261; x_wconf 80' lang='lat' dir='ltr'>Grammaticus</span> <span class='ocrx_word' id='word_1_61' title='bbox 1208 1211 1331 1261; x_wconf 84' lang='lat' dir='ltr'>Valerius</span> 
     </span>
     <span class='ocr_line' id='line_1_13' title="bbox 203 1278 1330 1345; baseline -0.002 -14"><span class='ocrx_word' id='word_1_62' title='bbox 203 1279 301 1331; x_wconf 89' lang='lat' dir='ltr'>Probus</span> <span class='ocrx_word' id='word_1_63' title='bbox 319 1296 344 1345; x_wconf 89' lang='lat' dir='ltr'>p.</span> <span class='ocrx_word' id='word_1_64' title='bbox 358 1281 430 1332; x_wconf 78' lang='grc'><strong>1462.</strong></span> <span class='ocrx_word' id='word_1_65' title='bbox 456 1280 524 1342; x_wconf 87' lang='lat' dir='ltr'>„Hic</span> <span class='ocrx_word' id='word_1_66' title='bbox 542 1281 643 1329; x_wconf 81' lang='lat' dir='ltr'>ethaec</span> <span class='ocrx_word' id='word_1_67' title='bbox 661 1281 706 1330; x_wconf 83' lang='lat' dir='ltr'>bos</span> <span class='ocrx_word' id='word_1_68' title='bbox 724 1280 804 1328; x_wconf 87' lang='lat' dir='ltr'>huius</span> <span class='ocrx_word' id='word_1_69' title='bbox 822 1279 909 1328; x_wconf 86' lang='lat' dir='ltr'>bouis:</span> <span class='ocrx_word' id='word_1_70' title='bbox 929 1278 1069 1328; x_wconf 75' lang='lat' dir='ltr'>Horatius:</span> <span class='ocrx_word' id='word_1_71' title='bbox 1088 1279 1208 1329; x_wconf 85' lang='lat' dir='ltr'>Intactas</span> <span class='ocrx_word' id='word_1_72' title='bbox 1222 1280 1330 1329; x_wconf 82' lang='lat' dir='ltr'>hovcs.“</span> 
     </span>
     <span class='ocr_line' id='line_1_14' title="bbox 203 1345 1330 1412; baseline -0.003 -13"><span class='ocrx_word' id='word_1_73' title='bbox 203 1347 312 1401; x_wconf 81' lang='lat' dir='ltr'>Erudite</span> <span class='ocrx_word' id='word_1_74' title='bbox 330 1346 484 1398; x_wconf 85' lang='lat' dir='ltr'>Scholiastes</span> <span class='ocrx_word' id='word_1_75' title='bbox 502 1347 673 1412; x_wconf 83' lang='lat' dir='ltr'>Porphyrion:</span> <span class='ocrx_word' id='word_1_76' title='bbox 693 1346 829 1411; x_wconf 76' lang='lat' dir='ltr'>„Intactas</span> <span class='ocrx_word' id='word_1_77' title='bbox 848 1348 934 1407; x_wconf 81' lang='lat' dir='ltr'>boues,</span> <span class='ocrx_word' id='word_1_78' title='bbox 951 1347 1000 1395; x_wconf 85' lang='lat' dir='ltr'>iroc</span> <span class='ocrx_word' id='word_1_79' title='bbox 1019 1352 1058 1396; x_wconf 91' lang='lat' dir='ltr'>est</span> <span class='ocrx_word' id='word_1_80' title='bbox 1075 1346 1227 1397; x_wconf 85' lang='lat' dir='ltr'>indomitas.</span> <span class='ocrx_word' id='word_1_81' title='bbox 1263 1345 1330 1397; x_wconf 89' lang='lat' dir='ltr'>Non</span> 
     </span>
     <span class='ocr_line' id='line_1_15' title="bbox 203 1414 1330 1479; baseline -0.001 -14"><span class='ocrx_word' id='word_1_82' title='bbox 203 1420 242 1467; x_wconf 88' lang='lat' dir='ltr'>sic</span> <span class='ocrx_word' id='word_1_83' title='bbox 261 1415 340 1478; x_wconf 76' lang='lat' dir='ltr'>dreit,</span> <span class='ocrx_word' id='word_1_84' title='bbox 358 1417 437 1479; x_wconf 85' lang='lat' dir='ltr'>quasi</span> <span class='ocrx_word' id='word_1_85' title='bbox 453 1414 560 1475; x_wconf 78' lang='lat' dir='ltr'>feminis</span> <span class='ocrx_word' id='word_1_86' title='bbox 579 1421 683 1465; x_wconf 87' lang='lat' dir='ltr'>tantum</span> <span class='ocrx_word' id='word_1_87' title='bbox 702 1415 895 1478; x_wconf 82' lang='lat' dir='ltr'>triumphantes</span> <span class='ocrx_word' id='word_1_88' title='bbox 907 1415 1077 1477; x_wconf 71' lang='lat' dir='ltr'>sacrificent5</span> <span class='ocrx_word' id='word_1_89' title='bbox 1094 1414 1141 1464; x_wconf 86' lang='lat' dir='ltr'>sed</span> <span class='ocrx_word' id='word_1_90' title='bbox 1157 1416 1223 1478; x_wconf 88' lang='lat' dir='ltr'>quia</span> <span class='ocrx_word' id='word_1_91' title='bbox 1241 1421 1330 1465; x_wconf 85' lang='lat' dir='ltr'>metro</span> 
     </span>
     <span class='ocr_line' id='line_1_16' title="bbox 204 1482 1330 1549; baseline -0.001 -16"><span class='ocrx_word' id='word_1_92' title='bbox 204 1483 271 1549; x_wconf 80' lang='lat' dir='ltr'>quiri</span> <span class='ocrx_word' id='word_1_93' title='bbox 285 1485 394 1547; x_wconf 73' lang='lat' dir='ltr'>gratius</span> <span class='ocrx_word' id='word_1_94' title='bbox 411 1482 540 1543; x_wconf 75' lang='lat' dir='ltr'>ferninino</span> <span class='ocrx_word' id='word_1_95' title='bbox 557 1497 656 1547; x_wconf 76' lang='lat' dir='ltr'>garrera</span> <span class='ocrx_word' id='word_1_96' title='bbox 674 1484 758 1545; x_wconf 83' lang='lat' dir='ltr'>borres,</span> <span class='ocrx_word' id='word_1_97' title='bbox 777 1497 857 1546; x_wconf 82' lang='lat' dir='ltr'>quarn</span> <span class='ocrx_word' id='word_1_98' title='bbox 874 1482 1050 1531; x_wconf 86' lang='lat' dir='ltr'>rnaseutino.“</span> <span class='ocrx_word' id='word_1_99' title='bbox 1085 1483 1164 1532; x_wconf 85' lang='lat' dir='ltr'>Porro</span> <span class='ocrx_word' id='word_1_100' title='bbox 1188 1483 1266 1532; x_wconf 85' lang='lat' dir='ltr'>etiam</span> <span class='ocrx_word' id='word_1_101' title='bbox 1286 1485 1330 1532; x_wconf 87' lang='lat' dir='ltr'>in·</span> 
     </span>
     <span class='ocr_line' id='line_1_17' title="bbox 205 1549 993 1615; baseline -0.003 -14"><span class='ocrx_word' id='word_1_102' title='bbox 205 1556 291 1605; x_wconf 83' lang='lat' dir='ltr'>tacius</span> <span class='ocrx_word' id='word_1_103' title='bbox 307 1550 402 1601; x_wconf 86' lang='lat' dir='ltr'>habent</span> <span class='ocrx_word' id='word_1_104' title='bbox 419 1564 505 1599; x_wconf 88' lang='lat' dir='ltr'>omnes</span> <span class='ocrx_word' id='word_1_105' title='bbox 522 1551 614 1615; x_wconf 89' lang='lat' dir='ltr'>scripti</span> <span class='ocrx_word' id='word_1_106' title='bbox 631 1566 688 1600; x_wconf 90' lang='lat' dir='ltr'>oum</span> <span class='ocrx_word' id='word_1_107' title='bbox 706 1550 812 1600; x_wconf 87' lang='lat' dir='ltr'>vetustis</span> <span class='ocrx_word' id='word_1_108' title='bbox 830 1549 993 1600; x_wconf 84' lang='lat' dir='ltr'>editionibus.</span> 
     </span>
    </p>

    <p class='ocr_par' dir='ltr' id='par_1_5' title="bbox 201 1615 1331 2567">
     <span class='ocr_line' id='line_1_18' title="bbox 272 1615 1331 1683; baseline -0.005 -12"><span class='ocrx_word' id='word_1_109' title='bbox 272 1620 312 1671; x_wconf 74' lang='lat'>25.</span> <span class='ocrx_word' id='word_1_110' title='bbox 339 1616 432 1683; x_wconf 83' lang='lat' dir='ltr'>Neque</span> <span class='ocrx_word' id='word_1_111' title='bbox 448 1616 591 1681; x_wconf 83' lang='lat' dir='ltr'>Africano]</span> <span class='ocrx_word' id='word_1_112' title='bbox 627 1620 657 1668; x_wconf 91' lang='lat' dir='ltr'>In</span> <span class='ocrx_word' id='word_1_113' title='bbox 681 1618 773 1683; x_wconf 87' lang='lat' dir='ltr'>priscis</span> <span class='ocrx_word' id='word_1_114' title='bbox 795 1615 962 1667; x_wconf 88' lang='lat' dir='ltr'>Editionibus</span> <span class='ocrx_word' id='word_1_115' title='bbox 985 1616 1082 1668; x_wconf 87' lang='lat' dir='ltr'>Veneta</span> <span class='ocrx_word' id='word_1_116' title='bbox 1106 1622 1131 1667; x_wconf 89' lang='lat' dir='ltr'>et</span> <span class='ocrx_word' id='word_1_117' title='bbox 1152 1617 1331 1667; x_wconf 87' lang='lat' dir='ltr'>Loseheriane</span> 
     </span>
     <span class='ocr_line' id='line_1_19' title="bbox 204 1683 1330 1751; baseline -0.003 -14"><span class='ocrx_word' id='word_1_118' title='bbox 204 1689 241 1737; x_wconf 89' lang='lat' dir='ltr'>sio</span> <span class='ocrx_word' id='word_1_119' title='bbox 264 1685 336 1737; x_wconf 92' lang='lat' dir='ltr'>locus</span> <span class='ocrx_word' id='word_1_120' title='bbox 359 1686 402 1736; x_wconf 91' lang='lat' dir='ltr'>hic</span> <span class='ocrx_word' id='word_1_121' title='bbox 425 1685 564 1738; x_wconf 76' lang='lat' dir='ltr'>exhibetur,</span> <span class='ocrx_word' id='word_1_122' title='bbox 600 1687 648 1750; x_wconf 82' lang='lat' dir='ltr'>„Ie</span> <span class='ocrx_word' id='word_1_123' title='bbox 666 1685 818 1750; x_wconf 85' lang='lat' dir='ltr'>Triumphe,</span> <span class='ocrx_word' id='word_1_124' title='bbox 836 1701 885 1735; x_wconf 89' lang='lat' dir='ltr'>nee</span> <span class='ocrx_word' id='word_1_125' title='bbox 902 1685 1174 1751; x_wconf 75' lang='lat' dir='ltr'>Iugurthino&#39;parcm</span> <span class='ocrx_word' id='word_1_126' title='bbox 1191 1683 1268 1735; x_wconf 85' lang='lat' dir='ltr'>Bello</span> <span class='ocrx_word' id='word_1_127' title='bbox 1286 1701 1330 1734; x_wconf 88' lang='lat' dir='ltr'>re-</span> 
     </span>
     <span class='ocr_line' id='line_1_20' title="bbox 202 1751 1329 1821; baseline -0.003 -16"><span class='ocrx_word' id='word_1_128' title='bbox 202 1757 320 1821; x_wconf 81' lang='lat' dir='ltr'>portasti</span> <span class='ocrx_word' id='word_1_129' title='bbox 337 1753 445 1815; x_wconf 70' lang='lat' dir='ltr'>ducem,-</span> <span class='ocrx_word' id='word_1_130' title='bbox 469 1752 562 1818; x_wconf 85' lang='lat' dir='ltr'>Neque</span> <span class='ocrx_word' id='word_1_131' title='bbox 580 1752 737 1817; x_wconf 78' lang='lat' dir='ltr'>Africanum,</span> <span class='ocrx_word' id='word_1_132' title='bbox 756 1758 803 1804; x_wconf 85' lang='lat' dir='ltr'>cui</span> <span class='ocrx_word' id='word_1_133' title='bbox 817 1768 898 1819; x_wconf 85' lang='lat' dir='ltr'>super</span> <span class='ocrx_word' id='word_1_134' title='bbox 917 1751 1107 1817; x_wconf 80' lang='lat' dir='ltr'>Carthaginem</span> <span class='ocrx_word' id='word_1_135' title='bbox 1126 1752 1221 1803; x_wconf 77' lang='lat' dir='ltr'>Virtus</span> <span class='ocrx_word' id='word_1_136' title='bbox 1238 1753 1329 1817; x_wconf 87' lang='lat' dir='ltr'>sepul-</span> 
     </span>
     <span class='ocr_line' id='line_1_21' title="bbox 205 1821 1331 1886; baseline -0.004 -13"><span class='ocrx_word' id='word_1_137' title='bbox 205 1824 297 1873; x_wconf 81' lang='lat' dir='ltr'>chrum</span> <span class='ocrx_word' id='word_1_138' title='bbox 328 1822 476 1873; x_wconf 83' lang='lat' dir='ltr'>condidit.“</span> <span class='ocrx_word' id='word_1_139' title='bbox 519 1822 607 1886; x_wconf 89' lang='lat' dir='ltr'>Neque</span> <span class='ocrx_word' id='word_1_140' title='bbox 637 1822 713 1872; x_wconf 87' lang='lat' dir='ltr'>aliter</span> <span class='ocrx_word' id='word_1_141' title='bbox 736 1821 882 1885; x_wconf 80' lang='lat' dir='ltr'>praeferunt</span> <span class='ocrx_word' id='word_1_142' title='bbox 906 1821 1042 1871; x_wconf 87' lang='lat' dir='ltr'>Pulmanni</span> <span class='ocrx_word' id='word_1_143' title='bbox 1065 1821 1267 1884; x_wconf 85' lang='lat' dir='ltr'>Bersmanuique</span> <span class='ocrx_word' id='word_1_144' title='bbox 1302 1826 1331 1870; x_wconf 88' lang='lat' dir='ltr'>et</span> 
     </span>
     <span class='ocr_line' id='line_1_22' title="bbox 204 1888 1328 1952; baseline -0.003 -12"><span class='ocrx_word' id='word_1_145' title='bbox 204 1891 331 1941; x_wconf 81' lang='lat' dir='ltr'>Torrentii</span> <span class='ocrx_word' id='word_1_146' title='bbox 350 1895 376 1940; x_wconf 89' lang='lat' dir='ltr'>et</span> <span class='ocrx_word' id='word_1_147' title='bbox 392 1890 474 1939; x_wconf 87' lang='lat' dir='ltr'>nostri</span> <span class='ocrx_word' id='word_1_148' title='bbox 492 1890 599 1939; x_wconf 87' lang='lat' dir='ltr'>codices.</span> <span class='ocrx_word' id='word_1_149' title='bbox 634 1889 733 1940; x_wconf 85' lang='lat' dir='ltr'>Primus</span> <span class='ocrx_word' id='word_1_150' title='bbox 759 1889 859 1952; x_wconf 87' lang='lat' dir='ltr'>opinor,</span> <span class='ocrx_word' id='word_1_151' title='bbox 885 1888 965 1938; x_wconf 84' lang='lat' dir='ltr'>Aldus</span> <span class='ocrx_word' id='word_1_152' title='bbox 982 1889 1115 1938; x_wconf 90' lang='lat' dir='ltr'>Manutius</span> <span class='ocrx_word' id='word_1_153' title='bbox 1132 1888 1199 1938; x_wconf 88' lang='lat' dir='ltr'>illud</span> <span class='ocrx_word' id='word_1_154' title='bbox 1217 1888 1328 1938; x_wconf 86' lang='lat' dir='ltr'>alterum</span> 
     </span>
     <span class='ocr_line' id='line_1_23' title="bbox 204 1954 1331 2023; baseline -0.004 -13"><span class='ocrx_word' id='word_1_155' title='bbox 204 1959 314 2018; x_wconf 80' lang='lat' dir='ltr'>invexit3</span> <span class='ocrx_word' id='word_1_156' title='bbox 345 1957 412 2023; x_wconf 88' lang='lat' dir='ltr'>quod</span> <span class='ocrx_word' id='word_1_157' title='bbox 442 1957 561 2021; x_wconf 75' lang='lat' dir='ltr'>deinceps</span> <span class='ocrx_word' id='word_1_158' title='bbox 590 1964 758 2022; x_wconf 84' lang='lat' dir='ltr'>propagatum</span> <span class='ocrx_word' id='word_1_159' title='bbox 790 1957 893 2006; x_wconf 89' lang='lat' dir='ltr'>silentio</span> <span class='ocrx_word' id='word_1_160' title='bbox 916 1957 1111 2006; x_wconf 89' lang='lat' dir='ltr'>transmiserunt</span> <span class='ocrx_word' id='word_1_161' title='bbox 1133 1954 1278 2006; x_wconf 85' lang='lat' dir='ltr'>Lambinus</span> <span class='ocrx_word' id='word_1_162' title='bbox 1302 1962 1331 2006; x_wconf 89' lang='lat' dir='ltr'>et</span> 
     </span>
     <span class='ocr_line' id='line_1_24' title="bbox 203 2024 1330 2091; baseline -0.004 -14"><span class='ocrx_word' id='word_1_163' title='bbox 203 2026 344 2091; x_wconf 81' lang='lat' dir='ltr'>Oruquius,</span> <span class='ocrx_word' id='word_1_164' title='bbox 368 2024 528 2076; x_wconf 86' lang='lat' dir='ltr'>dissimulata</span> <span class='ocrx_word' id='word_1_165' title='bbox 551 2024 751 2075; x_wconf 84' lang='lat' dir='ltr'>membranarum</span> <span class='ocrx_word' id='word_1_166' title='bbox 777 2025 916 2088; x_wconf 88' lang='lat' dir='ltr'>scriptura:</span> <span class='ocrx_word' id='word_1_167' title='bbox 942 2024 1028 2074; x_wconf 89' lang='lat' dir='ltr'>nullus</span> <span class='ocrx_word' id='word_1_168' title='bbox 1052 2025 1120 2074; x_wconf 89' lang='lat' dir='ltr'>enirn</span> <span class='ocrx_word' id='word_1_169' title='bbox 1137 2024 1236 2085; x_wconf 89' lang='lat' dir='ltr'>dubito,</span> <span class='ocrx_word' id='word_1_170' title='bbox 1264 2025 1330 2087; x_wconf 89' lang='lat' dir='ltr'>quin</span> 
     </span>
     <span class='ocr_line' id='line_1_25' title="bbox 204 2092 1328 2153; baseline -0.001 -10"><span class='ocrx_word' id='word_1_171' title='bbox 204 2094 244 2145; x_wconf 89' lang='lat' dir='ltr'>illi</span> <span class='ocrx_word' id='word_1_172' title='bbox 262 2095 290 2144; x_wconf 90' lang='lat' dir='ltr'>in</span> <span class='ocrx_word' id='word_1_173' title='bbox 308 2095 361 2144; x_wconf 88' lang='lat' dir='ltr'>suis</span> <span class='ocrx_word' id='word_1_174' title='bbox 385 2093 451 2142; x_wconf 88' lang='lat' dir='ltr'>idem</span> <span class='ocrx_word' id='word_1_175' title='bbox 470 2094 622 2143; x_wconf 86' lang='lat' dir='ltr'>invenerint.</span> <span class='ocrx_word' id='word_1_176' title='bbox 659 2093 727 2149; x_wconf 80' lang='lat' dir='ltr'>Quid</span> <span class='ocrx_word' id='word_1_177' title='bbox 744 2109 803 2143; x_wconf 83' lang='lat' dir='ltr'>vero</span> <span class='ocrx_word' id='word_1_178' title='bbox 821 2099 860 2143; x_wconf 87' lang='lat' dir='ltr'>cst</span> <span class='ocrx_word' id='word_1_179' title='bbox 879 2092 1009 2153; x_wconf 79' lang='lat' dir='ltr'>Africano</span> <span class='ocrx_word' id='word_1_180' title='bbox 1029 2092 1115 2143; x_wconf 80' lang='lat' dir='ltr'>bello?</span> <span class='ocrx_word' id='word_1_181' title='bbox 1133 2107 1219 2142; x_wconf 89' lang='lat' dir='ltr'>annon</span> <span class='ocrx_word' id='word_1_182' title='bbox 1239 2096 1265 2141; x_wconf 92' lang='lat' dir='ltr'>et</span> <span class='ocrx_word' id='word_1_183' title='bbox 1285 2092 1328 2142; x_wconf 83' lang='lat' dir='ltr'>Iu·</span> 
     </span>
     <span class='ocr_line' id='line_1_26' title="bbox 202 2158 1328 2227; baseline -0.004 -14"><span class='ocrx_word' id='word_1_184' title='bbox 202 2163 363 2227; x_wconf 71' lang='lat' dir='ltr'>gurtirinum</span> <span class='ocrx_word' id='word_1_185' title='bbox 387 2162 463 2211; x_wconf 88' lang='lat' dir='ltr'>etiam</span> <span class='ocrx_word' id='word_1_186' title='bbox 487 2166 541 2210; x_wconf 87' lang='lat' dir='ltr'>erat</span> <span class='ocrx_word' id='word_1_187' title='bbox 564 2159 734 2211; x_wconf 79' lang='lat' dir='ltr'>Africanum?</span> <span class='ocrx_word' id='word_1_188' title='bbox 769 2161 807 2211; x_wconf 76' lang='lat' dir='ltr'>Si,</span> <span class='ocrx_word' id='word_1_189' title='bbox 823 2160 851 2210; x_wconf 92' lang='lat' dir='ltr'>id</span> <span class='ocrx_word' id='word_1_190' title='bbox 876 2160 957 2210; x_wconf 80' lang='lat' dir='ltr'>voluit</span> <span class='ocrx_word' id='word_1_191' title='bbox 979 2160 1112 2221; x_wconf 87' lang='lat' dir='ltr'>Horatius,</span> <span class='ocrx_word' id='word_1_192' title='bbox 1138 2158 1205 2210; x_wconf 91' lang='lat' dir='ltr'>bello</span> <span class='ocrx_word' id='word_1_193' title='bbox 1224 2160 1328 2210; x_wconf 84' lang='lat' dir='ltr'>Punico</span> 
     </span>
     <span class='ocr_line' id='line_1_27' title="bbox 204 2226 1329 2295; baseline -0.003 -15"><span class='ocrx_word' id='word_1_194' title='bbox 204 2230 301 2280; x_wconf 89' lang='lat' dir='ltr'>dictum</span> <span class='ocrx_word' id='word_1_195' title='bbox 318 2231 440 2295; x_wconf 88' lang='lat' dir='ltr'>oportuit,</span> <span class='ocrx_word' id='word_1_196' title='bbox 466 2245 517 2278; x_wconf 90' lang='lat' dir='ltr'>non</span> <span class='ocrx_word' id='word_1_197' title='bbox 535 2228 684 2289; x_wconf 74' lang='lat' dir='ltr'>Africanos</span> <span class='ocrx_word' id='word_1_198' title='bbox 712 2245 762 2292; x_wconf 90' lang='lat' dir='ltr'>quo</span> <span class='ocrx_word' id='word_1_199' title='bbox 780 2228 881 2292; x_wconf 88' lang='lat' dir='ltr'>quidem</span> <span class='ocrx_word' id='word_1_200' title='bbox 900 2229 1001 2278; x_wconf 90' lang='lat' dir='ltr'>nomine</span> <span class='ocrx_word' id='word_1_201' title='bbox 1018 2228 1066 2278; x_wconf 88' lang='lat' dir='ltr'>hoe</span> <span class='ocrx_word' id='word_1_202' title='bbox 1084 2226 1116 2278; x_wconf 91' lang='lat' dir='ltr'>ab</span> <span class='ocrx_word' id='word_1_203' title='bbox 1134 2227 1180 2277; x_wconf 91' lang='lat' dir='ltr'>illo</span> <span class='ocrx_word' id='word_1_204' title='bbox 1198 2227 1329 2292; x_wconf 84' lang='lat' dir='ltr'>distingui</span> 
     </span>
     <span class='ocr_line' id='line_1_28' title="bbox 204 2296 1331 2362; baseline -0.002 -14"><span class='ocrx_word' id='word_1_205' title='bbox 204 2315 255 2348; x_wconf 91' lang='lat' dir='ltr'>non</span> <span class='ocrx_word' id='word_1_206' title='bbox 283 2301 374 2362; x_wconf 88' lang='lat' dir='ltr'>potest.</span> <span class='ocrx_word' id='word_1_207' title='bbox 411 2296 460 2347; x_wconf 91' lang='lat' dir='ltr'>Sed</span> <span class='ocrx_word' id='word_1_208' title='bbox 478 2302 532 2346; x_wconf 93' lang='lat' dir='ltr'>esto</span> <span class='ocrx_word' id='word_1_209' title='bbox 548 2297 610 2346; x_wconf 87' lang='lat' dir='ltr'>hoc:</span> <span class='ocrx_word' id='word_1_210' title='bbox 638 2297 699 2360; x_wconf 89' lang='lat' dir='ltr'>quid</span> <span class='ocrx_word' id='word_1_211' title='bbox 718 2296 809 2346; x_wconf 88' lang='lat' dir='ltr'>deinde</span> <span class='ocrx_word' id='word_1_212' title='bbox 827 2297 883 2356; x_wconf 88' lang='lat' dir='ltr'>erit,</span> <span class='ocrx_word' id='word_1_213' title='bbox 902 2313 952 2360; x_wconf 89' lang='lat' dir='ltr'>quo</span> <span class='ocrx_word' id='word_1_214' title='bbox 970 2296 1036 2346; x_wconf 91' lang='lat' dir='ltr'>illud</span> <span class='ocrx_word' id='word_1_215' title='bbox 1053 2299 1099 2345; x_wconf 88' lang='lat' dir='ltr'>cui</span> <span class='ocrx_word' id='word_1_216' title='bbox 1115 2296 1258 2346; x_wconf 80' lang='lat' dir='ltr'>reseretur?</span> <span class='ocrx_word' id='word_1_217' title='bbox 1284 2298 1331 2346; x_wconf 85' lang='lat' dir='ltr'>cai</span> 
     </span>
     <span class='ocr_line' id='line_1_29' title="bbox 204 2363 1329 2428; baseline -0.001 -15"><span class='ocrx_word' id='word_1_218' title='bbox 204 2365 271 2417; x_wconf 82' lang='lat' dir='ltr'>teilo</span> <span class='ocrx_word' id='word_1_219' title='bbox 294 2366 322 2416; x_wconf 90' lang='lat' dir='ltr'>in</span> <span class='ocrx_word' id='word_1_220' title='bbox 349 2381 378 2415; x_wconf 85' lang='lat' dir='ltr'>ea</span> <span class='ocrx_word' id='word_1_221' title='bbox 402 2365 591 2415; x_wconf 89' lang='lat' dir='ltr'>construetione</span> <span class='ocrx_word' id='word_1_222' title='bbox 609 2365 750 2414; x_wconf 87' lang='lat' dir='ltr'>necessario</span> <span class='ocrx_word' id='word_1_223' title='bbox 775 2363 950 2428; x_wconf 84' lang='lat' dir='ltr'>accipiendum</span> <span class='ocrx_word' id='word_1_224' title='bbox 969 2364 1031 2425; x_wconf 82' lang='lat' dir='ltr'>erit3</span> <span class='ocrx_word' id='word_1_225' title='bbox 1059 2380 1108 2426; x_wconf 91' lang='lat' dir='ltr'>quo</span> <span class='ocrx_word' id='word_1_226' title='bbox 1126 2363 1192 2413; x_wconf 91' lang='lat' dir='ltr'>nihil</span> <span class='ocrx_word' id='word_1_227' title='bbox 1210 2363 1329 2428; x_wconf 87' lang='lat' dir='ltr'>ineptius</span> 
     </span>
     <span class='ocr_line' id='line_1_30' title="bbox 204 2430 1329 2499; baseline -0.002 -16"><span class='ocrx_word' id='word_1_228' title='bbox 204 2434 267 2498; x_wconf 86' lang='lat' dir='ltr'>tingi</span> <span class='ocrx_word' id='word_1_229' title='bbox 293 2437 385 2498; x_wconf 84' lang='lat' dir='ltr'>potest.</span> <span class='ocrx_word' id='word_1_230' title='bbox 420 2432 578 2499; x_wconf 87' lang='lat' dir='ltr'>Recipienda</span> <span class='ocrx_word' id='word_1_231' title='bbox 603 2432 685 2497; x_wconf 89' lang='lat' dir='ltr'>igitur</span> <span class='ocrx_word' id='word_1_232' title='bbox 707 2432 909 2483; x_wconf 86' lang='lat' dir='ltr'>membranarum</span> <span class='ocrx_word' id='word_1_233' title='bbox 933 2431 1024 2482; x_wconf 86' lang='lat' dir='ltr'>lectio:</span> <span class='ocrx_word' id='word_1_234' title='bbox 1054 2430 1111 2483; x_wconf 85' lang='lat' dir='ltr'>Neo</span> <span class='ocrx_word' id='word_1_235' title='bbox 1128 2430 1256 2493; x_wconf 86' lang='lat' dir='ltr'>Marium,</span> <span class='ocrx_word' id='word_1_236' title='bbox 1282 2432 1329 2492; x_wconf 83' lang='lat' dir='ltr'>ait,</span> 
     </span>
     <span class='ocr_line' id='line_1_31' title="bbox 201 2499 1326 2567; baseline -0.004 -13"><span class='ocrx_word' id='word_1_237' title='bbox 201 2517 295 2567; x_wconf 82' lang='lat' dir='ltr'>parem</span> <span class='ocrx_word' id='word_1_238' title='bbox 314 2501 436 2564; x_wconf 77' lang='lat' dir='ltr'>Auguste</span> <span class='ocrx_word' id='word_1_239' title='bbox 461 2501 554 2551; x_wconf 85' lang='lat' dir='ltr'>ducem</span> <span class='ocrx_word' id='word_1_240' title='bbox 578 2503 731 2566; x_wconf 81' lang='lat' dir='ltr'>reportasti,</span> <span class='ocrx_word' id='word_1_241' title='bbox 756 2515 804 2550; x_wconf 86' lang='lat' dir='ltr'>nee</span> <span class='ocrx_word' id='word_1_242' title='bbox 822 2499 974 2564; x_wconf 79' lang='lat' dir='ltr'>Scipionem</span> <span class='ocrx_word' id='word_1_243' title='bbox 991 2500 1159 2561; x_wconf 74' lang='lat' dir='ltr'>Africanum.</span> <span class='ocrx_word' id='word_1_244' title='bbox 1196 2499 1267 2549; x_wconf 90' lang='lat' dir='ltr'>Illud</span> <span class='ocrx_word' id='word_1_245' title='bbox 1287 2499 1326 2549; x_wconf 87' lang='lat' dir='ltr'>in·</span> 
     </span>
    </p>
   </div>
   <div class='ocr_carea' id='block_1_5' title="bbox 203 2567 1399 2633">
    <p class='ocr_par' dir='ltr' id='par_1_6' title="bbox 203 2567 1399 2633">
     <span class='ocr_line' id='line_1_32' title="bbox 203 2567 1399 2633; baseline -0.003 -13"><span class='ocrx_word' id='word_1_246' title='bbox 203 2575 272 2621; x_wconf 87' lang='lat' dir='ltr'>terea</span> <span class='ocrx_word' id='word_1_247' title='bbox 289 2567 404 2631; x_wconf 89' lang='lat' dir='ltr'>dubium,</span> <span class='ocrx_word' id='word_1_248' title='bbox 429 2573 454 2617; x_wconf 87' lang='lat' dir='ltr'>et</span> <span class='ocrx_word' id='word_1_249' title='bbox 477 2568 545 2618; x_wconf 86' lang='lat' dir='ltr'>inter</span> <span class='ocrx_word' id='word_1_250' title='bbox 563 2569 715 2633; x_wconf 87' lang='lat' dir='ltr'>interpretes</span> <span class='ocrx_word' id='word_1_251' title='bbox 732 2583 885 2632; x_wconf 80' lang='lat' dir='ltr'>magnopere</span> <span class='ocrx_word' id='word_1_252' title='bbox 903 2573 1092 2618; x_wconf 86' lang='lat' dir='ltr'>controversum</span> <span class='ocrx_word' id='word_1_253' title='bbox 1108 2571 1162 2627; x_wconf 88' lang='lat' dir='ltr'>est;</span> <span class='ocrx_word' id='word_1_254' title='bbox 1180 2572 1267 2617; x_wconf 87' lang='lat' dir='ltr'>utrum</span> <span class='ocrx_word' id='word_1_255' title='bbox 1285 2568 1327 2618; x_wconf 90' lang='lat' dir='ltr'>hic</span> <span class='ocrx_word' id='word_1_256' title='bbox 1398 2582 1399 2601; x_wconf 47' lang='grc' dir='ltr'><strong>ι</strong></span> 
     </span>
    </p>
   </div>
   <div class='ocr_carea' id='block_1_6' title="bbox 204 2635 1329 2768">
    <p class='ocr_par' dir='ltr' id='par_1_7' title="bbox 204 2635 1329 2768">
     <span class='ocr_line' id='line_1_33' title="bbox 204 2635 1329 2700; baseline -0.002 -14"><span class='ocrx_word' id='word_1_257' title='bbox 204 2637 265 2686; x_wconf 87' lang='lat' dir='ltr'>velit</span> <span class='ocrx_word' id='word_1_258' title='bbox 283 2635 437 2700; x_wconf 82' lang='lat' dir='ltr'>Scipionem,</span> <span class='ocrx_word' id='word_1_259' title='bbox 461 2651 568 2686; x_wconf 87' lang='lat' dir='ltr'>avumne</span> <span class='ocrx_word' id='word_1_260' title='bbox 585 2651 618 2685; x_wconf 83' lang='lat' dir='ltr'>un</span> <span class='ocrx_word' id='word_1_261' title='bbox 637 2637 772 2700; x_wconf 80' lang='lat' dir='ltr'>nepotem?</span> <span class='ocrx_word' id='word_1_262' title='bbox 797 2641 822 2685; x_wconf 86' lang='lat' dir='ltr'>et</span> <span class='ocrx_word' id='word_1_263' title='bbox 840 2635 902 2700; x_wconf 91' lang='lat' dir='ltr'>quid</span> <span class='ocrx_word' id='word_1_264' title='bbox 919 2635 970 2684; x_wconf 88' lang='lat' dir='ltr'>ista</span> <span class='ocrx_word' id='word_1_265' title='bbox 987 2635 1140 2700; x_wconf 80' lang='lat' dir='ltr'>significent,</span> <span class='ocrx_word' id='word_1_266' title='bbox 1163 2638 1229 2698; x_wconf 90' lang='lat' dir='ltr'>„cui</span> <span class='ocrx_word' id='word_1_267' title='bbox 1245 2651 1329 2700; x_wconf 82' lang='lat' dir='ltr'>super·</span> 
     </span>
     <span class='ocr_line' id='line_1_34' title="bbox 205 2701 1327 2768; baseline -0.002 -14"><span class='ocrx_word' id='word_1_268' title='bbox 205 2703 394 2766; x_wconf 77' lang='lat' dir='ltr'>Carthaginem</span> <span class='ocrx_word' id='word_1_269' title='bbox 413 2701 507 2752; x_wconf 89' lang='lat' dir='ltr'>Virtus</span> <span class='ocrx_word' id='word_1_270' title='bbox 530 2704 701 2768; x_wconf 78' lang='lat' dir='ltr'>sepirichrurn</span> <span class='ocrx_word' id='word_1_271' title='bbox 720 2704 866 2755; x_wconf 84' lang='lat' dir='ltr'>condidit.“</span> <span class='ocrx_word' id='word_1_272' title='bbox 900 2703 996 2753; x_wconf 86' lang='lat' dir='ltr'>Eorum</span> <span class='ocrx_word' id='word_1_273' title='bbox 1015 2703 1166 2753; x_wconf 87' lang='lat' dir='ltr'>dissidentes</span> <span class='ocrx_word' id='word_1_274' title='bbox 1184 2704 1327 2753; x_wconf 88' lang='lat' dir='ltr'>sententias</span> 
     </span>
    </p>
   </div>
   <div class='ocr_carea' id='block_1_7' title="bbox 202 2769 1399 2839">
    <p class='ocr_par' dir='ltr' id='par_1_8' title="bbox 202 2769 1399 2839">
     <span class='ocr_line' id='line_1_35' title="bbox 202 2769 1399 2839; baseline -0.001 -19"><span class='ocrx_word' id='word_1_275' title='bbox 202 2770 295 2830; x_wconf 83' lang='lat' dir='ltr'>videat,</span> <span class='ocrx_word' id='word_1_276' title='bbox 323 2771 365 2819; x_wconf 91' lang='lat' dir='ltr'>cui</span> <span class='ocrx_word' id='word_1_277' title='bbox 392 2769 491 2819; x_wconf 84' lang='lat' dir='ltr'>animus</span> <span class='ocrx_word' id='word_1_278' title='bbox 517 2775 543 2819; x_wconf 88' lang='lat' dir='ltr'>et</span> <span class='ocrx_word' id='word_1_279' title='bbox 560 2770 633 2836; x_wconf 84' lang='lat' dir='ltr'>eopia</span> <span class='ocrx_word' id='word_1_280' title='bbox 659 2777 704 2820; x_wconf 87' lang='lat' dir='ltr'>est.</span> <span class='ocrx_word' id='word_1_281' title='bbox 740 2773 798 2836; x_wconf 83' lang='lat' dir='ltr'>Ego</span> <span class='ocrx_word' id='word_1_282' title='bbox 816 2787 882 2832; x_wconf 87' lang='lat' dir='ltr'>vero,</span> <span class='ocrx_word' id='word_1_283' title='bbox 905 2776 1099 2835; x_wconf 87' lang='lat' dir='ltr'>utrumcumque</span> <span class='ocrx_word' id='word_1_284' title='bbox 1117 2770 1265 2834; x_wconf 82' lang='lat' dir='ltr'>Scipionem</span> <span class='ocrx_word' id='word_1_285' title='bbox 1284 2771 1327 2820; x_wconf 87' lang='lat' dir='ltr'>hic</span> <span class='ocrx_word' id='word_1_286' title='bbox 1398 2798 1399 2839; x_wconf 51' lang='lat' dir='ltr'>p</span> 
     </span>
    </p>
   </div>
   <div class='ocr_carea' id='block_1_8' title="bbox 201 2835 1399 2957">
    <p class='ocr_par' dir='ltr' id='par_1_9' title="bbox 201 2835 1399 2957">
     <span class='ocr_line' id='line_1_36' title="bbox 201 2835 1399 2957; baseline 0 -69"><span class='ocrx_word' id='word_1_287' title='bbox 201 2837 354 2901; x_wconf 86' lang='lat' dir='ltr'>intelligam,</span> <span class='ocrx_word' id='word_1_288' title='bbox 376 2835 452 2902; x_wconf 87' lang='lat' dir='ltr'>longe</span> <span class='ocrx_word' id='word_1_289' title='bbox 478 2837 553 2887; x_wconf 86' lang='lat' dir='ltr'>aliter</span> <span class='ocrx_word' id='word_1_290' title='bbox 577 2842 652 2957; x_wconf 56' lang='grc' dir='ltr'><strong>ιιιὲιιο</strong></span> <span class='ocrx_word' id='word_1_291' title='bbox 676 2839 716 2889; x_wconf 90' lang='lat' dir='ltr'>illi</span> <span class='ocrx_word' id='word_1_292' title='bbox 740 2839 846 2901; x_wconf 82' lang='lat' dir='ltr'>iaciunt,</span> <span class='ocrx_word' id='word_1_293' title='bbox 863 2837 947 2889; x_wconf 56' lang='lat' dir='ltr'>‘verba</span> <span class='ocrx_word' id='word_1_294' title='bbox 970 2838 1102 2903; x_wconf 83' lang='lat' dir='ltr'>explicem.</span> <span class='ocrx_word' id='word_1_295' title='bbox 1139 2839 1168 2888; x_wconf 87' lang='lat' dir='ltr'>Si</span> <span class='ocrx_word' id='word_1_296' title='bbox 1194 2839 1328 2898; x_wconf 86' lang='lat' dir='ltr'>maiorem,</span> <span class='ocrx_word' id='word_1_297' title='bbox 1398 2850 1399 2871; x_wconf 48' lang='lat' dir='ltr'>t</span> 
     </span>
    </p>
   </div>
   <div class='ocr_carea' id='block_1_9' title="bbox 202 2903 1327 3108">
    <p class='ocr_par' dir='ltr' id='par_1_10' title="bbox 202 2903 1327 3108">
     <span class='ocr_line' id='line_1_37' title="bbox 203 2903 1326 2972; baseline 0 -16"><span class='ocrx_word' id='word_1_298' title='bbox 203 2914 257 2956; x_wconf 87' lang='lat' dir='ltr'>tam</span> <span class='ocrx_word' id='word_1_299' title='bbox 280 2906 317 2955; x_wconf 92' lang='lat' dir='ltr'>sio</span> <span class='ocrx_word' id='word_1_300' title='bbox 345 2903 419 2954; x_wconf 87' lang='lat' dir='ltr'>velim</span> <span class='ocrx_word' id='word_1_301' title='bbox 443 2920 573 2955; x_wconf 86' lang='lat' dir='ltr'>enarrare:</span> <span class='ocrx_word' id='word_1_302' title='bbox 622 2909 653 2956; x_wconf 89' lang='lat' dir='ltr'>ui</span> <span class='ocrx_word' id='word_1_303' title='bbox 678 2909 763 2957; x_wconf 82' lang='lat' dir='ltr'>virtus</span> <span class='ocrx_word' id='word_1_304' title='bbox 788 2922 837 2957; x_wconf 87' lang='lat' dir='ltr'>sua</span> <span class='ocrx_word' id='word_1_305' title='bbox 856 2922 871 2958; x_wconf 89' lang='lat' dir='ltr'>a</span> <span class='ocrx_word' id='word_1_306' title='bbox 889 2909 964 2971; x_wconf 76' lang='lat' dir='ltr'>poeta</span> <span class='ocrx_word' id='word_1_307' title='bbox 980 2906 1069 2956; x_wconf 79' lang='lat' dir='ltr'>Ennio</span> <span class='ocrx_word' id='word_1_308' title='bbox 1086 2907 1221 2957; x_wconf 86' lang='lat' dir='ltr'>decantata</span> <span class='ocrx_word' id='word_1_309' title='bbox 1239 2906 1326 2972; x_wconf 85' lang='lat' dir='ltr'>sepui-</span> 
     </span>
     <span class='ocr_line' id='line_1_38' title="bbox 203 2973 1327 3040; baseline -0.003 -15"><span class='ocrx_word' id='word_1_310' title='bbox 203 2975 296 3025; x_wconf 82' lang='lat' dir='ltr'>eirrurn</span> <span class='ocrx_word' id='word_1_311' title='bbox 321 2974 447 3034; x_wconf 78' lang='lat' dir='ltr'>condidit,</span> <span class='ocrx_word' id='word_1_312' title='bbox 474 2976 562 3024; x_wconf 87' lang='lat' dir='ltr'>rnaius</span> <span class='ocrx_word' id='word_1_313' title='bbox 586 2974 738 3039; x_wconf 82' lang='lat' dir='ltr'>elarr&#39;usque</span> <span class='ocrx_word' id='word_1_314' title='bbox 761 2978 820 3040; x_wconf 85' lang='lat' dir='ltr'>ipsa</span> <span class='ocrx_word' id='word_1_315' title='bbox 840 2975 1009 3039; x_wconf 78' lang='lat' dir='ltr'>Carthagine.</span> <span class='ocrx_word' id='word_1_316' title='bbox 1045 2973 1112 3029; x_wconf 83' lang='lat' dir='ltr'>Quid</span> <span class='ocrx_word' id='word_1_317' title='bbox 1129 2990 1196 3037; x_wconf 87' lang='lat' dir='ltr'>vero,</span> <span class='ocrx_word' id='word_1_318' title='bbox 1214 2975 1327 3039; x_wconf 83' lang='lat' dir='ltr'>inquies,</span> 
     </span>
     <span class='ocr_line' id='line_1_39' title="bbox 202 3041 1327 3108; baseline -0.001 -16"><span class='ocrx_word' id='word_1_319' title='bbox 202 3059 235 3092; x_wconf 85' lang='lat' dir='ltr'>sn</span> <span class='ocrx_word' id='word_1_320' title='bbox 252 3041 334 3092; x_wconf 86' lang='lat' dir='ltr'>Ennii</span> <span class='ocrx_word' id='word_1_321' title='bbox 359 3048 455 3107; x_wconf 82' lang='lat' dir='ltr'>potura,</span> <span class='ocrx_word' id='word_1_322' title='bbox 480 3046 616 3106; x_wconf 88' lang='lat' dir='ltr'>utcumque</span> <span class='ocrx_word' id='word_1_323' title='bbox 634 3042 781 3107; x_wconf 83' lang='lat' dir='ltr'>Scipionem</span> <span class='ocrx_word' id='word_1_324' title='bbox 798 3043 936 3107; x_wconf 82' lang='lat' dir='ltr'>praedicet,</span> <span class='ocrx_word' id='word_1_325' title='bbox 956 3042 1010 3092; x_wconf 89' lang='lat' dir='ltr'>eius</span> <span class='ocrx_word' id='word_1_326' title='bbox 1028 3041 1190 3108; x_wconf 87' lang='lat' dir='ltr'>sepulchrum</span> <span class='ocrx_word' id='word_1_327' title='bbox 1208 3042 1263 3092; x_wconf 87' lang='lat' dir='ltr'>diei</span> <span class='ocrx_word' id='word_1_328' title='bbox 1280 3059 1327 3108; x_wconf 90' lang='lat' dir='ltr'>po·</span> 
     </span>
    </p>
   </div>
   <div class='ocr_carea' id='block_1_10' title="bbox 201 3109 1399 3262">
    <p class='ocr_par' dir='ltr' id='par_1_11' title="bbox 201 3109 1399 3262">
     <span class='ocr_line' id='line_1_40' title="bbox 202 3109 1399 3175; baseline 0 -15"><span class='ocrx_word' id='word_1_329' title='bbox 202 3111 271 3162; x_wconf 82' lang='lat' dir='ltr'>testi</span> <span class='ocrx_word' id='word_1_330' title='bbox 296 3109 393 3166; x_wconf 79' lang='lat' dir='ltr'>Quidni</span> <span class='ocrx_word' id='word_1_331' title='bbox 417 3115 508 3174; x_wconf 84' lang='lat' dir='ltr'>autern,</span> <span class='ocrx_word' id='word_1_332' title='bbox 534 3115 564 3160; x_wconf 91' lang='lat' dir='ltr'>ut</span> <span class='ocrx_word' id='word_1_333' title='bbox 581 3110 688 3160; x_wconf 87' lang='lat' dir='ltr'>Homeri</span> <span class='ocrx_word' id='word_1_334' title='bbox 705 3109 768 3160; x_wconf 88' lang='lat' dir='ltr'>Ilias</span> <span class='ocrx_word' id='word_1_335' title='bbox 784 3110 946 3174; x_wconf 86' lang='lat' dir='ltr'>sepulchrum</span> <span class='ocrx_word' id='word_1_336' title='bbox 962 3111 1083 3160; x_wconf 88' lang='lat' dir='ltr'>Hectoris</span> <span class='ocrx_word' id='word_1_337' title='bbox 1100 3109 1196 3160; x_wconf 88' lang='lat' dir='ltr'>dicitur</span> <span class='ocrx_word' id='word_1_338' title='bbox 1214 3110 1241 3160; x_wconf 91' lang='lat' dir='ltr'>in</span> <span class='ocrx_word' id='word_1_339' title='bbox 1261 3111 1326 3175; x_wconf 81' lang='lat' dir='ltr'>Epi·</span> <span class='ocrx_word' id='word_1_340' title='bbox 1398 3112 1399 3115; x_wconf 75' lang='grc'>’</span> 
     </span>
     <span class='ocr_line' id='line_1_41' title="bbox 201 3170 1399 3262; baseline -0.001 -34"><span class='ocrx_word' id='word_1_341' title='bbox 201 3182 352 3244; x_wconf 81' lang='lat' dir='ltr'>grammate,</span> <span class='ocrx_word' id='word_1_342' title='bbox 371 3178 566 3241; x_wconf 64' lang='lat' dir='ltr'>Anthologill,</span> <span class='ocrx_word' id='word_1_343' title='bbox 582 3180 618 3230; x_wconf 81' lang='lat'>14.</span> <span class='ocrx_word' id='word_1_344' title='bbox 645 3182 692 3243; x_wconf 90' lang='lat' dir='ltr'>[ep.</span> <span class='ocrx_word' id='word_1_345' title='bbox 706 3180 746 3241; x_wconf 81' lang='lat' dir='ltr'>to]</span> <span class='ocrx_word' id='word_1_346' title='bbox 773 3177 820 3239; x_wconf 73' lang='lat' dir='ltr'>Mi</span> <span class='ocrx_word' id='word_1_347' title='bbox 837 3194 872 3246; x_wconf 79' lang='grc' dir='ltr'>με</span> <span class='ocrx_word' id='word_1_348' title='bbox 890 3174 972 3262; x_wconf 72' lang='lat' dir='ltr'>reirppr</span> <span class='ocrx_word' id='word_1_349' title='bbox 991 3175 1117 3246; x_wconf 74' lang='lat' dir='ltr'>ciynprre</span> <span class='ocrx_word' id='word_1_350' title='bbox 1136 3173 1183 3227; x_wconf 81' lang='grc' dir='ltr'>τὸν</span> <span class='ocrx_word' id='word_1_351' title='bbox 1195 3170 1324 3259; x_wconf 65' lang='lat' dir='ltr'>‘&#39;Exsppp,</span> <span class='ocrx_word' id='word_1_352' title='bbox 1398 3234 1399 3239; x_wconf 13' lang='lat'>¹</span> 
     </span>
    </p>
   </div>
   <div class='ocr_carea' id='block_1_11' title="bbox 202 3240 1329 3314">
    <p class='ocr_par' dir='ltr' id='par_1_12' title="bbox 202 3240 1329 3314">
     <span class='ocr_line' id='line_1_42' title="bbox 202 3240 1329 3314; baseline 0.001 -20"><span class='ocrx_word' id='word_1_353' title='bbox 202 3244 266 3312; x_wconf 70' lang='lat' dir='ltr'>anri</span> <span class='ocrx_word' id='word_1_354' title='bbox 296 3241 340 3296; x_wconf 80' lang='lat' dir='ltr'>iat</span> <span class='ocrx_word' id='word_1_355' title='bbox 363 3240 457 3313; x_wconf 79' lang='grc' dir='ltr'><em>τύμβῳ</em></span> <span class='ocrx_word' id='word_1_356' title='bbox 483 3243 585 3314; x_wconf 80' lang='grc' dir='ltr'>Μέτρει</span> <span class='ocrx_word' id='word_1_357' title='bbox 615 3242 664 3295; x_wconf 82' lang='grc' dir='ltr'>τὸν</span> <span class='ocrx_word' id='word_1_358' title='bbox 686 3242 774 3307; x_wconf 79' lang='grc' dir='ltr'><em>πάσης</em></span> <span class='ocrx_word' id='word_1_359' title='bbox 799 3241 920 3301; x_wconf 68' lang='lat' dir='ltr'>nudem</span> <span class='ocrx_word' id='word_1_360' title='bbox 944 3244 1100 3300; x_wconf 81' lang='lat' dir='ltr'>arsinuior.</span> <span class='ocrx_word' id='word_1_361' title='bbox 1131 3241 1216 3302; x_wconf 75' lang='lat' dir='ltr'>liceis,</span> <span class='ocrx_word' id='word_1_362' title='bbox 1244 3262 1329 3301; x_wconf 72' lang='lat' dir='ltr'>curor</span> 
     </span>
    </p>
   </div>
   <div class='ocr_carea' id='block_1_12' title="bbox 197 3304 1399 3582">
    <p class='ocr_par' dir='ltr' id='par_1_13' title="bbox 197 3304 1399 3582">
     <span class='ocr_line' id='line_1_43' title="bbox 197 3304 1399 3382; baseline 0.002 -21"><span class='ocrx_word' id='word_1_363' title='bbox 197 3307 337 3382; x_wconf 72' lang='grc' dir='ltr'><em>Ομηροςέ</em></span> <span class='ocrx_word' id='word_1_364' title='bbox 360 3309 386 3363; x_wconf 87' lang='lat' dir='ltr'>ni</span> <span class='ocrx_word' id='word_1_365' title='bbox 405 3315 536 3368; x_wconf 81' lang='grc' dir='ltr'><em>ΤΑΦΟΣ,</em></span> <span class='ocrx_word' id='word_1_366' title='bbox 561 3309 663 3371; x_wconf 64' lang='lat' dir='ltr'>aues,</span> <span class='ocrx_word' id='word_1_367' title='bbox 683 3304 783 3380; x_wconf 78' lang='grc' dir='ltr'>Ἀχαιοὶ</span> <span class='ocrx_word' id='word_1_368' title='bbox 801 3310 963 3379; x_wconf 67' lang='lat' dir='ltr'>eriperem,</span> <span class='ocrx_word' id='word_1_369' title='bbox 982 3315 1089 3369; x_wconf 78' lang='grc' dir='ltr'>τούτοις</span> <span class='ocrx_word' id='word_1_370' title='bbox 1105 3314 1190 3363; x_wconf 81' lang='grc' dir='ltr'><strong>πᾶσιν</strong></span> <span class='ocrx_word' id='word_1_371' title='bbox 1209 3309 1326 3381; x_wconf 61' lang='lat' dir='ltr'>igurari·</span> <span class='ocrx_word' id='word_1_372' title='bbox 1398 3340 1399 3351; x_wconf 47' lang='lat' dir='ltr'>r</span> 
     </span>
     <span class='ocr_line' id='line_1_44' title="bbox 201 3379 1399 3446; baseline 0.003 -17"><span class='ocrx_word' id='word_1_373' title='bbox 201 3381 284 3445; x_wconf 73' lang='grc' dir='ltr'><strong><em>μεθα.</em></strong></span> <span class='ocrx_word' id='word_1_374' title='bbox 347 3385 357 3429; x_wconf 91' lang='lat' dir='ltr'>t</span> <span class='ocrx_word' id='word_1_375' title='bbox 380 3380 480 3430; x_wconf 87' lang='lat' dir='ltr'>Lucani</span> <span class='ocrx_word' id='word_1_376' title='bbox 505 3379 636 3432; x_wconf 85' lang='lat' dir='ltr'>Pharsalia</span> <span class='ocrx_word' id='word_1_377' title='bbox 659 3382 774 3446; x_wconf 89' lang='lat' dir='ltr'>Pompeii</span> <span class='ocrx_word' id='word_1_378' title='bbox 799 3382 974 3446; x_wconf 87' lang='lat' dir='ltr'>sepulchrum,</span> <span class='ocrx_word' id='word_1_379' title='bbox 1009 3381 1092 3431; x_wconf 81' lang='lat' dir='ltr'>Statio</span> <span class='ocrx_word' id='word_1_380' title='bbox 1110 3381 1137 3430; x_wconf 91' lang='lat' dir='ltr'>in</span> <span class='ocrx_word' id='word_1_381' title='bbox 1156 3380 1219 3431; x_wconf 89' lang='lat' dir='ltr'>Silv.</span> <span class='ocrx_word' id='word_1_382' title='bbox 1237 3382 1282 3443; x_wconf 87' lang='lat' dir='ltr'>H,</span> <span class='ocrx_word' id='word_1_383' title='bbox 1302 3384 1324 3433; x_wconf 79' lang='lat'>7.</span> <span class='ocrx_word' id='word_1_384' title='bbox 1398 3400 1399 3417; x_wconf 48' lang='grc' dir='ltr'><strong>ι</strong></span> 
     </span>
     <span class='ocr_line' id='line_1_45' title="bbox 203 3445 1399 3515; baseline 0.003 -18"><span class='ocrx_word' id='word_1_385' title='bbox 203 3451 235 3510; x_wconf 88' lang='lat' dir='ltr'>[v.</span> <span class='ocrx_word' id='word_1_386' title='bbox 254 3446 297 3508; x_wconf 75' lang='grc'>72]</span> <span class='ocrx_word' id='word_1_387' title='bbox 327 3445 388 3510; x_wconf 84' lang='lat' dir='ltr'>„Tu</span> <span class='ocrx_word' id='word_1_388' title='bbox 417 3447 550 3498; x_wconf 83' lang='lat' dir='ltr'>Pelusiaci</span> <span class='ocrx_word' id='word_1_389' title='bbox 570 3448 655 3499; x_wconf 78' lang='lat' dir='ltr'>sceiere</span> <span class='ocrx_word' id='word_1_390' title='bbox 681 3448 784 3514; x_wconf 84' lang='lat' dir='ltr'>Canopi</span> <span class='ocrx_word' id='word_1_391' title='bbox 807 3450 922 3510; x_wconf 81' lang='lat' dir='ltr'>Deliciis</span> <span class='ocrx_word' id='word_1_392' title='bbox 946 3452 1022 3514; x_wconf 87' lang='lat' dir='ltr'>pius,</span> <span class='ocrx_word' id='word_1_393' title='bbox 1048 3455 1073 3498; x_wconf 84' lang='lat' dir='ltr'>et</span> <span class='ocrx_word' id='word_1_394' title='bbox 1095 3449 1183 3499; x_wconf 85' lang='lat' dir='ltr'>Pharo</span> <span class='ocrx_word' id='word_1_395' title='bbox 1208 3451 1327 3515; x_wconf 82' lang='lat' dir='ltr'>superba</span> <span class='ocrx_word' id='word_1_396' title='bbox 1398 3464 1399 3511; x_wconf 60' lang='grc'><strong>1</strong></span> 
     </span>
     <span class='ocr_line' id='line_1_46' title="bbox 201 3513 1399 3582; baseline 0.003 -18"><span class='ocrx_word' id='word_1_397' title='bbox 201 3513 324 3579; x_wconf 89' lang='lat' dir='ltr'>Pompeio</span> <span class='ocrx_word' id='word_1_398' title='bbox 342 3513 417 3564; x_wconf 84' lang='lat' dir='ltr'>dabis</span> <span class='ocrx_word' id='word_1_399' title='bbox 435 3514 516 3565; x_wconf 86' lang='lat' dir='ltr'>altius</span> <span class='ocrx_word' id='word_1_400' title='bbox 534 3516 726 3580; x_wconf 87' lang='lat' dir='ltr'>sepulchrum“:</span> <span class='ocrx_word' id='word_1_401' title='bbox 752 3517 787 3566; x_wconf 89' lang='lat' dir='ltr'>Ut</span> <span class='ocrx_word' id='word_1_402' title='bbox 805 3517 944 3567; x_wconf 87' lang='lat' dir='ltr'>Simonidis</span> <span class='ocrx_word' id='word_1_403' title='bbox 963 3532 1063 3568; x_wconf 84' lang='lat' dir='ltr'>carmen</span> <span class='ocrx_word' id='word_1_404' title='bbox 1082 3516 1243 3582; x_wconf 87' lang='lat' dir='ltr'>sepulchrum</span> <span class='ocrx_word' id='word_1_405' title='bbox 1261 3532 1326 3567; x_wconf 87' lang='lat' dir='ltr'>nau·</span> <span class='ocrx_word' id='word_1_406' title='bbox 1398 3526 1399 3579; x_wconf 77' lang='lat' dir='ltr'>j</span> 
     </span>
    </p>
   </div>
   <div class='ocr_carea' id='block_1_13' title="bbox 202 3580 1325 3650">
    <p class='ocr_par' dir='ltr' id='par_1_14' title="bbox 202 3580 1325 3650">
     <span class='ocr_line' id='line_1_47' title="bbox 202 3580 1325 3650; baseline 0.004 -18"><span class='ocrx_word' id='word_1_407' title='bbox 202 3581 269 3648; x_wconf 86' lang='lat' dir='ltr'>isngi</span> <span class='ocrx_word' id='word_1_408' title='bbox 286 3580 417 3633; x_wconf 87' lang='lat' dir='ltr'>cuiusdam</span> <span class='ocrx_word' id='word_1_409' title='bbox 436 3581 538 3633; x_wconf 86' lang='lat' dir='ltr'>Valerio</span> <span class='ocrx_word' id='word_1_410' title='bbox 556 3583 668 3634; x_wconf 84' lang='lat' dir='ltr'>Maximo</span> <span class='ocrx_word' id='word_1_411' title='bbox 685 3583 788 3645; x_wconf 90' lang='lat' dir='ltr'>dicitur,</span> <span class='ocrx_word' id='word_1_412' title='bbox 806 3584 883 3645; x_wconf 89' lang='lat' dir='ltr'>lib.I,</span> <span class='ocrx_word' id='word_1_413' title='bbox 897 3587 920 3635; x_wconf 75' lang='grc' dir='ltr'>Ἰ.</span> <span class='ocrx_word' id='word_1_414' title='bbox 940 3585 1012 3647; x_wconf 77' lang='lat' dir='ltr'>[Est.</span> <span class='ocrx_word' id='word_1_415' title='bbox 1029 3584 1078 3650; x_wconf 76' lang='lat'>§31</span> <span class='ocrx_word' id='word_1_416' title='bbox 1098 3582 1217 3646; x_wconf 72' lang='lat' dir='ltr'>,anaor</span> <span class='ocrx_word' id='word_1_417' title='bbox 1234 3590 1325 3636; x_wconf 78' lang='lat' dir='ltr'>anian</span> 
     </span>
    </p>
   </div>
   <div class='ocr_carea' id='block_1_14' title="bbox 203 3646 1399 3715">
    <p class='ocr_par' dir='ltr' id='par_1_15' title="bbox 203 3646 1399 3715">
     <span class='ocr_line' id='line_1_48' title="bbox 203 3646 1399 3715; baseline 0 -12"><span class='ocrx_word' id='word_1_418' title='bbox 203 3650 325 3713; x_wconf 81' lang='lat' dir='ltr'>beneficii</span> <span class='ocrx_word' id='word_1_419' title='bbox 347 3648 497 3701; x_wconf 82' lang='lat' dir='ltr'>Simonides</span> <span class='ocrx_word' id='word_1_420' title='bbox 520 3651 717 3715; x_wconf 76' lang='lat' dir='ltr'>elegantissimo</span> <span class='ocrx_word' id='word_1_421' title='bbox 747 3667 806 3702; x_wconf 89' lang='lat' dir='ltr'>eurn</span> <span class='ocrx_word' id='word_1_422' title='bbox 831 3651 942 3702; x_wconf 88' lang='lat' dir='ltr'>carmine</span> <span class='ocrx_word' id='word_1_423' title='bbox 971 3655 1127 3703; x_wconf 83' lang='lat' dir='ltr'>aeternitati</span> <span class='ocrx_word' id='word_1_424' title='bbox 1150 3655 1326 3713; x_wconf 83' lang='lat' dir='ltr'>consecrarit,</span> <span class='ocrx_word' id='word_1_425' title='bbox 1398 3646 1399 3683; x_wconf 71' lang='lat'>3</span> 
     </span>
    </p>
   </div>
   <div class='ocr_carea' id='block_1_15' title="bbox 202 3717 1325 3853">
    <p class='ocr_par' dir='ltr' id='par_1_16' title="bbox 202 3717 1325 3853">
     <span class='ocr_line' id='line_1_49' title="bbox 203 3717 1325 3785; baseline -0.002 -14"><span class='ocrx_word' id='word_1_426' title='bbox 203 3719 296 3771; x_wconf 81' lang='lat' dir='ltr'>melius</span> <span class='ocrx_word' id='word_1_427' title='bbox 323 3717 368 3769; x_wconf 83' lang='lat' dir='ltr'>ilii</span> <span class='ocrx_word' id='word_1_428' title='bbox 394 3723 421 3767; x_wconf 88' lang='lat' dir='ltr'>et</span> <span class='ocrx_word' id='word_1_429' title='bbox 446 3718 602 3770; x_wconf 86' lang='lat' dir='ltr'>diuturnius</span> <span class='ocrx_word' id='word_1_430' title='bbox 626 3722 654 3769; x_wconf 88' lang='lat' dir='ltr'>in</span> <span class='ocrx_word' id='word_1_431' title='bbox 685 3722 782 3770; x_wconf 84' lang='lat' dir='ltr'>animis</span> <span class='ocrx_word' id='word_1_432' title='bbox 806 3721 942 3771; x_wconf 78' lang='lat' dir='ltr'>hominurn</span> <span class='ocrx_word' id='word_1_433' title='bbox 966 3721 1128 3785; x_wconf 87' lang='lat' dir='ltr'>sepulchrum</span> <span class='ocrx_word' id='word_1_434' title='bbox 1153 3723 1325 3781; x_wconf 67' lang='lat' dir='ltr'>cantaturus,</span> 
     </span>
     <span class='ocr_line' id='line_1_50' title="bbox 202 3785 1325 3853; baseline 0 -15"><span class='ocrx_word' id='word_1_435' title='bbox 202 3802 282 3853; x_wconf 84' lang='lat' dir='ltr'>quarn</span> <span class='ocrx_word' id='word_1_436' title='bbox 306 3789 336 3837; x_wconf 86' lang='lat' dir='ltr'>in</span> <span class='ocrx_word' id='word_1_437' title='bbox 359 3785 470 3839; x_wconf 80' lang='lat' dir='ltr'>desertis</span> <span class='ocrx_word' id='word_1_438' title='bbox 494 3789 584 3838; x_wconf 85' lang='lat' dir='ltr'>arenis</span> <span class='ocrx_word' id='word_1_439' title='bbox 601 3789 765 3838; x_wconf 77' lang='lat' dir='ltr'>struaerct.“</span> <span class='ocrx_word' id='word_1_440' title='bbox 800 3789 840 3839; x_wconf 87' lang='lat' dir='ltr'>Ite</span> <span class='ocrx_word' id='word_1_441' title='bbox 858 3787 1005 3852; x_wconf 85' lang='lat' dir='ltr'>metaphora</span> <span class='ocrx_word' id='word_1_442' title='bbox 1023 3804 1075 3837; x_wconf 89' lang='lat' dir='ltr'>non</span> <span class='ocrx_word' id='word_1_443' title='bbox 1094 3787 1213 3839; x_wconf 89' lang='lat' dir='ltr'>dissimili</span> <span class='ocrx_word' id='word_1_444' title='bbox 1231 3803 1325 3838; x_wconf 86' lang='lat' dir='ltr'>monu-</span> 
     </span>
    </p>
   </div>
   <div class='ocr_carea' id='block_1_16' title="bbox 201 3842 1399 3989">
    <p class='ocr_par' dir='ltr' id='par_1_17' title="bbox 201 3842 1399 3989">
     <span class='ocr_line' id='line_1_51' title="bbox 201 3842 1399 3919; baseline -0.002 -13"><span class='ocrx_word' id='word_1_445' title='bbox 201 3860 317 3907; x_wconf 86' lang='lat' dir='ltr'>mentum</span> <span class='ocrx_word' id='word_1_446' title='bbox 334 3854 430 3918; x_wconf 84' lang='lat' dir='ltr'>passim</span> <span class='ocrx_word' id='word_1_447' title='bbox 447 3855 565 3918; x_wconf 79' lang='lat' dir='ltr'>caconit,</span> <span class='ocrx_word' id='word_1_448' title='bbox 585 3860 614 3905; x_wconf 90' lang='lat' dir='ltr'>ut</span> <span class='ocrx_word' id='word_1_449' title='bbox 632 3856 724 3905; x_wconf 87' lang='lat' dir='ltr'>Noster</span> <span class='ocrx_word' id='word_1_450' title='bbox 742 3855 882 3917; x_wconf 79' lang='lat' dir='ltr'>Garrulli,</span> <span class='ocrx_word' id='word_1_451' title='bbox 893 3858 935 3918; x_wconf 82' lang='grc'>30,</span> <span class='ocrx_word' id='word_1_452' title='bbox 950 3859 969 3907; x_wconf 89' lang='lat' dir='ltr'>i.</span> <span class='ocrx_word' id='word_1_453' title='bbox 999 3855 1108 3919; x_wconf 77' lang='lat' dir='ltr'>„liaegi</span> <span class='ocrx_word' id='word_1_454' title='bbox 1124 3861 1325 3907; x_wconf 85' lang='lat' dir='ltr'>rnanrnnentarn</span> <span class='ocrx_word' id='word_1_455' title='bbox 1398 3842 1399 3895; x_wconf 66' lang='lat' dir='ltr'>l</span> 
     </span>
     <span class='ocr_line' id='line_1_52' title="bbox 203 3923 1399 3989; baseline 0.001 -17"><span class='ocrx_word' id='word_1_456' title='bbox 203 3937 265 3975; x_wconf 77' lang='lat' dir='ltr'>esre</span> <span class='ocrx_word' id='word_1_457' title='bbox 286 3925 455 3988; x_wconf 82' lang='lat' dir='ltr'>perennius.“</span> <span class='ocrx_word' id='word_1_458' title='bbox 490 3923 569 3974; x_wconf 85' lang='lat' dir='ltr'>Notos</span> <span class='ocrx_word' id='word_1_459' title='bbox 593 3927 676 3973; x_wconf 85' lang='lat' dir='ltr'>sutem</span> <span class='ocrx_word' id='word_1_460' title='bbox 700 3923 775 3973; x_wconf 87' lang='lat' dir='ltr'>velim</span> <span class='ocrx_word' id='word_1_461' title='bbox 799 3923 845 3974; x_wconf 86' lang='lat' dir='ltr'>illa</span> <span class='ocrx_word' id='word_1_462' title='bbox 867 3923 1005 3989; x_wconf 87' lang='lat' dir='ltr'>praeeipue</span> <span class='ocrx_word' id='word_1_463' title='bbox 1022 3924 1105 3985; x_wconf 81' lang='lat' dir='ltr'>verbu,</span> <span class='ocrx_word' id='word_1_464' title='bbox 1125 3923 1206 3974; x_wconf 86' lang='lat' dir='ltr'>altius</span> <span class='ocrx_word' id='word_1_465' title='bbox 1226 3923 1325 3983; x_wconf 83' lang='lat' dir='ltr'>Pharo,</span> <span class='ocrx_word' id='word_1_466' title='bbox 1398 3930 1399 3973; x_wconf 72' lang='lat' dir='ltr'>l</span> 
     </span>
    </p>
   </div>
   <div class='ocr_carea' id='block_1_17' title="bbox 202 3989 1325 4223">
    <p class='ocr_par' dir='ltr' id='par_1_18' title="bbox 202 3989 1325 4223">
     <span class='ocr_line' id='line_1_53' title="bbox 202 3989 1322 4057; baseline -0.001 -17"><span class='ocrx_word' id='word_1_467' title='bbox 202 3989 296 4040; x_wconf 85' lang='lat' dir='ltr'>melius</span> <span class='ocrx_word' id='word_1_468' title='bbox 320 3994 346 4039; x_wconf 85' lang='lat' dir='ltr'>et</span> <span class='ocrx_word' id='word_1_469' title='bbox 374 3989 529 4041; x_wconf 81' lang='lat' dir='ltr'>diuturnius</span> <span class='ocrx_word' id='word_1_470' title='bbox 554 4006 646 4056; x_wconf 82' lang='lat' dir='ltr'>quarn:</span> <span class='ocrx_word' id='word_1_471' title='bbox 680 3990 745 4041; x_wconf 90' lang='lat' dir='ltr'>illud</span> <span class='ocrx_word' id='word_1_472' title='bbox 767 3991 836 4042; x_wconf 90' lang='lat' dir='ltr'>enim</span> <span class='ocrx_word' id='word_1_473' title='bbox 860 3991 944 4056; x_wconf 90' lang='lat' dir='ltr'>ipsum</span> <span class='ocrx_word' id='word_1_474' title='bbox 969 3996 1006 4041; x_wconf 89' lang='lat' dir='ltr'>est</span> <span class='ocrx_word' id='word_1_475' title='bbox 1029 4007 1111 4057; x_wconf 89' lang='lat' dir='ltr'>super</span> <span class='ocrx_word' id='word_1_476' title='bbox 1135 3989 1322 4054; x_wconf 84' lang='lat' dir='ltr'>Carthaginem.</span> 
     </span>
     <span class='ocr_line' id='line_1_54' title="bbox 202 4055 1322 4123; baseline 0 -16"><span class='ocrx_word' id='word_1_477' title='bbox 202 4056 282 4107; x_wconf 86' lang='lat' dir='ltr'>Silius</span> <span class='ocrx_word' id='word_1_478' title='bbox 300 4055 405 4107; x_wconf 88' lang='lat' dir='ltr'>Italicus</span> <span class='ocrx_word' id='word_1_479' title='bbox 423 4056 454 4107; x_wconf 87' lang='lat' dir='ltr'>de</span> <span class='ocrx_word' id='word_1_480' title='bbox 471 4058 557 4109; x_wconf 87' lang='lat' dir='ltr'>eodem</span> <span class='ocrx_word' id='word_1_481' title='bbox 577 4058 704 4122; x_wconf 87' lang='lat' dir='ltr'>Scipione,</span> <span class='ocrx_word' id='word_1_482' title='bbox 723 4057 768 4109; x_wconf 87' lang='lat' dir='ltr'>lib.</span> <span class='ocrx_word' id='word_1_483' title='bbox 785 4059 830 4111; x_wconf 86' lang='lat' dir='ltr'>IV.</span> <span class='ocrx_word' id='word_1_484' title='bbox 849 4062 882 4121; x_wconf 88' lang='lat' dir='ltr'>[v.</span> <span class='ocrx_word' id='word_1_485' title='bbox 903 4061 960 4120; x_wconf 86' lang='grc'><strong>130]</strong></span> <span class='ocrx_word' id='word_1_486' title='bbox 992 4057 1079 4123; x_wconf 58' lang='lat' dir='ltr'>,ullum</span> <span class='ocrx_word' id='word_1_487' title='bbox 1104 4060 1154 4108; x_wconf 84' lang='lat' dir='ltr'>tibi</span> <span class='ocrx_word' id='word_1_488' title='bbox 1169 4063 1322 4115; x_wconf 81' lang='lat' dir='ltr'>servantur,</span> 
     </span>
     <span class='ocr_line' id='line_1_55' title="bbox 203 4123 1325 4223; baseline 0.002 -51"><span class='ocrx_word' id='word_1_489' title='bbox 203 4126 230 4172; x_wconf 87' lang='lat' dir='ltr'>in</span> <span class='ocrx_word' id='word_1_490' title='bbox 257 4138 327 4173; x_wconf 85' lang='lat' dir='ltr'>uano</span> <span class='ocrx_word' id='word_1_491' title='bbox 356 4123 454 4186; x_wconf 86' lang='lat' dir='ltr'>[cassa]</span> <span class='ocrx_word' id='word_1_492' title='bbox 485 4124 576 4176; x_wconf 85' lang='lat' dir='ltr'>volatu</span> <span class='ocrx_word' id='word_1_493' title='bbox 600 4123 730 4176; x_wconf 84' lang='lat' dir='ltr'>Mentitur</span> <span class='ocrx_word' id='word_1_494' title='bbox 753 4141 863 4191; x_wconf 87' lang='lat' dir='ltr'>superos</span> <span class='ocrx_word' id='word_1_495' title='bbox 878 4141 1015 4223; x_wconf 64' lang='lat' dir='ltr'>praepes,</span> <span class='ocrx_word' id='word_1_496' title='bbox 1038 4131 1173 4191; x_wconf 83' lang='lat' dir='ltr'>postrema</span> <span class='ocrx_word' id='word_1_497' title='bbox 1198 4128 1325 4177; x_wconf 77' lang='lat' dir='ltr'>subactae</span> 
     </span>
    </p>
   </div>
   <div class='ocr_carea' id='block_1_18' title="bbox 0 0 1422 4757">
    <p class='ocr_par' dir='ltr' id='par_1_19' title="bbox 0 0 1422 4757">
     <span class='ocr_line' id='line_1_56' title="bbox 0 0 1422 4757; baseline 0 0"><span class='ocrx_word' id='word_1_498' title='bbox 0 0 1422 4757; x_wconf 95' lang='lat' dir='ltr'> </span> 
     </span>
    </p>
   </div>
  </div>
 </body>
</html>
