2834 4758
219 220 281 286 266
606 233 638 292 Q:
661 233 802 280 nonnum
823 235 947 283 nascer

298 367 368 446 Quo
391 364 476 447 fugit
497 365 629 432 Venus?
657 365 736 432 heul
760 388 864 450 quove
886 370 994 436 colori
1016 370 1133 438 decens

298 452 369 531 Quo
392 453 518 516 motus?
562 450 640 533 quid
661 451 761 518 habes
783 453 879 526 illius,
902 454 991 521 illius

341 536 431 615 Quae
454 534 598 621 spirabat
619 555 755 615 amores,

255 635 286 686 20
420 619 511 698 Quae
534 640 584 684 me
607 628 778 707 surpuerat
798 622 898 688 mihi?

298 704 389 772 Felix
412 711 486 792 post
508 704 667 783 Cinaram,
691 713 831 790 notaque
854 714 886 773 et
908 706 1024 772 artium

299 794 470 859 Graiarum
494 789 609 856 iacies:
634 791 691 856 sed
715 791 851 858 Cinarae
873 793 979 859 brevis

340 877 450 942 Annos
473 875 540 939 lata
562 875 728 955 dederunt,

417 961 591 1026 Servatura
613 960 668 1025 diu
691 979 801 1047 parem

213 1117 257 1165 ant
279 1117 379 1178 posset3
404 1113 427 1162 si
450 1111 579 1175 referunt,
604 1117 658 1162 tum
682 1128 724 1162 eas
748 1127 810 1177 quas
835 1113 886 1163 iam
910 1113 1030 1179 possedit.
1066 1115 1148 1178 Atque
1173 1114 1222 1162 hoc
1253 1111 1345 1162 verisi-

212 1183 306 1233 milius.
547 1199 550 1204 ·

282 1252 320 1300 17.
342 1247 430 1312 ercve
448 1248 523 1299 color·
541 1247 643 1310 decens]
662 1246 776 1296 Incaluit
794 1247 823 1296 in
844 1248 962 1299 omnibus
981 1249 1137 1299 editionibus
1155 1264 1185 1298 ea
1196 1248 1338 1313 interpun-

213 1319 281 1378 ctio,
309 1321 338 1366 ut
362 1316 456 1365 decens
480 1315 510 1364 ad
537 1315 611 1365 color
637 1314 773 1366 referatur:
812 1313 890 1378 „Quo
915 1316 991 1381 sagii
1014 1316 1122 1369 Venus?
1155 1317 1225 1365 teu!
1258 1330 1343 1381 quecca

214 1385 418 1436 ostendereris?
436 1383 493 1446 Quo
512 1386 618 1433 motus?
635 1382 701 1449 quid
718 1384 797 1432 tudes
816 1383 896 1446 illius,
915 1385 1015 1435 ἰ’ἱΙιίιιιέί
1049 1384 1117 1440 Quid
1136 1400 1192 1434 vero
1211 1385 1249 1433 sit
1270 1382 1344 1433 color

214 1454 306 1504 decens
331 1451 446 1515 equidem
469 1453 563 1513 nescio,
590 1452 634 1515 qui
659 1451 778 1501 decorem
803 1450 958 1502 credideram
983 1453 1011 1502 in
1037 1451 1142 1514 habitu,
1167 1456 1253 1516 gestu,
1274 1455 1344 1500 motu

213 1520 365 1572 consistere:
390 1534 470 1583 neque
494 1535 546 1584 quo
569 1517 674 1582 fregerit
697 1518 755 1567 talis
780 1519 856 1580 color,
876 1520 947 1570 valde
964 1520 1117 1580 curandum3
1142 1536 1216 1584 quem
1242 1519 1343 1569 nescias

213 1606 246 1640 an
264 1588 342 1637 fuerit
365 1586 473 1646 fucatus,
492 1591 518 1635 et
532 1587 640 1651 proinde
666 1585 742 1636 facile
768 1588 881 1651 reparari
906 1590 1027 1653 potuerit.
1061 1589 1099 1638 nb
1124 1588 1183 1638 aliis
1206 1588 1235 1638 id
1256 1587 1343 1651 potins

213 1656 309 1722 requiri
333 1655 410 1716 solet,
443 1658 473 1704 ut
496 1655 531 1703 sit
555 1655 624 1704 color
653 1670 732 1704 verus
755 1659 781 1703 et
807 1657 954 1718 ingenuus,
987 1672 1061 1720 quarn
1091 1656 1197 1705 decana:
1237 1655 1343 1704 Terent.

212 1725 339 1775 Eunucho
363 1724 397 1784 ΙΙ,
416 1724 439 1774 3.
459 1726 492 1785 [v.
511 1725 553 1784 27]
572 1737 660 1784 „aava
681 1720 775 1790 figura
793 1725 849 1771 orie
866 1728 970 1789 papae!
989 1723 1064 1773 Color
1081 1740 1162 1786 verus,
1181 1739 1285 1789 eorpus
1302 1738 1342 1771 so·

214 1793 305 1857 lidum,
324 1796 350 1841 et
371 1792 446 1841 sacci
461 1790 600 1855 plenum“:
625 1790 673 1839 hoc
692 1794 738 1852 est,
763 1791 810 1854 qui
827 1806 881 1840 non
900 1792 932 1841 dc
951 1807 1017 1842 cura
1035 1798 1074 1842 sat
1092 1808 1124 1842 ac
1148 1792 1180 1841 de
1202 1790 1280 1853 fuco,
1299 1788 1345 1839 red

212 1860 362 1921 nataralir3
389 1863 418 1909 ut
435 1862 503 1908 recte
521 1858 559 1907 ibi
577 1858 700 1908 Donatus.
735 1858 884 1922 Propertius
901 1860 922 1921 I,
941 1862 964 1911 4.
984 1863 1016 1922 [r.
1027 1862 1067 1923 13]
1086 1859 1231 1924 „Haecrad
1249 1857 1344 1919 forma

212 1931 265 1980 mci
279 1944 345 1994 porr
364 1932 402 1977 ast
418 1932 538 1976 seluemo
555 1926 665 1987 ferroris,
685 1924 755 1975 Sunt
770 1928 885 1991 maiora,
903 1929 1006 1991 quidam,
1026 1927 1113 1991 Bassa,
1128 1930 1220 1993 perire
1248 1929 1341 1977 iuvat:

212 1999 341 2062 Ingenuus
365 1995 445 2058 color,
469 1999 494 2044 et
516 1994 607 2043 maritale
630 1992 709 2043 docus
732 1995 866 2043 ortibua“:
891 1994 937 2044 ubi
962 1994 1043 2046 obiter
1061 1995 1238 2060 corrigendum
1258 1993 1342 2053 eredo,

212 2066 302 2115 multis
326 2064 401 2113 decor
425 2063 536 2112 ortibus.
572 2061 622 2110 Sed
644 2062 672 2111 in
697 2061 807 2110 Horatio
833 2062 912 2112 alium
935 2063 1011 2127 plane
1035 2064 1144 2114 colorem
1167 2062 1260 2113 induet
1286 2077 1343 2111 seu·

213 2133 302 2196 tentia,
327 2130 492 2181 distinctione
517 2132 616 2179 tautum
639 2132 745 2191 mutata,
772 2129 799 2178 in
825 2130 893 2180 huno
917 2132 1026 2194 modum,
1045 2131 1120 2194 „Quo
1138 2130 1213 2196 fugit
1230 2130 1343 2181 Venus?

214 2203 283 2251 lacu!
301 2198 487 2265 quoveeolorl
504 2197 598 2247 doeens
616 2196 674 2260 Quo
692 2198 814 2248 motus?“
831 2198 969 2248 Enimvero
987 2216 1039 2249 non
1057 2203 1143 2250 omnis
1158 2205 1253 2260 motas,
1274 2195 1343 2262 quod

213 2269 316 2333 vulgata
333 2268 420 2317 innuit
436 2266 521 2330 lectio,
545 2266 596 2315 iam
610 2265 696 2331 Lycen
720 2264 859 2329 reliquerat
877 2266 981 2331 (quippe
999 2284 1079 2332 quae,
1103 2267 1186 2317 invita
1210 2267 1276 2316 licet
1295 2265 1342 2315 Ve-

214 2352 280 2399 nere,
306 2336 420 2398 ludebat,
447 2334 557 2398 bibebat,
581 2338 608 2382 at
631 2334 775 2394 cantabat),
801 2334 844 2383 ssd
861 2339 948 2385 matres
972 2335 1073 2388 decens.
1109 2335 1181 2391 Quod
1206 2336 1283 2399 quale
1308 2332 1342 2381 sit

213 2421 243 2455 err
261 2404 423 2460 Quintiliano
447 2402 536 2463 disces,
555 2401 640 2450 instit.
661 2402 680 2464 Ι,
701 2403 740 2452 16.
760 2404 791 2463 [e.
804 2405 835 2453 10
855 2401 927 2466 §261
955 2402 1100 2468 „Corporis
1118 2418 1222 2469 quoque
1248 2403 1341 2453 decens

214 2478 239 2523 et
264 2477 343 2538 uptus
365 2474 457 2534 motus,
482 2472 530 2534 qui
551 2469 652 2519 dieitur
669 2462 826 2537 Εὗρυθμία,
847 2475 886 2519 est
908 2473 1099 2521 neeessarirrs.“
1125 2476 1150 2521 et
1174 2469 1279 2520 Tibullo
1297 2468 1340 2527 IV,

213 2543 236 2592 2.
256 2544 282 2604 [ς’
292 2541 317 2602 8]
342 2539 437 2602 „Illam
460 2537 590 2601 quiequid
612 2539 678 2601 ogit,
706 2552 810 2601 quoquo
836 2540 949 2603 vestigia
972 2540 1059 2599 movit,
1087 2538 1226 2604 Componis
1243 2539 1341 2599 firrlr'm

213 2610 433 2671 arsbseqrcitarquo
456 2604 558 2655 deeor.“
592 2603 717 2668 Ceterum,
735 2605 782 2654 hae
801 2605 966 2655 distinctione
990 2608 1082 2671 posita,
1106 2607 1265 2656 constructio
1283 2605 1341 2655 Vir-

213 2675 324 2740 gilianae
342 2673 384 2722 illi
407 2671 537 2721 simillima
554 2672 611 2734 erit,
634 2674 697 2724 Aen.
721 2672 764 2737 VI,
790 2675 846 2724 122.
872 2674 956 2739 ‚florid
981 2673 1097 2724 Theseu?
1121 2689 1249 2738 magnum
1270 2671 1342 2737 Quid

213 2756 353 2792 raemorem
373 2738 520 2789 Alcidea?“

280 2811 321 2859 21.
355 2807 392 2856 Et
419 2809 518 2856 artium
550 2804 695 2856 Graiarum
721 2807 813 2870 facias]
854 2807 1008 2857 Plenissime
1037 2809 1139 2872 quidem
1168 2810 1230 2860 haec
1258 2810 1340 2874 prima

215 2877 296 2926 fronte
314 2876 446 2937 videntur,
470 2890 552 2938 neque
571 2873 647 2923 ullam
666 2875 842 2925 difficultatem
860 2876 965 2925 habere:
996 2876 1094 2940 „Felice
1118 2883 1180 2943 post
1201 2876 1339 2935 Cinaram,

213 2949 343 3009 nothrss,
368 2948 394 2992 et
417 2944 517 2992 artium
542 2940 687 2992 Graiarum
712 2941 823 3004 socies.“
863 2942 943 2994 Felice
965 2943 1064 3008 socies,
1088 2946 1161 3010 qnasi
1187 2961 1233 3011 per
1257 2944 1340 2996 excla-

215 3013 357 3074 mationem,
376 3010 487 3061 utillud
505 3010 627 3072 Terentii,
651 3011 768 3060 Eunueh.
788 3012 822 3072 II,
842 3013 864 3064 3.
885 3014 916 3073 [v.
936 3014 961 3074 5]
997 3012 1036 3075 „0
1060 3011 1157 3073 faciam
1181 3014 1341 3079 pulchrum!

214 3082 287 3132 deleo
311 3096 401 3131 ornares
427 3079 523 3129 dehinc
541 3095 575 3128 erc
593 3081 682 3129 aniano
700 3080 852 3128 mulieres.“
882 3078 934 3128 Ubi
951 3081 1046 3144 optime
1064 3082 1194 3131 Donatus:
1213 3080 1339 3146 ,faciem

213 3150 299 3212 modo,
317 3151 378 3199 'uon
423 3153 506 3197 artem
531 3149 653 3212 corporis
678 3146 750 3209 dicit,
774 3147 822 3197 sed
842 3152 923 3196 tolum
946 3151 1067 3212 speciem,
1091 3165 1159 3214 quae
1183 3155 1301 3214 apparat
1317 3151 1341 3197 al

215 3218 359 3268 cernitur.“
393 3164 449 3271 guo
467 3215 541 3264 modo
559 3218 584 3264 et
601 3214 643 3264 hic
662 3215 786 3264 Horatius
804 3216 930 3280 integram
949 3215 1062 3278 formam,
1080 3232 1132 3266 non
1151 3233 1178 3266 cs
1197 3222 1222 3266 et
1239 3218 1338 3267 vultum

213 3285 344 3349 intelligit.
374 3283 468 3334 Facies
486 3287 570 3331 entem
586 3287 730 3346 gratarum
749 3285 861 3343 artiam3
880 3287 909 3333 ut
927 3284 1008 3334 Carm.
1026 3285 1070 3345 IV,
1091 3287 1164 3347 1,15.
1200 3284 1339 3351 „Namque

118 3370 124 3383 ·
214 3358 240 3401 et
261 3352 372 3415 nobilis,
400 3355 426 3401 st
448 3350 556 3413 decens,
580 3349 617 3399 Er
640 3356 744 3400 centum
768 3366 837 3415 puer
861 3354 986 3401 artium.“
1021 3353 1160 3417 Eleganter
1185 3353 1339 3403 Scholiastas

214 3419 336 3483 Oruquii;
360 3419 485 3480 „Artium
501 3423 645 3481 gratarum
663 3418 747 3479 facias
765 3418 872 3483 dicitur,
897 3435 966 3484 qaae
988 3421 1080 3483 oculis,
1099 3426 1167 3470 caetu
1184 3421 1340 3487 supercilio·

214 3502 289 3549 mam,
316 3487 426 3535 cervicis
449 3485 623 3545 volubilitate,
649 3489 745 3550 capitis
767 3489 970 3550 gratinonae
994 3487 1108 3553 denique
1125 3492 1248 3553 corporis
1265 3493 1339 3538 arola

213 3554 327 3620 plaeet.“
371 3552 440 3608 Quid
470 3552 571 3601 videtur
595 3553 706 3602 elarius?
741 3554 791 3603 His
817 3557 900 3604 tamen
924 3571 978 3604 non
1002 3561 1137 3606 contentus
1161 3555 1339 3606 celeberrimus

213 3622 343 3682 Ducarius,
368 3620 404 3670 sic
428 3621 511 3669 loeurn
536 3622 662 3684 corrigere
680 3623 797 3683 tentavit,
821 3620 918 3684 „Folio
933 3629 994 3689 port
1013 3624 1149 3687 (linearum,
1174 3630 1292 3689 notaque
1317 3626 1340 3673 et

214 3693 313 3742 ortium
334 3688 478 3740 Gruterum
496 3689 588 3738 facie.“
623 3687 695 3739 Noto
713 3688 784 3749 socie
802 3693 910 3751 artium,
935 3691 1001 3741 idem
1020 3692 1058 3741 ait
1075 3708 1135 3754 esse,
1160 3708 1189 3741 ae
1212 3697 1279 3742 notu
1296 3708 1338 3742 ar·

214 3761 291 3809 titus.
335 3756 399 3813 Quis
419 3772 476 3805 vero
500 3757 540 3806 vel
564 3756 640 3806 lando
658 3757 795 3818 inaudivit,
820 3756 906 3817 socias
931 3762 1038 3825 artium,
1056 3776 1103 3824 pro
1121 3761 1210 3809 artari
1235 3759 1278 3808 ubi
1304 3760 1338 3809 lo-

213 3843 299 3877 corum
324 3830 399 3875 natus
424 3827 463 3874 est
485 3823 534 3874 iste
558 3841 610 3874 mos
635 3824 776 3888 loquendi?
807 3825 908 3888 Vereor,
934 3833 963 3877 ut
980 3843 1011 3876 ne
1028 3828 1118 3878 faciem
1136 3827 1238 3892 quidem
1256 3843 1338 3877 corre·

214 3895 308 3945 ctiouis
325 3894 372 3944 hoc
391 3893 490 3943 habeat.
533 3894 622 3956 Neque
647 3908 705 3943 vero
731 3894 887 3943 correctione
909 3894 973 3944 ulla'
988 3895 1030 3945 hic
1059 3912 1137 3961 opus;
1174 3895 1339 3946 distinctione

214 3967 313 4012 tantum
331 3962 441 4011 iuvanda
458 3960 586 4011 sententia
605 3965 656 4023 est,
674 3961 742 4010 huuc
762 3963 788 4010 in
807 3961 922 4011 modum:
947 3961 1044 4025 „Falla
1059 3970 1121 4030 post
1140 3963 1274 4027 Cinaram,
1293 3979 1339 4013 ao·

215 4035 295 4095 taque
312 4035 339 4079 et
361 4032 461 4079 artirrm
481 4027 627 4080 Graiorum
650 4027 760 4089 facies.“
796 4028 928 4093 Tollenda,
951 4032 1064 4095 inquam,
1082 4032 1257 4096 interpunctio
1280 4035 1339 4096 post

215 4096 351 4162 Notuq2w3
370 4112 433 4160 quae
459 4113 544 4146 omnes
569 4097 672 4147 omuino
691 4095 815 4147 editiones
838 4097 888 4146 hnc
911 4115 990 4163 nsque
1014 4100 1114 4150 obsedit
1137 4103 1163 4149 et
1185 4099 1360 4164 inquinavit..

216 4164 284 4219 Quid
302 4165 369 4214 enim
388 4168 453 4214 esset
476 4170 540 4214 nota
567 4164 652 4226 facies
669 4180 714 4228 per
739 4165 913 4229 sepositum?
939 4168 1042 4231 egregia
1060 4184 1119 4218 vero
1137 4168 1192 4217 laus
1209 4168 1299 4233 Lycas,
1318 4167 1339 4217 si
