2842 4758
223 203 286 265 ⁴¹0⁶
608 232 641 294 o.
662 233 805 283 nonaum
826 236 947 286 nascor

286 352 429 425 Hectora
448 361 645 445 Priamiden,
666 368 846 436 animosum
867 376 962 452 atque
983 368 1068 437 inter
1088 371 1244 438 Achillem

287 438 341 505 lca
362 440 425 513 luit
446 448 606 535 capitalis,
629 458 666 519 ut
686 453 800 521 ultima
821 454 974 520 divideret
994 475 1098 520 mors:

287 521 361 591 Noa
382 528 483 599 auom
504 535 546 601 ob
567 555 710 615 causam,
731 539 794 607 uisi
815 539 900 623 quod
921 539 1022 605 virtus
1044 540 1078 605 in
1100 547 1235 625 utroque

249 618 277 671 ts
293 607 428 681 Sumus
450 616 522 687 tuit
559 620 626 689 duo
647 623 677 691 si
698 625 858 693 discordia
878 631 983 691 verset
1003 624 1131 703 inertis;

289 694 355 763 sut
377 698 407 765 si
429 700 616 793 &pambus
636 709 757 777 bellum
777 709 905 787 incidat
927 715 963 774 ut
984 709 1135 777 Diomedi

290 778 374 851 Cum
393 784 498 873 lucio
519 791 660 860 Glauco:
682 795 828 863 mereim
846 793 975 880 pigrior,
998 794 1082 860 ultro

288 862 478 943 uiuacis
498 876 617 946 missis
661 882 760 947 Bruto
781 885 927 967 praetore
949 886 1077 946 tenente

642 1015 668 1052 ι.
686 1002 725 1052 15.
749 998 825 1064 Vulg.
842 996 932 1049 Vacat.

225 1100 255 1145 ut
271 1096 340 1175 siti
355 1102 442 1173 aptit
460 1112 488 1171 1,
506 1116 538 1177 e,
557 1118 599 1169 ιι,
634 1116 749 1182 „uuor
765 1131 920 1181 mmm
938 1115 996 1164 tim
1013 1115 1085 1164 Inter
1102 1116 1211 1167 astrum
1228 1115 1346 1176 surina,

226 1168 252 1211 ot
270 1176 339 1221 iuter·
356 1174 501 1230 ΔΝΜ
534 1183 625 1241 Quivis
649 1186 716 1236 alius
738 1186 848 1250 scriptor
865 1180 896 1232 τὸ
915 1182 988 1232 Inter
1005 1183 1081 1232 semel
1099 1188 1199 1233 tantum
1216 1183 1348 1249 posuerim

225 1238 255 1285 tit
273 1232 376 1291 'luceat
393 1245 475 1298 Andr.
492 1250 543 1311 ΙΙΙ,
561 1255 586 1305 3.
605 1256 638 1316 [ι.
655 1255 700 1317 20]
728 1253 809 1317 „lne
823 1256 887 1301 rent
903 1253 974 1300 inter
993 1248 1146 1315 Glycerium
1163 1257 1192 1301 et
1205 1252 1348 1316 gnatum.“

225 1308 255 1379 lt}
276 1310 300 1355 tl
320 1308 426 1373 stratui,
451 1316 561 1377 Μεταξὺ
578 1318 684 1377 κύλικος
699 1319 745 1371 καὶ
757 1319 861 1389 χείλεος
885 1311 977 1386 ἄκρου.
1011 1316 1121 1377 Μεταξὺ
1139 1317 1283 1387 Κορίνθου
1302 1314 1348 1368 καὶ

226 1366 376 1443 *tillim
410 1381 448 1432 Et
464 1386 501 1434 sio
519 1387 565 1437 alii
582 1390 679 1455 ubique
696 1406 790 1440 omnes,
826 1387 914 1452 dieque
931 1402 989 1436 vero
1007 1387 1088 1451 magis
1107 1387 1138 1438 ab
1156 1404 1219 1449 usu,
1240 1401 1350 1451 quama

226 1444 329 1517 ‘illicita
355 1449 461 1500 messit
477 1453 579 1505 Noster.
612 1457 743 1513 Quomodo
765 1455 833 1506 enim
854 1453 926 1504 sodes
950 1456 1021 1503 inter
1046 1454 1171 1504 Peliden?
1202 1470 1260 1504 cum
1276 1470 1351 1519 prae·
1409 1496 1410 1503 ,

226 1514 325 1567 linitio
349 1511 396 1565 ills
419 1517 482 1569 duos
505 1521 566 1573 bino
590 1532 616 1575 et
638 1526 699 1576 iiiuc
722 1525 841 1574 terminos
859 1522 884 1571 ri
901 1537 946 1572 sua
963 1526 988 1571 et
1006 1522 1110 1571 notione
1128 1523 1254 1586 designet.
1288 1523 1349 1572 Nou

227 1584 290 1645 titio
308 1578 380 1631 tuter
397 1585 536 1641 Hectorem
553 1591 604 1642 mit
621 1594 674 1653 ira,
700 1598 777 1658 atquc
799 1593 892 1642 itomm
909 1593 980 1639 inm
995 1588 1140 1641 Achillem:
1167 1590 1212 1640 sed
1229 1590 1308 1640 semel
1325 1596 1351 1640 et

227 1641 306 1697 §latui
324 1647 395 1701 inter
413 1660 562 1724 utrumque.
596 1661 763 1711 Hebraismus
780 1659 882 1725 quidem
898 1664 950 1717 est;
967 1673 1041 1721 quem
1059 1657 1229 1723 Septuaginta
1247 1674 1350 1723 expres·

227 1715 508 1790 sessonensium,
526 1723 584 1777 Δνὰ
600 1727 687 1796 μέσον
704 1729 753 1780 τοῦ
771 1723 865 1795 φωτὸς
880 1723 926 1775 καὶ
943 1718 996 1774 ἀνὰ
1012 1722 1099 1791 μέσον
1107 1727 1157 1775 τοῦ
1175 1722 1304 1781 androco:
1324 1730 1351 1776 at

227 1769 340 1835 Latous
363 1786 490 1855 interpres
513 1795 598 1846 noluit
620 1797 717 1859 dicere,
744 1796 817 1846 Inter
841 1794 925 1844 lucem
954 1798 982 1843 et
1003 1795 1074 1843 inter
1097 1795 1234 1858 tenebras,
1260 1798 1351 1859 utpote

228 1855 345 1902 winone
354 1853 450 1908 Latino
467 1861 587 1915 ahenum.
622 1864 685 1915 Cum
700 1865 790 1926 haec*)
809 1861 978 1927 scripsissem
997 1876 1053 1910 sero
1070 1862 1247 1922 animadverti,
1266 1863 1352 1912 virum

227 1907 505 1991 1οῃΙΙΙ(Ιοιτῐίεείιιιιιιιι,
523 1932 677 1982 Gatalrerum
694 1937 832 1982 nostratem
841 1930 972 1979 Adversas.
983 1928 1017 1989 11,
1036 1930 1060 1980 2.
1079 1928 1110 1978 de
1126 1928 1281 1980 Hebraismo
1299 1931 1350 1980 hoe

259 1997 306 2033 uro
323 1989 470 2058 adnotasse;
497 2015 572 2063 quem
593 2016 675 2065 neque
691 1999 795 2050 Latinis
817 2014 920 2064 prorsus
943 1995 1094 2046 insolentem
1119 1997 1197 2048 luisse
1216 2014 1247 2047 ex
1264 1999 1351 2063 priore

248 2064 278 2103 00
296 2054 386 2111 Flacci
401 2061 458 2114 loco
475 2073 580 2117 conatus
605 2077 644 2118 est
666 2068 810 2117 ostendere:
836 2066 879 2116 cui
902 2070 929 2115 et
952 2063 1052 2114 addidit
1068 2063 1138 2114 Livii
1156 2065 1236 2126 illud,
1252 2065 1351 2128 ,xx11‚

230 2116 272 2169 3⁵·
291 2124 318 2188 [δ
337 2129 363 2190 5]
397 2129 513 2191 „Itomae
537 2138 594 2186 iuri
610 2135 725 2186 dicundo
740 2137 845 2185 urbana
862 2149 920 2183 sors
937 2133 1099 2197 Pomponio.-
1124 2133 1193 2182 inter
1211 2136 1282 2184 ciues
1299 2132 1352 2184 lio·

229 2198 325 2240 tnauos
342 2202 369 2246 et
384 2197 452 2249 inter
466 2206 624 2267 peregrinos
643 2203 669 2252 P.
684 2202 768 2253 Furio
786 2203 862 2252 Pltilo
880 2201 992 2250 euenit“
1026 2201 1068 2249 Ita
1085 2200 1186 2264 quidem
1205 2201 1269 2251 olim
1286 2202 1352 2252 lere-

229 2249 321 2311 batur:
341 2270 368 2314 at
384 2267 531 2320 iamdudum
548 2276 594 2333 est,
612 2287 669 2321 eum
686 2270 818 2320 meliorum
835 2269 950 2319 codicum
966 2268 1038 2317 iussu
1048 2268 1177 2332 posterius
1194 2268 1260 2319 illud
1279 2272 1352 2319 inter

231 2320 262 2373 (1⁰
286 2326 363 2382 Livio
386 2335 505 2387 exulavit.
539 2338 617 2388 Aliud
640 2355 700 2389 vero
722 2338 836 2403 suggerit
859 2335 1005 2400 Marcilius,
1031 2352 1061 2385 ex
1079 2334 1161 2387 Cicer.
1185 2337 1351 2389 Paradox.L

232 2390 259 2469 [i
280 2396 322 2460 ¹4]
357 2402 421 2465 „Sic
444 2411 469 2455 te
493 2408 548 2471 ipse
571 2409 679 2457 abiicies
703 2411 782 2471 atque
803 2410 969 2470 prosternes,
995 2408 1027 2452 ut
1048 2403 1119 2454 niiil
1141 2404 1209 2454 inter
1229 2410 1253 2454 te
1270 2412 1354 2471 atque

231 2462 300 2511 iuter
318 2470 515 2537 quadrupedem
540 2474 658 2539 stipuam
679 2480 756 2540 putes
780 2474 938 2523 inmmer‘
965 2471 1092 2534 Equidem
1115 2472 1216 2534 nescio,
1243 2489 1274 2522 er
1301 2488 1353 2538 qua

232 2525 320 2581 cloaca
337 2536 457 2590 foetorem
474 2542 542 2591 buno
560 2542 721 2601 excitaverim
747 2558 804 2591 oum
822 2545 848 2590 et
865 2539 988 2589 editiones
1005 2555 1068 2603 quas
1085 2538 1192 2589 viderim
1210 2556 1307 2602 omues,
1326 2546 1354 2591 et

232 2596 333 2674 codices
358 2606 465 2659 Graevio
489 2609 539 2658 visi
562 2610 611 2659 rite
634 2609 757 2671 habeant,
784 2609 858 2659 Inter
881 2614 906 2657 te
929 2612 1009 2671 atque
1032 2606 1238 2673 quadrupedem.
1281 2608 1354 2664 Quid

232 2669 332 2725 igitur?
359 2673 457 2738 inquis:
485 2676 560 2725 duras
585 2681 610 2726 et
627 2676 747 2740 indignas
764 2675 867 2726 Horatii
884 2674 951 2724 vices
968 2674 1114 2739 praedicam
1141 2676 1164 2724 si
1182 2692 1213 2726 ex
1231 2676 1352 2727 omuibus

232 2729 291 2782 aliis
309 2737 415 2803 eluctor,
433 2743 461 2792 in
478 2743 524 2792 illo
541 2744 594 2793 solo
611 2745 711 2795 macula
728 2745 838 2794 residet?
863 2744 920 2808 Ego
937 2758 1003 2806 vero,
1030 2743 1052 2792 si
1068 2742 1178 2793 Horatio
1197 2749 1286 2794 contra
1304 2744 1353 2794 Li·

232 2797 415 2871 brariosfaves,
433 2809 508 2859 facile
517 2812 679 2875 suppeditare
697 2828 808 2876 possum,
826 2811 891 2876 quod
910 2815 935 2859 et
951 2810 1012 2860 huic
1024 2814 1076 2860 tam
1090 2811 1252 2861 inhonestam
1266 2812 1353 2862 labem

232 2864 375 2937 abstergat:
393 2876 421 2926 in
439 2878 523 2942 priore
540 2879 604 2939 loco,
622 2880 645 2929 si
664 2880 701 2930 sic
715 2880 792 2944 legas,
811 2879 883 2941 „Hoc
893 2881 989 2928 etenim
997 2884 1061 2928 stent
1069 2894 1158 2928 omnes
1168 2882 1228 2929 iure
1238 2880 1354 2941 molesti,

234 2932 291 2997 Quo
309 2940 407 3008 fortes,
434 2947 529 3010 quibus
546 2946 687 2997 aduersum
706 2949 802 2999 bellum
820 2946 922 2996 cncidit.
958 2946 1045 2996 Olim
1062 2945 1177 2996 Hectora
1194 2947 1354 2998 Priamiden

233 3007 383 3061 animorum
407 3019 487 3078 atque
510 3017 581 3064 inter
598 3015 728 3066 Achillem
746 3016 792 3066 Ira
814 3015 869 3075 fuit
887 3014 1026 3078 capitalib,
1051 3020 1082 3063 ut
1098 3014 1194 3064 ultima
1219 3014 1355 3066 diuideret

232 3077 332 3126 moran
350 3080 529 3145 Inposteriore
539 3099 606 3145 vero,
624 3084 646 3132 si
665 3083 701 3133 sic
711 3084 832 3147 retinges:
850 3079 966 3146 „Nestor
977 3097 1133 3146 componere
1148 3082 1354 3134 litesPrimns

233 3139 342 3195 Peliden
360 3146 472 3207 festinat
489 3154 515 3199 et
534 3153 604 3200 inter
621 3151 762 3201 Atriden.“
795 3152 829 3200 At
845 3150 908 3200 haec
925 3149 1032 3198 nimium
1049 3154 1179 3214 quantum,
1197 3150 1310 3215 inquies,
1337 3167 1354 3202 a

233 3208 336 3273 vulgata
352 3213 462 3267 lectione
480 3217 607 3268 recedunt
633 3218 726 3268 Fateor
743 3217 871 3283 equidem3
890 3233 976 3267 rerum
993 3216 1061 3266 baud
1078 3234 1129 3267 una
1147 3223 1186 3268 est
1202 3219 1354 3270 mendorum

233 3275 319 3342 origo:
347 3281 398 3332 alia
415 3284 546 3335 literarum
562 3285 742 3349 similitudini,
765 3286 816 3335 alia
838 3285 1070 3350 interpretamentis
1088 3283 1219 3336 debentur.
1253 3287 1302 3348 Et,
1330 3288 1353 3337 si

234 3348 262 3394 tu
286 3345 350 3399 diois
374 3366 463 3401 caussa
479 3353 543 3403 mihi
567 3354 688 3405 concedes
712 3354 776 3404 olim
799 3358 824 3404 et
840 3355 943 3419 primus
961 3352 991 3402 ab
1010 3352 1119 3403 Horatio
1135 3353 1275 3418 prodiisse;
1305 3356 1353 3420 qui

232 3415 332 3464 evenire
358 3420 484 3483 potuerit,
511 3425 540 3470 ut
558 3421 632 3470 Inter
655 3426 681 3471 et
698 3421 773 3471 Inter
796 3420 978 3486 interpolatum
996 3420 1030 3470 sit
1047 3420 1139 3483 hodie,
1166 3422 1217 3471 iam
1235 3440 1282 3487 ego
1300 3424 1353 3474 tibi

233 3483 371 3536 ostendam.
406 3485 469 3538 Cum
493 3489 560 3539 enim
583 3488 635 3539 ista
657 3489 770 3553 legerent
793 3488 866 3550 olim,
892 3488 1008 3538 Hectora
1025 3494 1106 3554 atque
1123 3491 1193 3539 inter
1209 3490 1352 3553 Achillem,

232 3548 341 3601 Peliden
359 3558 385 3605 et
402 3557 472 3606 inter
488 3556 617 3618 Atriden3
643 3558 756 3607 novitate
781 3556 978 3607 constructionis
996 3556 1115 3617 attoniti,
1143 3557 1273 3621 prioribus
1297 3559 1352 3609 illis

233 3621 385 3672 accusativis
402 3622 476 3674 Inter
493 3624 657 3675 interlineas
675 3624 850 3689 apponebant:
877 3640 926 3688 quo
944 3623 1053 3687 factum,
1077 3630 1107 3674 ut
1123 3623 1155 3674 ab
1173 3624 1233 3676 aliis
1251 3626 1354 3677 demum

233 3688 432 3754 exscriptoribus
449 3693 477 3742 in
495 3709 594 3743 versum
612 3693 766 3758 reciperetur
784 3692 873 3756 Inter,
899 3692 960 3756 quia
976 3690 1043 3740 lorte
1065 3692 1169 3742 fortuna
1194 3710 1252 3744 oum
1275 3696 1352 3745 metri

233 3756 375 3808 rationibus
393 3764 451 3823 apte
469 3761 610 3826 quadraret.
646 3760 687 3810 Ita
710 3759 774 3810 alibi
790 3760 831 3809 bis
849 3764 935 3824 terque
952 3763 1085 3823 peccatum
1102 3765 1154 3821 ost3
1179 3761 1236 3811 vide
1254 3778 1301 3813 nos
1318 3763 1352 3813 ad

233 3819 314 3876 Carni.
333 3827 381 3888 111,
399 3829 439 3879 25.
458 3845 481 3878 v.
499 3830 523 3880 2.
547 3828 629 3894 Epod.
647 3828 693 3890 XI,
711 3830 736 3881 4.
764 3828 848 3893 Epist.
866 3828 902 3889 II,
922 3830 943 3878 1.
962 3844 984 3875 v.
1003 3829 1045 3879 31.

303 3896 341 3947 15.
376 3894 437 3946 Duo
462 3899 488 3946 ri
514 3895 649 3946 discordia
674 3901 751 3947 cerel
778 3898 885 3958 inertes]
920 3893 1061 3945 Lambinus
1087 3895 1115 3945 in
1139 3896 1192 3946 suis
1218 3897 1352 3949 nonnuliis

233 3966 318 4011 verset
333 3962 446 4013 iuvenitr
474 3964 540 4029 quod
558 3964 652 4014 rectius
669 3969 741 4028 puto.
778 3965 820 4015 Sic
839 3963 902 4013 alibi
920 3963 999 4015 Serm.
1016 3964 1053 4023 11,
1071 3965 1096 4028 3,
1114 3964 1171 4015 249.
1206 3963 1257 4029 „Si
1273 3982 1353 4031 quem

234 4024 514 4095 delectatiunculam
532 4032 642 4082 amentia
665 4032 771 4083 verset.“
797 4032 841 4081 ubi
866 4029 983 4081 similiter
1007 4030 1105 4082 codices
1129 4032 1248 4083 nonnulli
1266 4041 1352 4086 ceree

233 4092 329 4147 Passim
346 4098 407 4147 haec
426 4099 501 4148 verba
518 4099 585 4149 inter
602 4116 628 4149 se
647 4104 834 4150 commutantur
850 4114 866 4149 a
882 4097 1017 4150 Librariis.

179 4186 189 4211 ι’
282 4176 304 4227 *t
323 4178 403 4231 [summ
417 4182 450 4221 bic
462 4185 563 4222 mentum
576 4183 639 4222 nabet
651 4185 683 4222 ed.
698 4194 720 4224 a.
736 4182 793 4234 171³]
