2818 4758
188 234 254 301 ’98
599 247 631 309 q.
654 248 796 297 nouam
816 247 940 296 snncor

298 385 368 452 Iam
389 389 421 452 te
443 388 596 484 sequetur
617 382 728 463 (onrrit
749 383 831 449 enirn
855 382 945 449 lerox

296 471 411 553 Aetas3
435 475 467 535 et
489 466 545 548 rlli,
568 488 650 550 quos
672 468 730 533 tibi
752 467 916 548 demserit,

255 568 284 618 15
340 554 392 622 Ad
415 559 490 619 onet
510 557 624 631 annos)
645 552 711 617 iam
733 558 883 639 proterva

408 643 499 705 ronta
519 642 608 724 petet
629 637 751 719 Lalage
771 636 940 703 maritum:

294 722 430 801 Dileota,
453 729 609 806 quantum
629 741 692 788 non
714 722 834 788 Pholoe
855 722 969 804 fugax,

294 810 368 875 Non
390 807 532 875 Chloris:
554 808 629 874 elbo
651 808 698 873 sio
719 806 852 872 humero
873 807 989 885 nitens,

336 893 380 960 Ut
401 912 484 979 pure
504 899 658 958 nocturno
680 892 806 958 renidet

205 996 207 999 ·
251 989 282 1041 20
380 979 475 1045 Luna
495 978 587 1055 mari,
611 976 785 1043 Cnidiusve
808 977 936 1061 Gyges:

293 1062 395 1143 Quem
419 1063 447 1128 si
468 1062 649 1148 puellarum
670 1062 829 1128 insereres
852 1060 958 1140 ohoro,

292 1148 372 1214 Mire
394 1147 522 1230 sagacis
544 1147 671 1213 falleret
691 1146 836 1231 hospites

246 1232 255 1253 ‘
334 1232 514 1298 Disorimen
535 1233 717 1310 obscurum,
740 1229 855 1298 solutis

378 1315 538 1397 Crinibus,
560 1316 777 1399 ambiguoque
798 1316 898 1383 voltu.

207 1470 245 1517 est
261 1466 387 1517 mendum.
423 1467 492 1524 Quid
509 1467 532 1520 si
550 1484 580 1520 ex
597 1467 744 1519 oonieetura
760 1464 911 1533 reposueris,
929 1466 1001 1530 „iam
1012 1466 1061 1515 tibi
1069 1464 1333 1527 tioidosDtsts'nguet

205 1533 373 1586 Attalumrsas
390 1550 518 1601 raoemos,
536 1536 675 1603 Purpureo
692 1535 777 1586 varios
795 1534 911 1586 eolore.“
946 1531 1019 1583 Certe
1036 1533 1178 1598 posteriora
1202 1529 1281 1581 verba
1298 1529 1331 1580 ad

205 1617 334 1666 raamaos,
351 1618 402 1654 non
420 1603 453 1653 ad
470 1603 651 1654 Auetummsm
676 1603 821 1670 pertinent:
848 1601 955 1651 Ovidius
972 1600 1074 1651 Metam.
1092 1601 1142 1662 ΙΙΙ,
1161 1601 1219 1652 483.
1246 1596 1329 1662 „Non

204 1669 285 1720 aliter
319 1685 381 1720 uam
397 1686 478 1737 poma
492 1671 585 1734 soleat,
603 1687 671 1737 qnae
689 1670 806 1722 eandida
821 1674 909 1736 parte,
934 1669 1017 1719 Parte
1034 1669 1149 1719 rubent:
1172 1672 1222 1717 aut
1237 1670 1270 1716 ut
1286 1680 1329 1715 ra·

204 1736 252 1786 riis
268 1686 336 1788 solet
354 1752 408 1788 aua
424 1738 531 1789 raoernis
548 1740 652 1789 Ducere
669 1754 835 1804 purpureum,
851 1735 971 1788 nondam
988 1741 1105 1800 matura,
1124 1736 1259 1788 oolorem.“
1277 1732 1329 1790 Qui

202 1803 275 1855 loeus
293 1820 323 1855 ex
339 1805 484 1857 Horatiano
501 1807 549 1857 hoe
559 1803 644 1873 'plane
661 1822 793 1872 expressus
810 1805 924 1856 ridetur:
948 1804 1085 1869 utrobique
1102 1804 1170 1854 enim
1187 1800 1267 1853 habes
1284 1816 1330 1851 oa·

204 1874 260 1923 rios
277 1888 403 1937 racemos,
427 1879 453 1924 et
474 1890 642 1941 par-paream
666 1875 790 1926 colorem.
823 1872 974 1938 Propertius
991 1873 1035 1933 IV,
1054 1874 1078 1924 2.
1097 1876 1130 1935 [r.
1151 1874 1191 1934 13]
1219 1870 1330 1934 „Prima

204 1941 273 1992 milri
288 1941 371 1991 variat
387 1941 527 1993 liventibus
543 1957 594 1992 uva
609 1942 741 1992 raoemis.“
775 1942 875 1993 Plinius
892 1940 962 1992 Hist.
979 1939 1063 2002 XVII,
1082 1942 1124 1992 22.
1144 1940 1171 2005 [ᾗ
1186 1940 1242 2001 191]
1262 1935 1333 1999 „Uei

203 2022 253 2060 uva
270 2009 344 2059 varia
360 2009 423 2070 fieri
439 2013 564 2076 eoeperit,
582 2011 648 2060 vites
665 2010 828 2075 rablrgalof‘
863 2008 969 2058 Ouidius
987 2009 1014 2058 in
1033 2008 1113 2070 Nuce,
1123 2010 1164 2060 31.
1182 2005 1331 2071 „Quaeque

203 2078 256 2127 sibi
271 2077 343 2128 vario
359 2076 497 2143 distinguit
513 2092 589 2144 poma
606 2077 697 2139 oolore,
715 2076 819 2127 Audiat
835 2078 885 2127 troo
903 2092 1027 2127 cerasus:
1044 2079 1126 2141 stipes
1143 2077 1234 2125 inanis
1251 2075 1331 2125 erit.“

274 2147 313 2196 13.
334 2143 426 2195 Currit
442 2149 512 2196 enim
529 2146 610 2207 ferna
626 2145 717 2207 Aetas]
735 2146 771 2195 ΙΙΙ
788 2145 873 2210 plures
891 2149 917 2194 et
933 2144 1084 2195 vetustiores
1102 2159 1133 2193 ex
1146 2141 1249 2204 nostris,
1268 2142 1330 2191 Lei-

203 2212 297 2277 dennir,
315 2212 479 2276 Graevianus,
498 2213 647 2279 Reginensis
664 2229 721 2263 oum
739 2213 805 2275 aliis,
823 2217 921 2264 narret.
957 2212 1007 2262 Sed
1024 2211 1109 2276 planet
1125 2209 1329 2275 receptnleotio:

203 2281 298 2346 qnippe
316 2280 338 2330 si
356 2286 447 2331 curret
464 2283 513 2332 sori
533 2281 603 2342 seris,
631 2282 662 2331 de
680 2280 758 2331 solius
775 2274 884 2346 Leleges
902 2283 984 2330 aetate
1002 2279 1153 2344 sapiendum
1176 2277 1238 2328 erit:
1267 2293 1329 2327 ουν-

202 2352 316 2399 ritvero
334 2348 383 2399 erit
399 2298 548 2419 pampinandi,
569 2354 594 2400 et
612 2349 713 2400 notabit
730 2365 830 2399 omnem
847 2347 1076 2399 omniumaetatem
1088 2347 1327 2398 velociteronrrere.

202 2415 291 2467 Oieero
308 2415 410 2467 Tuscul.
427 2418 450 2482 1,
467 2420 507 2470 31.
528 2420 554 2482 [5
573 2420 615 2481 ’16]
634 2416 748 2483 „Veniet
764 2423 876 2482 ternpus,
893 2421 920 2466 et
936 2415 1042 2482 quidem
1060 2415 1196 2475 celeriter;
1223 2419 1250 2464 et
1272 2416 1330 2464 sine

202 2485 370 2546 retractabis,
392 2487 448 2534 siae
469 2487 643 2551 properabis:
667 2484 741 2537 volat
767 2487 836 2535 enim
861 2486 961 2535 aetas.“
1002 2483 1074 2533 Ouid.
1094 2483 1196 2533 Metam.
1214 2480 1246 2544 X,
1267 2483 1327 2533 519.

201 2550 345 2615 ‚fallitque
361 2551 478 2601 volatilis
492 2557 574 2615 aetas,
591 2552 629 2602 Et
646 2553 717 2602 nihil
733 2558 772 2602 est
789 2555 868 2603 annis
891 2552 1033 2602 velotius.“
1068 2551 1183 2602 Iuvenel.
1200 2549 1246 2612 IX,
1267 2550 1326 2601 126.

201 2618 332 2682 ‚pastinat
347 2620 417 2668 enim
435 2618 578 2669 denarrare
594 2619 673 2669 uelox
690 2619 836 2683 Floscalas,
854 2620 1328 2684 angustaemiseraeqssehreoiseima

201 2685 407 2734 vitae-Portio.“
442 2686 590 2750 Propertius
607 2687 643 2749 ll,
663 2690 701 2739 14.
720 2704 742 2737 v.
762 2691 784 2738 1.
804 2686 895 2753 „Quid
910 2689 936 2737 si
952 2689 1007 2737 iam
1025 2689 1100 2736 cana
1117 2691 1187 2736 aetas
1204 2700 1264 2735 mea
1283 2700 1326 2736 oa·

201 2754 273 2802 neret
290 2753 390 2800 annm?
423 2751 460 2802 Et
475 2751 578 2812 suomet
593 2757 691 2805 sarisas
709 2756 840 2820 languida
857 2770 928 2820 ruga
945 2757 1065 2819 genast‘
1100 2754 1142 2804 Ita
1158 2752 1258 2804 eodioes
1278 2751 1325 2815 ibi,

201 2824 324 2869 suamet.-
347 2818 415 2883 quod
438 2819 582 2871 adsoisount
599 2821 713 2888 Scaliger
730 2827 755 2873 et
772 2822 960 2884 Bronlrhusius,
984 2822 1131 2885 diotumque
1155 2821 1219 2871 olim
1236 2820 1329 2870 volunt

200 2890 307 2949 utraque
325 2885 505 2952 onningatione
524 2887 633 2953 Oanbre,
651 2894 677 2940 et
694 2888 802 2952 adame,
819 2895 850 2941 ut
866 2889 981 2941 Feretro
998 2894 1024 2939 et
1040 2887 1154 2953 feruere,
1172 2904 1202 2940 ao
1220 2888 1274 2939 alia
1292 2888 1327 2938 si·

199 2953 278 3004 milia
314 2953 484 3006 Durissimum
507 2972 566 3007 vero
588 2956 671 3020 istud,
696 2962 722 3008 et
746 2974 762 3008 a
783 2959 855 3009 nullo
880 2963 983 3009 auotore
1005 2957 1145 3023 proditum,
1187 2957 1245 3008 Sed·
1261 2961 1326 3020 esto,

200 3026 262 3092 quid
279 3030 333 3075 turn
351 3027 458 3090 postea?
475 3026 549 3092 quale
566 3026 664 3077 demum
682 3026 732 3076 erit
748 3026 821 3089 illud,
840 3025 948 3078 canent
964 3028 1058 3076 cana?
1091 3027 1181 3091 Apage
1199 3029 1253 3075 tarn
1270 3023 1327 3075 ille-

218 3095 287 3145 idum
305 3098 331 3144 et
347 3093 467 3158 ignavum
490 3095 603 3156 schema,
627 3094 701 3158 quale
723 3099 813 3144 neuter
835 3095 942 3145 istorum
966 3095 994 3144 in
1019 3094 1072 3144 suis
1095 3092 1209 3143 versibus
1233 3108 1326 3158 passus

229 3162 295 3213 ‘sset
331 3163 446 3226 Repone,
463 3166 494 3211 nt
510 3163 552 3212 hie
570 3162 703 3224 Horatius,
727 3161 820 3226 ‚pom
835 3164 861 3212 ss'
877 3165 930 3212 iam
949 3164 1024 3212 cana
1042 3166 1117 3212 aetas
1133 3176 1192 3211 mea
1210 3164 1326 3211 curreret

200 3230 320 3279 unumst
355 3229 405 3280 Sed
423 3229 484 3293 quid
502 3233 552 3290 est,
571 3228 686 3291 obsecro,
705 3228 772 3294 quod
790 3230 918 3295 sequitur:
946 3229 1045 3295 „Aetas
1050 3266 1059 3293 ,
1077 3228 1171 3291 atilli,
1190 3244 1258 3294 quos
1276 3229 1326 3279 tibi

200 3295 330 3358 deraserit,
348 3296 473 3362 Apparet
490 3297 602 3347 annos.“
635 3296 667 3346 Id
683 3313 742 3346 vero
760 3297 890 3364 explicant
907 3313 937 3347 ex
954 3297 1005 3348 alio
1022 3297 1079 3347 looo
1096 3296 1123 3346 in
1139 3299 1201 3347 Arte
1218 3297 1326 3347 Poetioa

201 3365 263 3414 1752
296 3362 402 3424 „Multa
425 3362 519 3423 seruat
542 3362 603 3412 anni
625 3364 754 3415 venientes
777 3365 914 3416 commoda
937 3380 1041 3429 seeum,
1065 3364 1152 3414 Malta
1175 3365 1324 3415 recedentes

199 3429 348 3480 adimant.“
382 3444 472 3495 nempe
496 3445 576 3494 usque
599 3429 630 3480 ad
653 3432 764 3482 medium
790 3434 881 3483 aetatis
904 3433 998 3483 olivum
1021 3433 1083 3482 anni
1101 3434 1209 3495 venire,·
1233 3437 1325 3497 postea

198 3495 330 3559 recedere,
349 3499 382 3559 et,
399 3500 429 3545 ut
446 3496 536 3547 volunt
553 3497 703 3563 interpretes
720 3500 809 3562 nostri,
832 3501 903 3551 demi
919 3501 1046 3550 dieuntur.
1084 3499 1134 3551 Sed
1152 3499 1258 3550 deruere
1274 3515 1324 3550 aa·

198 3579 255 3627 nor,
274 3561 341 3628 quod
358 3577 421 3627 paee
438 3579 524 3613 eorum
542 3564 656 3628 dixerim,
674 3567 741 3617 nihil
758 3567 828 3618 aliud
844 3573 933 3619 notare
948 3572 1041 3633 potest,
1060 3582 1135 3632 quarn
1147 3568 1280 3618 detrahere
1292 3568 1324 3619 de
1360 3592 1364 3601 ·

197 3647 303 3683 numero
321 3645 452 3691 annornm,
470 3637 545 3696 atque
563 3631 625 3682 adeo
642 3634 709 3684 ritae
726 3635 837 3700 spatirun
854 3637 994 3687 deourtsre.
1017 3635 1123 3686 Ovidius
1139 3635 1244 3687 Metam.
1261 3635 1323 3698 VII,

201 3701 260 3752 168.
297 3697 392 3759 „Deme
410 3700 474 3747 meis
496 3700 584 3763 annis,
609 3706 634 3750 et
656 3702 751 3753 demtos
773 3703 837 3754 adde
857 3705 1004 3770 pareretir“
1038 3704 1105 3754 Sunt
1120 3704 1222 3754 Iasonis
1239 3703 1325 3767 verbs,

197 3767 230 3818 ad
254 3765 384 3824 Medeam
406 3768 437 3814 ul
458 3765 498 3815 vel
520 3782 622 3817 suorum
646 3784 770 3819 annorum
796 3771 933 3837 dispendio
953 3771 1023 3837 patri
1040 3771 1135 3822 Aesoni
1156 3788 1238 3822 annos
1261 3787 1323 3836 pro·

196 3840 310 3900 rogaret:
329 3831 413 3883 eadem
431 3832 508 3949 plene
525 3836 658 3899 sententia,
677 3852 727 3900 qua
743 3838 854 3904 populns
871 3840 1000 3889 Romanus
1016 3839 1127 3890 Traiano
1145 3839 1265 3890 adulatus
1282 3845 1323 3890 est

197 3900 358 3967 [Tertullian.
374 3901 431 3964 Apo
443 3916 483 3965 og.
501 3903 558 3965 35],
582 3903 640 3965 „lle
663 3909 763 3955 nostris
781 3910 860 3957 anna
878 3908 928 3957 tibi
942 3907 1067 3973 luppiter
1088 3912 1190 3971 augeat
1207 3909 1322 3960 annos.“

197 3971 295 4021 Statius
318 3967 380 4018 silv.
404 3966 435 4028 V,
461 3971 482 4020 1.
506 3985 529 4019 r.
556 3971 611 4022 1811.
652 3974 734 4036 „Pars
759 3975 865 4024 animae
887 3977 992 4025 nietara
1015 3990 1105 4038 meae,·
1128 3978 1175 4025 essi
1198 3976 1322 4041 linquere

216 4042 294 4092 assim
314 4035 335 4086 0
352 4036 469 4098 retinam,
495 4050 560 4100 quos
578 4036 648 4089 dura
665 4041 733 4089 milri
748 4041 818 4105 rapit
833 4042 964 4107 Atropos,
982 4046 1089 4093 annos.“
1123 4042 1196 4093 ovid.
1214 4043 1321 4096 rreum.

222 4109 287 4169 ‚24
319 4105 366 4168 „in
385 4116 464 4167 quam
482 4103 585 4154 calcata
602 4120 730 4156 venemens
742 4106 843 4172 Vipera
861 4109 979 4173 diffindit,
998 4115 1194 4175 crescentesque
1211 4109 1322 4161 abstulit
1403 4110 1404 4113 ’

195 4177 302 4225 annos.“
335 4171 432 4220 Seneca
449 4168 548 4223 Consul.
573 4172 604 4222 ad
627 4173 748 4224 Mar-eiam
772 4191 793 4224 o.
811 4176 868 4229 XX.
894 4180 925 4240 [e.
944 4176 1016 4241 XXI,
1034 4180 1068 4242 61.
1104 4178 1181 4243 „an
1206 4182 1320 4245 quisque
