2842 4758
174 227 238 292 398·
358 266 361 272 -
552 240 583 301 u.
605 240 746 289 nonam
766 240 894 290 nascer

234 374 333 439 Nulla
354 374 469 440 etenim
491 373 546 439 tibi
568 394 620 439 me
642 375 708 440 iore
728 373 850 441 obtulit.
894 375 1034 460 optimus
1055 376 1132 441 olim

194 475 225 524 et
239 459 402 542 Virgilius,
426 468 500 546 post
520 459 604 524 huno
624 459 749 538 Varius,
772 459 881 525 dixere
903 460 980 542 quid
1002 480 1117 528 essem.

236 544 280 610 Ut
300 543 373 610 veni
393 564 516 624 coram;
540 543 703 625 singultim
748 564 828 611 auce
848 545 983 624 locutus,

236 629 358 707 (inians
378 648 517 713 namque
538 628 642 714 pudor
662 565 851 713 prodibebet
872 630 965 714 plura
986 630 1118 716 profari)

235 715 307 780 Non
329 734 389 796 ego
412 734 463 780 me
485 714 570 778 claro
592 720 702 781 netum
724 721 823 799 patre,
846 734 910 779 non
931 734 992 798 ego
1013 716 1144 781 circum‘

234 800 285 864 Me
308 798 496 866 Satureiano
517 798 636 865 vectari
658 819 733 864 rura
753 798 887 877 caballo,

193 896 224 948 to
237 883 312 961 Sed,
334 883 420 966 quod
442 903 538 960 eram,
561 903 670 948 narro:
692 883 867 969 respondes
889 887 937 960 (ut
958 889 1032 949 tuus
1054 889 1105 949 est
1125 887 1210 961 mos)

235 972 356 1035 Pauca:
379 968 475 1033 abeor
499 974 531 1033 et
552 987 682 1034 revoces
702 988 785 1033 nono
807 975 880 1054 post
900 987 1020 1046 mense,
1042 968 1199 1050 iubesque

234 1055 316 1120 Esse
337 1052 370 1117 in
391 1051 564 1119 amicorum
586 1073 727 1121 numero.
770 1072 922 1134 magnum
944 1053 1003 1121 hoc
1026 1054 1202 1135 ego‘duco,

236 1138 328 1218 Quod
350 1137 456 1224 placui
477 1137 544 1215 tibi,
568 1136 623 1221 qui
644 1135 729 1223 turpi
752 1138 889 1204 secernis
910 1138 1088 1221 honestum,

234 1226 306 1288 Non
328 1228 420 1307 patre
441 1223 615 1307 praeclaro,
638 1222 696 1287 sed
716 1222 783 1288 vita
804 1229 836 1288 et
856 1228 984 1308 pectore
1005 1242 1096 1308 puro.

191 1321 221 1371 ue
236 1308 335 1390 Atqui
357 1308 385 1373 si
405 1307 492 1373 vitiis
513 1306 725 1373 mediocribus
746 1327 785 1375 ao
805 1328 879 1374 mea
898 1306 1010 1393 paucis

234 1392 387 1459 Mendosa
408 1398 457 1458 est
478 1398 602 1469 natura,
624 1391 744 1474 alioqui
766 1398 867 1472 recta;
890 1392 989 1471 (velut
1010 1390 1038 1458 si
1134 1396 1138 1401 “

573 1527 645 1579 ubl.
664 1525 740 1591 Vulg.
757 1525 828 1579 Mtte·
844 1532 876 1578 te

169 1662 284 1714 Danielis
300 1660 404 1712 Heiusii
421 1676 472 1711 non
491 1659 551 1711 felix
568 1661 728 1723 coniectura,
756 1661 801 1725 qui
823 1662 868 1714 dic
892 1678 938 1727 pro
955 1662 1005 1712 boc
1022 1660 1175 1713 substituere
1192 1660 1289 1724 voluit,

169 1731 221 1781 iem
238 1729 269 1780 ab
286 1728 403 1779 omnibus
421 1728 523 1792 explosa
541 1732 588 1779 est.
623 1729 665 1778 Sic
684 1744 743 1793 ergo
761 1729 844 1780 locum
861 1729 1037 1794 constituunt,
1054 1729 1176 1794 ,felicem
1195 1729 1290 1780 dicere

168 1815 224 1850 mors
241 1799 291 1848 boc
307 1795 350 1848 Mc
366 1812 486 1862 possum,
513 1811 576 1846 cusu
599 1795 671 1861 quod
694 1802 719 1846 tc
736 1799 846 1847 cordius
863 1801 992 1848 amicum:
1018 1794 1103 1848 Nulla
1120 1799 1217 1846 etenim
1235 1798 1292 1847 tibi

168 1882 210 1917 mc
226 1866 284 1927 fore
302 1865 424 1916 obtulit.“
456 1864 493 1913 Et
509 1879 616 1928 poserem
634 1864 749 1929 quidem,
776 1865 828 1914 sive
855 1866 922 1930 quod
939 1866 967 1915 in
985 1864 1101 1930 pluribus
1119 1867 1157 1914 est
1172 1867 1288 1931 possim,

168 1949 254 1984 omnes
272 1949 334 1998 quos
352 1933 457 1983 viderim
473 1930 534 1981 libri
551 1930 685 1993 exhibent,
703 1936 729 1981 et
743 1938 838 1983 veteres
856 1933 987 1984 editiones.
1023 1934 1130 1993 Temen,
1154 1933 1178 1983 si
1194 1947 1282 1982 verum

168 2002 302 2052 dicendum
320 2005 372 2064 est,
396 1998 556 2064 arrogantiae
573 1999 635 2065 quid
652 2015 713 2064 pree
730 2015 756 2050 se
775 2000 839 2051 ferre
856 2001 957 2052 ridetur
973 2000 1045 2062 illud,
1063 1999 1126 2052 Non
1141 2015 1283 2065 possum

168 2085 198 2120 ec
209 2086 250 2119 me
257 2070 361 2131 felicem
371 2068 466 2129 dicere,
477 2067 549 2133 qued
556 2072 652 2118 nactus
659 2070 710 2118 mm
721 2072 746 2118 ts
759 2071 880 2119 amicum.
908 2071 980 2119 Itane
990 2069 1067 2119 vero?
1085 2068 1107 2118 N
1110 2084 1142 2118 on
1154 2083 1288 2133 cognosco

168 2144 252 2198 tuum,
271 2153 286 2186 c
303 2136 406 2197 Flesse,
430 2140 483 2185 tem
499 2134 641 2200 superbum.
677 2135 712 2185 Ut
729 2135 797 2185 enim
814 2137 862 2186 hoc
879 2152 935 2187 vere
953 2136 1006 2187 dici
1023 2142 1122 2202 posset;
1148 2140 1177 2185 tn
1196 2141 1282 2187 temen

167 2222 217 2257 non
236 2205 341 2255 idoneus
359 2203 402 2268 qui
421 2202 448 2252 id
465 2202 569 2255 diceres,
604 2204 692 2266 Neque
709 2219 781 2267 vero,
805 2204 825 2255 si
851 2202 914 2255 bene
931 2210 957 2254 te
974 2206 1105 2265 novimus,
1131 2203 1215 2253 dicere
1233 2221 1285 2254 un·

168 2289 243 2337 quem
259 2272 371 2323 voluisti.
405 2271 473 2323 Ecce
496 2271 577 2333 enim,
604 2286 679 2335 quem
702 2270 889 2323 Commentator
912 2278 983 2323 vetus
1006 2273 1139 2322 memoriae
1163 2272 1288 2338 tradidit,

167 2341 292 2392 saniorem
309 2340 456 2391 lectionem:
485 2338 606 2403 ‚felicem
629 2338 718 2389 dicere
740 2355 793 2391 non
813 2341 862 2390 loc
878 2339 922 2390 Me
938 2346 1059 2406 possunt,
1084 2355 1148 2390 casu
1165 2339 1238 2406 quod
1256 2345 1289 2390 te

166 2412 277 2461 sortitus
294 2409 434 2459 anticum.“
451 2408 519 2471 „loc
536 2408 605 2467 est“‚
630 2411 659 2456 ut
683 2408 759 2457 rerba
775 2412 835 2458 sunt
852 2405 1008 2459 Scholiastae
1027 2407 1180 2472 Cruquieni‚
1207 2423 1283 2470 „non

166 2480 264 2528 iccirco
290 2492 332 2526 me
356 2475 461 2536 felicem
486 2477 627 2526 nominare
651 2475 757 2541 debent,
784 2476 856 2541 quod
879 2492 943 2527 cusu
965 2475 1056 2542 aliquo
1079 2482 1129 2526 aut
1150 2474 1284 2535 fortunae

167 2544 292 2606 beneficio
311 2545 360 2595 tibi
375 2546 425 2593 sim
441 2543 530 2604 factus
548 2544 665 2605 cumdem,-
691 2558 751 2593 cum
774 2543 851 2594 nulla
867 2543 984 2605 serame
1001 2544 1050 2594 uti
1066 2542 1205 2605 obtulerit,
1232 2544 1289 2594 ssu

166 2615 313 2664 amisorum
338 2613 499 2662 stoicorum
517 2612 646 2661 bonorum
664 2611 863 2673 commendatio,
881 2614 929 2677 qui
944 2627 985 2662 mc
1002 2614 1157 2662 nccmcat.“
1191 2614 1281 2674 Agno-

166 2680 215 2730 scis
233 2681 332 2746 opinor,
350 2679 425 2739 huuc,
444 2678 559 2742 quisquis
577 2683 638 2738 eret,
655 2684 824 2729 enarraturam
840 2695 891 2728 non
901 2694 1017 2745 possum,
1034 2684 1065 2728 ut
1083 2695 1151 2729 nuno
1161 2678 1281 2741 hebetur,

165 2748 209 2799 sed
223 2751 336 2813 possunt
352 2746 380 2795 in
398 2746 451 2796 suis
469 2746 529 2795 olim
547 2745 730 2810 exemplaribus
748 2748 878 2813 reperisse.
914 2747 1022 2804 Quinam
1045 2751 1129 2798 eutem
1152 2746 1206 2808 illi,
1233 2749 1279 2812 qui

165 2817 213 2866 hoc
230 2830 282 2867 non
299 2818 405 2880 possunt
422 2829 479 2863 vere
496 2813 599 2863 dicere?
627 2814 708 2865 invidi
732 2831 821 2881 nempe
839 2820 864 2864 et
881 2815 1076 2876 obtrectatores,
1100 2815 1144 2880 qui
1161 2813 1285 2879 quotidie

164 2883 266 2934 rodunt
282 2897 323 2932 me
340 2881 463 2931 libertino
480 2886 558 2946 pairs
575 2886 682 2941 nctum;
700 2883 745 2947 qui
761 2882 883 2933 felicitate
901 2900 939 2934 me
958 2882 1072 2948 quedem,
1091 2887 1116 2932 et
1133 2881 1204 2932 nullo
1222 2899 1289 2933 mco»

164 2952 267 3010 merito,
284 2949 316 2999 ad
333 2950 472 3000 amicitiem
490 2953 560 3000 tuem
577 2949 720 3015 peruenisse
738 2950 902 3001 mentiuntur.
937 2951 980 3007 Sic
998 2950 1067 3002 enim
1084 2949 1206 3000 Garrulus
1223 2950 1279 3014 ille,

164 3021 242 3070 Serm.
260 3016 306 3080 IX,
324 3020 364 3070 45.
384 3013 477 3068 debeo
495 3018 552 3081 ipse
569 3034 610 3079 re,
636 3015 737 3080 „r'l'emo
755 3019 891 3069 deuterius
907 3018 1009 3068 fortune
1027 3023 1066 3068 est
1081 3019 1170 3068 usus.“
1187 3021 1213 3068 et
1231 3014 1276 3068 Vi.

163 3086 207 3141 lib.
225 3088 261 3149 ll,
284 3102 348 3138 vers.
366 3088 408 3138 49.
442 3086 585 3149 „Fortunae
608 3085 691 3147 fliius,
718 3089 824 3136 omnes“
847 3101 930 3137 secum
952 3085 1127 3138 mussitabant.
1163 3084 1236 3136 Certe
1254 3087 1278 3136 si

164 3171 195 3206 ex
211 3155 314 3207 illorum
332 3169 439 3221 persone
453 3160 566 3219 possunt
582 3153 685 3218 legeris,
713 3155 850 3205 verecunde
874 3155 970 3204 dictum
987 3158 1038 3215 est3
1065 3153 1106 3204 sin
1123 3169 1153 3204 ex
1169 3154 1276 3205 Horatii

139 3220 144 3231 ‘
163 3239 278 3289 possum,
296 3221 434 3272 insolenter
451 3227 476 3271 et
492 3222 610 3286 gloriose.
1225 3246 1227 3251 <

230 3292 273 3343 54.
305 3288 390 3341 Nulla
408 3292 503 3340 etenim
526 3290 594 3338 milri
616 3294 640 3339 tc
656 3288 715 3350 sors
732 3290 837 3353 obtulit]
872 3290 1025 3355 Disquirunt
1052 3289 1093 3339 hic
1111 3290 1276 3354 Interpretes,

162 3362 280 3408 utrumne
294 3356 361 3408 Fore
378 3372 410 3406 eu
427 3372 486 3406 sors
503 3356 636 3420 legendum
653 3358 702 3417 sit;
720 3373 824 3422 quorum
844 3359 909 3408 illud
926 3360 954 3408 in
971 3358 1088 3422 principe
1105 3357 1209 3418 Veneta,
1227 3357 1278 3408 hoo

162 3427 192 3475 in
214 3425 337 3477 Loscberi
359 3425 470 3475 editione
493 3429 628 3490 comparet
669 3424 742 3476 Certe
770 3426 798 3476 in
822 3425 1003 3476 vetustioribus
1027 3425 1120 3475 nostris
1143 3424 1276 3476 codicibus

163 3493 230 3545 clare
253 3492 386 3543 exhibetur
409 3491 480 3551 form
507 3508 539 3542 ne
561 3493 609 3542 hec
632 3492 662 3543 de
686 3509 762 3543 causa
778 3493 898 3545 Lambini
921 3494 994 3544 iidem
1017 3493 1152 3544 labefactet
1176 3508 1277 3558 semper

163 3577 224 3627 erge
245 3561 319 3611 illum
343 3561 456 3624 iniquior
473 3560 628 3611 Torrentius.
664 3561 768 3612 Tacitus
785 3562 877 3613 Annal.
896 3561 965 3624 XIV,
989 3564 1013 3613 5.
1037 3564 1120 3625 [extr]
1154 3559 1276 3626 „Coctia

163 3635 189 3680 ct
205 3632 298 3691 retnis,
316 3634 356 3693 st,
374 3628 510 3694 quaesere
528 3627 668 3692 obtulerat,
686 3630 826 3681 naualibus
844 3631 902 3681 teies
920 3630 1087 3691 conficitur.“
1121 3628 1219 3679 Ibidem
1237 3629 1275 3691 Il,

162 3699 202 3750 42.
238 3696 413 3763 „suumque
431 3713 551 3758 caussas,
576 3701 625 3747 cut
647 3697 712 3747 sorte
735 3696 833 3748 ubletea
857 3700 1002 3766 arr-spuitss
1036 3700 1071 3747 At
1093 3696 1227 3760 Hist.1v·‚
1252 3700 1274 3748 1.

161 3766 280 3830 ‚starum
299 3764 455 3828 trucidatis,
480 3770 511 3814 ui
533 3779 661 3830 quemque
676 3781 736 3814 sors
753 3767 916 3817 obtuleret“:
944 3764 988 3815 ubi
1012 3769 1109 3826 temen,
1137 3772 1166 3814 ut
1190 3771 1273 3825 antea,

161 3833 220 3894 sore
237 3833 409 3899 reponendum
426 3837 471 3883 est.
507 3833 570 3895 Sed,
595 3832 655 3883 dum
677 3832 812 3884 leviculum
829 3834 877 3885 boc
894 3833 1018 3885 sollicitos
1037 3849 1078 3885 eos
1095 3832 1185 3896 hebet,
1207 3833 1277 3884 illud

161 3902 277 3965 interim,
306 3901 372 3967 quod
390 3901 466 3967 longe
482 3900 585 3966 gravius
603 3905 657 3963 est,
683 3901 787 3966 impune
809 3902 852 3952 hio
869 3902 980 3967 prosam
997 3902 1144 3965 patiuntur,
1171 3899 1275 3965 ,‚Nullu

161 3973 256 4020 etenim
274 3970 338 4020 mibi
356 3975 381 4019 te
398 3968 456 4029 fors
473 3968 597 4019 obtulit.“
631 3969 672 4018 Ite
689 3985 774 4019 omnes
794 3968 887 4034 ubique
905 3969 1028 4019 dederunt
1045 3969 1164 4020 editores:
1192 3984 1278 4033 neque

161 4037 274 4088 sentiunt
291 4036 355 4088 illud
372 4038 439 4087 milri
456 4041 481 4086 ic
498 4052 573 4102 qnam
591 4036 682 4087 inscite
700 4041 726 4086 et
740 4037 831 4088 stolide
843 4038 885 4087 hic
898 4037 994 4088 dictum
1005 4037 1047 4102 sit,
1065 4043 1093 4088 ut
1106 4037 1172 4088 nihil
1184 4036 1281 4101 magis·

161 4104 228 4160 Quid
246 4106 330 4155 enim?
358 4105 396 4154 An
415 4108 522 4168 patrono
535 4109 566 4154 et
589 4118 647 4168 rege
671 4120 715 4154 suo
733 4105 891 4166 Maecenate,
916 4105 958 4155 cui
975 4105 1066 4167 vitam,
1090 4121 1164 4170 opes,
1188 4106 1278 4156 omnia

159 4171 256 4233 debuit,
273 4172 392 4222 maiorem
409 4172 451 4222 hic
469 4187 495 4221 ee
513 4172 579 4235 gerit
596 4172 719 4223 coactoris
737 4174 856 4225 Graeculi
873 4174 960 4224 ffliust
987 4171 1046 4224 Tibi
1062 4190 1128 4236 vero,
1147 4178 1162 4223 o
1180 4178 1279 4238 noster,
