2840 4752
201 234 263 294 470
588 246 619 306 o.
642 244 784 293 nouam
804 243 928 293 rancor

270 379 373 444 Filius
395 379 515 464 Aesopi
537 379 712 445 detractam
734 398 775 444 ex
796 396 875 444 aure
895 377 1043 444 Metellae

205 477 251 529 240
272 464 412 543 (Scilicet
434 472 470 529 ut
491 464 597 531 decies
619 465 756 531 solidum
778 463 976 539 absorberet)
998 469 1087 529 aceto

267 549 370 615 Diluit
390 549 549 632 insignem
570 551 717 615 baccam:
744 554 800 632 qut
822 549 939 627 sanior,
962 567 1001 614 ac
1022 548 1050 614 si

267 634 352 713 Illud
374 634 458 700 idem
480 635 514 698 in
535 634 683 721 rapidum
704 633 823 700 flumen
844 633 1003 700 iaceretve
1024 634 1185 699 eloacam?

267 720 377 798 Quinti
399 719 570 805 progenies
592 722 675 799 Arri,
697 739 758 805 par
777 718 884 785 nobile
906 719 1050 797 fratrum,

267 804 422 887 Nequitia
443 812 476 870 et
496 804 593 887 nugis
615 824 786 891 pravorum
809 811 841 870 et
861 823 971 869 amore
993 804 1174 885 gemellum,

204 902 250 953 asc
271 890 441 956 Luscinias
463 891 548 956 soliti
570 891 704 976 inpenso
727 889 884 975 prandere
906 895 1064 955 coenus:

269 976 429 1055 Quorsum
451 977 589 1042 abeant?
611 973 711 1041 sanin'
735 980 831 1053 creta,
854 994 896 1038 an
918 975 1055 1040 carbone
1075 974 1199 1040 notati?

268 1060 445 1127 Aedificare
468 1081 572 1138 casas,
594 1060 744 1147 plostello
767 1058 1081 1141 adiungeremus,

268 1146 394 1212 Ludere
415 1167 475 1231 par
495 1145 766 1232 inpar‚,equitare
786 1144 820 1209 in
841 1143 998 1210 arundine
1020 1144 1126 1226 longa,

404 1281 428 1316 v.
446 1266 503 1316 240.
528 1265 604 1329 Vulg.
622 1263 793 1315 deuerteret.
828 1265 888 1315 246.
907 1262 983 1314 Sani.
1000 1262 1120 1312 notandi.

205 1402 268 1464 quia
286 1398 362 1449 nulia
380 1399 457 1461 venit,
478 1406 507 1449 tu
523 1402 598 1464 milri,
615 1414 712 1462 somne,
731 1397 817 1448 oeni.“
847 1397 912 1448 Vide
930 1397 1005 1462 plura
1023 1398 1091 1462 apud
1108 1397 1350 1463 elegantissimum

205 1467 263 1516 Nic.
281 1466 417 1516 Heinsium
434 1468 466 1517 ad
484 1469 579 1520 Nason.
600 1469 636 1517 II.
654 1469 708 1517 Art.
732 1483 755 1516 v.
776 1469 814 1519 11.
850 1466 930 1515 Porro
954 1471 979 1516 et
997 1468 1080 1519 citata
1098 1466 1193 1530 alleget
1209 1466 1348 1530 Porphy-

205 1535 262 1584 rion
279 1550 326 1599 pro
343 1541 453 1586 cecata:
473 1536 515 1586 sed
533 1537 580 1586 hoc
598 1537 703 1597 rectius,
719 1533 840 1585 utcarm.
851 1535 900 1596 ΙΙΙ,
919 1537 943 1597 6,
962 1536 1003 1586 30.
1029 1533 1099 1597 „Seu
1108 1539 1181 1584 vocat
1190 1535 1346 1583 institor.“

273 1604 331 1654 240.
366 1602 475 1654 Scilicet
497 1609 529 1653 ut
552 1604 637 1654 decies
661 1603 776 1653 solidum
799 1603 961 1664 resorberet]
1003 1602 1045 1650 Ita
1075 1602 1178 1666 quidem
1200 1601 1348 1652 editiones

204 1675 314 1731 reteres3
340 1671 421 1735 unde,
445 1671 665 1722 dissimulantibus
688 1671 827 1730 lambino,
855 1669 981 1735 (lruquio,
1008 1674 1034 1718 et
1051 1669 1199 1732 Tonantio,
1226 1670 1289 1718 iam
1311 1670 1344 1717 in

204 1738 321 1789 omnibus
345 1739 452 1790 obtinet.
487 1745 523 1789 at
545 1741 573 1790 in
596 1739 714 1805 pluribus
737 1740 790 1788 suis
814 1738 971 1789 Pulnrannua
988 1738 1210 1802 Bersmannusque
1236 1740 1343 1787 absor-

205 1807 290 1866 berct3
307 1806 424 1872 idemque
441 1824 488 1872 ego
505 1809 534 1858 in
551 1824 664 1858 meorum
676 1806 780 1857 meliore
790 1812 861 1871 parte
872 1806 969 1870 reperi:
989 1820 1039 1868 quo
1057 1806 1181 1856 accedunt
1198 1805 1343 1864 nonnulli,

203 1876 250 1939 qui
266 1875 343 1925 nimis
356 1877 460 1939 antique
470 1876 757 1926 obsorberetexhibent
785 1874 872 1924 Placet
888 1873 954 1925 illud
972 1873 1088 1937 alterum,
1106 1878 1204 1940 utpote
1214 1874 1340 1939 plurium

204 1944 386 2008 exemplarium
404 1944 532 2009 suffragiis
550 1944 683 1994 munitum.
719 1941 864 1993 Macrobius
888 1942 919 1992 de
942 1959 969 1993 re
996 1941 1076 1991 simili
1094 1943 1197 1994 Saturn.
1217 1944 1257 2003 ΙΙ,
1294 1943 1340 1992 13.
1411 1980 1413 2001 1

205 2012 232 2075 [ξ
253 2014 295 2074 17]
330 2011 490 2076 „Cleopatra
507 2016 633 2063 unionem
651 2012 767 2061 demtum
791 2026 826 2061 eu
842 2026 909 2060 aure
927 2015 953 2060 et
970 2016 1045 2060 aceto
1063 2010 1223 2062 dissolutum
1240 2010 1341 2059 absor-

203 2079 287 2129 buit.“
321 2081 357 2129 Et
380 2080 482 2130 Plinius
504 2081 573 2132 Hist.
591 2079 643 2140 IX,
668 2082 710 2131 35.
734 2080 761 2144 [ξ
778 2080 839 2141 121]
880 2078 991 2143 „ltaque
1016 2084 1172 2143 expectante
1198 2078 1337 2144 quidnam

205 2152 272 2197 esset
289 2153 383 2198 actura
401 2147 555 2212 (Cleopatral
582 2149 731 2198 detructum
750 2146 866 2197 alterum
885 2152 924 2206 (ex
941 2162 1002 2195 aure
1021 2147 1141 2196 unionem
1159 2153 1243 2201 acetct
1261 2162 1338 2196 mer-

204 2217 247 2279 sit,
266 2230 299 2265 ue
316 2215 489 2280 liquefactum
507 2215 693 2280 absorbuit*).“
727 2215 764 2263 Et
781 2214 868 2279 paullo
884 2219 944 2279 post
964 2216 990 2277 [ξ
1013 2216 1085 2277 1221,
1103 2215 1133 2264 de
1150 2216 1198 2264 hac
1217 2216 1276 2280 ipsa
1295 2229 1339 2276 re,

204 2298 281 2347 quam
297 2283 339 2333 hio
358 2288 444 2333 narrat
453 2285 589 2334 Horatius:
608 2284 704 2347 „Prius
723 2283 752 2347 id
768 2282 873 2343 fremet
885 2281 986 2332 Romae
1003 2285 1032 2332 iu
1049 2285 1195 2333 unionibus
1213 2297 1337 2347 magnae

206 2353 354 2401 desectionis
365 2350 472 2402 Clodius
483 2352 606 2417 tragoedi
613 2352 713 2416 Aesopi
729 2350 819 2412 filium·
837 2355 869 2400 ut
887 2352 1058 2414 experiretur
1075 2353 1104 2399 iu
1120 2351 1214 2415 gioria
1231 2352 1335 2416 peleti,

204 2418 271 2485 quid
286 2425 412 2484 superent
427 2424 609 2486 margaritae:
637 2425 716 2483 etque
733 2425 765 2468 ut
781 2422 848 2476 mire
864 2418 1006 2482 putrescere,
1029 2433 1064 2467 ne
1080 2419 1153 2468 solus
1171 2420 1222 2469 luce
1239 2422 1335 2479 sciret,

203 2488 324 2549 singulos
341 2491 453 2539 uniones
471 2492 588 2539 concivis
606 2503 710 2554 quoque
727 2485 897 2535 absorbendos
916 2486 1013 2535 deditt‘
1040 2486 1113 2537 Unde
1132 2492 1158 2536 et
1176 2487 1244 2537 illud
1261 2487 1334 2537 forte

205 2555 293 2619 colligi
311 2557 406 2619 possit,
436 2558 472 2607 sic
496 2557 557 2606 olim
574 2556 674 2607 dedisse
692 2555 843 2614 Horatium3
870 2553 991 2615 „Clodius
1009 2555 1109 2620 Aesopi
1125 2555 1277 2605 detructum
1295 2570 1335 2605 ex

205 2639 271 2673 aure
289 2623 441 2673 Metellce⁴‘:
474 2630 500 2674 et
516 2624 582 2674 illud
599 2624 672 2686 tilius
689 2640 720 2673 ex
737 2622 886 2687 glossemate
904 2627 930 2672 et
946 2623 1159 2687 interpretatione
1177 2623 1292 2673 fluxisse.

273 2692 331 2742 246,
368 2690 499 2753 Quorsum
518 2694 615 2744 abeant
630 2693 710 2741 seui?
728 2697 809 2753 creta,
828 2706 864 2740 uu
882 2691 999 2740 carbone
1015 2691 1159 2755 retundit]
1184 2691 1333 2757 Principio,

205 2758 370 2808 distinctione
393 2775 472 2824 prava
495 2762 546 2809 iam
569 2760 647 2824 vulgo
672 2759 771 2808 laborat
788 2759 830 2808 hic
848 2759 933 2817 locus;
964 2757 1096 2820 Quorsum
1124 2761 1224 2810 obeant
1249 2759 1333 2810 suni?

205 2826 312 2876 sienim
330 2829 392 2876 seni
408 2822 477 2890 sunt,
494 2828 566 2877 nulls
584 2828 634 2879 iam
652 2828 779 2877 dubitatio
795 2831 842 2886 est,
861 2841 996 2891 quorsum,
1014 2827 1062 2876 hoc
1078 2830 1123 2888 est,
1142 2843 1196 2891 que
1215 2829 1332 2878 abeunt:

204 2910 294 2959 nempe
312 2896 344 2944 ad
361 2900 445 2959 partes
463 2912 588 2947 sanorum.
625 2895 667 2946 Sic
685 2895 818 2946 Terentius
835 2895 961 2944 Eunucho
980 2895 1014 2955 Π,
1033 2897 1056 2945 3.
1080 2898 1112 2957 [v.
1134 2897 1174 2957 14]
1212 2895 1331 2957 „Nescio

205 2963 308 3026 terete,
336 2979 420 3028 oeque
443 2964 514 3014 unde
532 2980 605 3027 com,
631 2979 716 3028 oeque
733 2978 852 3028 quorsum
870 2966 950 3012 eam.“
985 2963 1223 3028 Interpungendum
1241 2965 1331 3029 itaque

204 3033 389 3097 postulerat,
418 3031 549 3094 Quorsum
574 3034 688 3083 obeant?
712 3037 743 3081 ut
768 3036 793 3081 et
809 3033 892 3081 Acron
910 3030 1005 3094 aliique
1022 3030 1149 3082 viderunt.
1184 3032 1287 3083 Deinde
1304 3036 1332 3082 et

204 3099 304 3149 codices
321 3099 419 3165 aliquot
436 3103 488 3149 tam
506 3100 627 3161 aliorum,
646 3115 720 3165 quam
737 3099 833 3162 nostri,
851 3098 920 3149 Seni
937 3105 981 3161 ut,
1001 3103 1087 3149 crete:
1113 3100 1182 3163 quod
1199 3099 1332 3165 elegantia

204 3183 256 3216 non
275 3171 352 3230 caret,
372 3171 399 3216 ut
417 3167 479 3218 alibi
497 3168 575 3218 Serm.
590 3170 612 3230 Ι,
630 3170 654 3219 3.
672 3184 695 3217 v.
706 3169 746 3219 89.
776 3167 919 3230 „Porrecto
937 3168 1037 3232 iugulo
1050 3168 1185 3232 hasteriae,
1205 3172 1331 3234 captiuus

205 3239 242 3296 ut,
263 3234 365 3285 auettf‘
399 3234 464 3284 Vide
488 3251 552 3299 quae
576 3252 654 3301 supra
678 3236 787 3285 diximus
806 3234 878 3284 adv.
900 3236 958 3287 215.
994 3235 1043 3285 Sed
1060 3239 1191 3300 praeterea
1208 3242 1272 3286 sunt
1289 3252 1332 3287 co·

204 3301 282 3363 dices,
301 3302 346 3365 qui
363 3305 428 3351 seui
444 3310 517 3357 creta
535 3303 643 3364 habent3
661 3304 740 3353 codex
756 3304 853 3367 Regius
870 3306 932 3353 seui
949 3319 985 3353 au
1002 3295 1098 3365 cretus
1110 3309 1139 3353 ut
1157 3309 1183 3354 et
1199 3304 1329 3355 editiones

204 3374 315 3430 veteres,
333 3369 431 3419 Veneta
448 3374 554 3435 utraque
573 3376 598 3420 et
614 3372 794 3421 Losoheriana.
831 3371 901 3420 Inter
918 3375 1037 3435 utrasque
1054 3371 1100 3420 hae
1117 3371 1245 3423 lectiones
1264 3388 1329 3438 qnae

204 3438 288 3488 media
305 3437 376 3486 venit
393 3439 533 3499 comestio,
551 3439 682 3489 verissima
698 3440 762 3489 mihi
780 3439 893 3489 videtur:
922 3438 1073 3502 „Quorsum
1091 3441 1205 3490 abeunti
1232 3440 1329 3491 Suuin’

205 3511 288 3568 creta,
307 3521 342 3555 ure
361 3507 475 3556 carbone
491 3510 617 3560 ηοίαίίῖιζ
635 3507 728 3557 Sanin’
746 3511 831 3557 autem
847 3511 878 3556 ut
893 3508 988 3572 passim
1003 3508 1071 3571 apud
1081 3506 1204 3569 Comicus,
1224 3509 1326 3571 Dimia’,

204 3573 317 3626 Nortiu'.
344 3573 469 3638 Virgilius
479 3576 550 3639 [den.
561 3577 610 3638 III,
629 3578 702 3638 31913
721 3575 866 3641 „Pyrrlriu'
885 3576 1016 3626 connubia
1034 3578 1159 3626 smuusl“
1178 3576 1249 3639 [XIL
1268 3575 1326 3644 797]

205 3641 360 3708 „lllortuliu’
378 3642 467 3694 decuit
483 3645 582 3696 violari
598 3645 707 3694 uulnere
724 3644 857 3693 Diouml“
879 3643 995 3707 Denique
1012 3658 1112 3693 uorum
1129 3643 1224 3694 habent
1242 3645 1326 3710 plures

204 3712 369 3776 melioresque
387 3712 500 3762 codices:
526 3729 576 3762 non
602 3712 668 3778 qnod
686 3728 716 3761 ex
734 3709 890 3762 editionibus
908 3712 1000 3776 priscis
1018 3726 1086 3762 nunc
1104 3712 1200 3777 passim
1217 3711 1324 3778 obtinet,

204 3778 332 3829 Notundi.
369 3782 451 3845 Atque
469 3781 547 3843 illud,
572 3784 676 3846 opinor,
701 3780 804 3829 melius:
829 3780 967 3828 nonenim
993 3779 1090 3829 eleum
1107 3779 1218 3845 ablegati
1236 3782 1269 3831 ad
1286 3783 1324 3831 iu·

204 3863 293 3907 sanos,
313 3849 427 3898 notandi
443 3850 565 3909 carbone;
592 3850 636 3900 sed
660 3850 710 3897 iam
728 3852 782 3898 tum
800 3849 887 3898 uoluti
903 3847 965 3897 illuc
984 3847 1159 3912 deportantur.
1194 3850 1245 3899 Sed
1262 3850 1324 3899 mira

205 3930 265 3964 sune
282 3916 358 3965 lectio
377 3922 415 3965 est
433 3919 460 3966 in
478 3918 565 3968 codice
575 3917 730 3978 colbertino,
749 3920 774 3965 et
792 3931 807 3965 a
823 3930 899 3964 manu
910 3916 1020 3965 secunda
1031 3916 1058 3964 in
1067 3916 1222 3980 Reginensi„
1240 3916 1325 3968 Samii

206 3990 293 4034 crete:
321 3983 387 4047 quod
405 3990 540 4035 annotator
557 3986 585 4035 in
603 3985 717 4050 margine
735 3985 772 4033 sic
791 3987 901 4043 suamet,
920 3982 1017 4044 „Crete
1033 3982 1205 4048 Pythagorae
1223 3985 1323 4036 Samii:

205 4053 228 4099 ir
247 4054 315 4099 enim
334 4054 449 4115 incenit,
475 4059 506 4104 ut
522 4054 594 4103 mole
612 4057 774 4104 notarentur
791 4054 871 4117 nigro
891 4051 997 4117 lapillo,
1026 4053 1095 4101 bonu
1114 4052 1200 4102 ulbo.“
1235 4053 1323 4118 Nugae

206 4132 302 4179 merua,
320 4124 346 4167 et
362 4118 521 4170 indoctorum
538 4122 669 4172 hominum
688 4121 793 4170 somnia.
829 4118 916 4182 Certe,
935 4119 1021 4185 siquid
1039 4119 1065 4168 in
1084 4120 1131 4170 hac
1149 4120 1261 4172 lectione
1278 4120 1322 4172 bo·

256 4198 279 4247 ⁴‘l
295 4199 333 4251 [δία
346 4201 424 4247 Hard..
441 4203 551 4242 obsorbuit
566 4203 634 4255 codd]

1409 3084 1413 3177 l

1409 3798 1413 3905 l
