2810 4764
200 228 259 290 160
379 194 382 207 Ι
603 241 635 302 o.
658 239 799 288 norrun
821 239 944 288 russei

280 375 385 440 Motus
406 373 512 440 doceri
534 375 654 456 gaudet
674 374 800 440 Ionicos

280 460 406 525 Mature
426 459 528 541 virgo,
550 466 583 525 et
603 460 735 541 fingitur
755 459 894 525 artibus:

102 666 105 673 ·
198 644 341 695 Gronovius
359 645 541 711 iuterpretatur
558 645 683 706 Senatut3
708 645 749 707 (de
766 661 816 710 qno
833 661 892 695 mox
909 645 1029 701 dicemus)
1048 648 1073 694 et
1090 643 1236 694 testimonio
1256 644 1326 694 citat

197 712 304 763 alterum
321 713 392 763 Livii
409 714 500 776 locum,
518 713 549 776 V,
558 717 582 766 4.
601 717 628 779 [ι’
638 711 663 781 8]
681 729 712 764 ex
728 714 844 763 oratione
861 714 942 779 Appii
953 712 1068 763 Claudii:
1085 712 1208 776 „lucium
1225 714 1257 762 im
1272 712 1326 761 trac

194 785 274 847 purte
292 783 430 844 orationis,
450 781 574 845 Quirites,
591 797 698 833 moror:
721 784 760 832 sic
784 784 853 831 anim
877 796 957 846 agere
975 781 1080 842 delent,
1099 782 1147 845 put
1162 780 1325 830 mercenario

196 848 281 899 milite
297 854 425 900 utuntur:
442 855 472 900 at
487 865 537 901 aas
555 855 688 915 tamquam
706 865 766 900 cum
775 847 874 899 civibus
892 848 1121 914 agereoolumus,·
1138 849 1237 913 agique
1254 853 1328 898 tam

200 931 279 982 quam
297 933 354 967 cum
371 916 456 983 patria
472 919 609 968 moturum
626 933 739 983 aequum
757 920 915 967 cmsemus.“
943 916 1005 968 Oum
1016 918 1119 981 putria,
1136 916 1184 966 hoc
1199 921 1246 977 est,
1261 930 1326 966 cum

198 989 300 1036 senatu.
337 985 394 1048 Sed,
412 985 479 1050 quod
496 984 550 1042 viri¹
563 985 705 1036 acutissimi
722 1000 784 1050 pace
802 985 898 1045 dictum
916 985 958 1047 sit,
979 983 1045 1035 nihil
1062 983 1112 1033 tale
1129 999 1159 1033 ex
1176 983 1219 1033 his
1235 984 1325 1034 serbis

201 1052 292 1103 excudi
309 1056 400 1117 potest.
426 1054 492 1103 Nam
508 1052 598 1119 primo,
616 1068 667 1103 non
685 1054 712 1103 in
725 1053 827 1115 Senatu,
845 1052 889 1103 sed
906 1053 934 1102 in
952 1053 1073 1103 concione
1090 1051 1123 1102 ad
1139 1050 1239 1117 plebem
1257 1052 1325 1100 haec

200 1120 313 1186 loquitur
331 1121 443 1188 Appius:
469 1121 561 1172 deiude
578 1121 687 1188 opponit
703 1125 897 1172 mercenarium
914 1121 967 1170 sive
985 1125 1131 1170 extraneum
1149 1119 1258 1169 militem
1278 1118 1325 1169 do-

201 1190 306 1239 mestico
322 1189 401 1239 militi
418 1195 444 1240 et
462 1191 522 1252 cini,
540 1190 585 1254 qui
601 1206 649 1255 pro
665 1192 759 1254 patria
777 1205 823 1239 sua
840 1193 866 1239 et
876 1188 1019 1253 Republica
1036 1187 1069 1238 ad
1087 1187 1179 1237 bellurn
1197 1187 1325 1237 mittitur.

199 1259 269 1322 Ergo
286 1256 379 1307 Putria
403 1263 456 1307 tam
478 1258 535 1318 hic,
559 1273 635 1322 quam
650 1257 729 1319 alibi,
756 1264 795 1307 est
812 1259 919 1320 civitas,
941 1256 1015 1306 sedes
1032 1256 1138 1306 metatis.
1174 1257 1266 1320 Pergit
1284 1256 1326 1305 vir

200 1323 378 1389 sagacissimus
402 1330 428 1375 et
445 1325 562 1376 Tacitum
588 1325 682 1391 alleget
698 1325 789 1375 Annel.
807 1325 886 1386 lus.
920 1324 1038 1390 „Erepto
1055 1324 1146 1373 Druso
1167 1339 1263 1389 preces
1288 1321 1329 1373 ad

198 1408 244 1442 nos
262 1398 394 1457 concerto,
414 1393 518 1459 diisque
535 1398 560 1443 et
576 1394 661 1459 patris
678 1409 769 1445 coram
787 1394 909 1454 attestor,
927 1393 1046 1457 Augusti
1060 1397 1222 1457 pronepotes
1239 1393 1328 1441 muci·

195 1463 261 1526 pite,
278 1462 389 1524 regite.“
422 1461 508 1511 Etiam
526 1461 567 1510 hic
586 1477 676 1512 corum
691 1464 786 1527 patria
804 1461 859 1511 vult
875 1475 929 1512 esse
946 1475 1037 1511 corum
1055 1458 1164 1510 Serretes.
1198 1460 1325 1509 Frustra:

198 1543 257 1578 nam
274 1526 372 1578 Tiberii
387 1530 464 1579 rerba
481 1533 542 1579 suat
557 1529 585 1579 in
597 1530 700 1591 Senatrr,
719 1533 744 1579 et
761 1528 794 1578 ad
811 1530 944 1579 Senatum:
963 1526 1109 1589 etidcirco,
1126 1528 1149 1577 si
1166 1530 1262 1592 patria
1279 1527 1325 1576 hic

199 1601 237 1647 est
254 1601 370 1661 senatu,
393 1597 499 1662 perinde
516 1597 582 1647 soret
599 1613 628 1648 ac
646 1597 669 1648 si
686 1597 795 1660 diceret,
822 1597 942 1647 Obtsstor
958 1611 1004 1646 vos
1022 1611 1111 1646 coram
1129 1597 1212 1644 cobis,
1248 1594 1326 1650 Quod

199 1679 255 1714 cnm
272 1663 388 1729 ineptum
405 1663 580 1730 insulsumque
597 1667 645 1727 sit,
671 1666 748 1715 etiam
765 1664 822 1726 hic,
845 1669 875 1714 ιιι
891 1664 986 1729 ubique
1003 1663 1075 1725 alies,
1091 1667 1185 1729 petria
1203 1667 1244 1712 est
1261 1662 1326 1714 Res·

198 1730 305 1797 pubticu
329 1738 355 1782 et
372 1736 472 1784 civitas.
508 1733 558 1783 Sed
582 1738 735 1784 revertamur
757 1733 810 1783 iam
832 1733 865 1782 ad
881 1732 991 1798 priorem
1008 1731 1079 1781 Livii
1102 1730 1187 1781 locum
1205 1730 1288 1791 XXV,
1299 1733 1324 1782 6.

201 1798 281 1863 „Nisi
296 1815 482 1865 sperassemus,
507 1805 639 1866 cumcuma
656 1806 747 1853 cosmo
765 1801 970 1866 vulneribusque
986 1816 1032 1850 nos
1049 1800 1150 1864 patriae
1166 1799 1326 1860 satisfactu-

200 1882 245 1917 ros
262 1870 341 1918 esse.‘⁴
376 1869 427 1919 Ubi
446 1868 522 1919 verba
539 1870 584 1919 ille
608 1872 780 1935 cospatrico
804 1868 859 1919 sola
876 1868 1000 1919 Gronorii
1022 1868 1169 1918 coniectura
1192 1867 1325 1929 nituntur,

200 1941 336 2000 utcumque
353 1938 382 1987 in
399 1942 545 1988 contextum
562 1936 654 1988 teinere
671 1941 780 2002 recepta.
814 1937 880 1986 Nam
897 1937 955 2002 ipso
972 1939 1088 1997 testante,
1105 1934 1212 1986 Codices
1229 1936 1325 1985 Manu-

201 2003 291 2069 scripti
314 2021 361 2070 pro
385 2021 434 2056 mas
456 2009 564 2071 patriae
587 2005 682 2056 habent
703 2007 845 2056 nostratui.
880 2005 950 2069 Ergo
972 2019 1057 2054 omnes
1075 2004 1199 2053 Gronovii
1223 2005 1325 2069 copiae,

201 2072 293 2136 quibus
310 2073 407 2124 efficere
424 2074 506 2124 voluit
520 2076 641 2139 patriam
658 2089 711 2123 esse
728 2077 858 2135 senatum,
877 2072 929 2122 iam
945 2072 978 2122 ad
994 2071 1105 2122 nihilum
1122 2071 1241 2122 redactae
1255 2075 1325 2122 sunt

202 2141 270 2196 Quia
289 2141 311 2192 si
329 2144 500 2192 coniecturam
519 2158 590 2192 suam
607 2143 662 2191 viro
679 2141 708 2191 iu
725 2142 795 2191 hisce
812 2140 888 2191 rebus
911 2140 982 2191 felici
998 2139 1172 2199 concedimns3
1197 2140 1269 2190 nihil
1285 2145 1325 2190 ta·

200 2225 259 2258 aneu
277 2211 354 2274 cogit,
371 2215 401 2260 ut
415 2213 509 2276 patria
527 2209 563 2259 ibi
582 2214 653 2260 notet
668 2214 798 2260 senatum.
822 2208 919 2264 Quidni
931 2209 998 2259 enim
1014 2211 1121 2273 patriae
1132 2209 1326 2269 rutulantum

200 2277 234 2326 sit
258 2278 326 2341 idem
351 2294 380 2329 ac
397 2277 579 2343 reipublicae?
601 2278 637 2327 Ut
660 2276 748 2327 Cicero
771 2275 867 2328 alicubi
889 2277 917 2325 in
940 2277 1096 2342 Philippicis
1114 2275 1202 2338 [XIV,
1219 2279 1246 2338 9,
1262 2279 1325 2340 261:

201 2343 227 2395 C.
246 2347 334 2397 Pansa
352 2353 400 2398 aut
416 2351 496 2396 morte
513 2362 562 2396 sua
581 2350 629 2396 cut
645 2347 759 2396 victoria
776 2361 804 2394 se
821 2344 1009 2394 satisfacturum
1032 2341 1189 2409 reipublicae
1205 2360 1327 2410 spopon-

202 2412 249 2463 dit.
284 2414 360 2478 Quid,
380 2414 447 2479 quod
465 2414 607 2465 Gronovius
623 2413 721 2477 Filius,
738 2412 814 2464 aliam
832 2412 1016 2463 emendationis
1032 2413 1100 2461 viam
1117 2416 1214 2472 teutat3
1239 2428 1325 2478 neque

200 2496 249 2531 uos
263 2485 378 2548 patriae,
396 2482 440 2532 sed
458 2497 506 2532 uos
523 2485 613 2535 reatui
629 2481 815 2543 satisfacturos
831 2497 879 2546 pro
897 2480 973 2531 solita
990 2496 1035 2530 sua
1052 2474 1180 2547 εὐστοχίᾳ
1198 2495 1277 2544 vera,
1296 2486 1327 2531 ut

142 2612 145 2618 .
201 2549 245 2612 ait,
264 2553 388 2600 restituit.
422 2550 500 2600 Haud
517 2551 571 2600 vidi
588 2551 675 2615 magis.
712 2549 863 2604 Quintilian.
882 2549 968 2601 Instit,
987 2548 1059 2611 VIII,
1070 2550 1094 2601 3.
1114 2550 1140 2613 [ξ
1159 2549 1203 2610 34]
1230 2548 1326 2612 „Nam

200 2622 226 2666 et
242 2633 311 2682 quae
328 2623 416 2668 vetera
435 2619 514 2667 uerte
532 2633 604 2668 mune
620 2624 690 2682 sunt,
708 2617 820 2679 fuerunt
837 2617 900 2667 clim
917 2632 1005 2670 noue:
1029 2621 1057 2666 et
1073 2616 1204 2681 quaedam
1222 2620 1254 2666 tm
1274 2632 1326 2668 usu

196 2700 328 2749 perquam
344 2687 477 2746 recentia,-
494 2689 526 2734 ut
542 2685 665 2736 Messalla
681 2687 785 2751 primus
803 2689 908 2748 reatum,
926 2685 1096 2736 munerarium
1109 2684 1250 2748 Augustus
1268 2688 1325 2746 pri-

199 2767 259 2801 mus
276 2752 430 2802 dicerunt.“
454 2753 571 2802 Messalla
589 2754 637 2803 iste
655 2759 680 2804 et
697 2753 787 2804 Livius
807 2753 892 2803 eodem
910 2768 978 2804 anno
994 2753 1050 2803 nati
1067 2756 1134 2814 sunt,
1152 2756 1181 2801 ut
1198 2752 1226 2801 in
1240 2752 1325 2804 Chro-

199 2819 259 2869 nico
281 2819 458 2886 Hieronymus.
494 2820 530 2870 Ut
551 2821 658 2885 proinde
688 2821 778 2872 merito
802 2820 969 2871 dubitandum
991 2821 1040 2884 sit,
1068 2835 1100 2869 an
1125 2820 1228 2870 verbum
1255 2821 1326 2872 illud

201 2887 346 2952 procuderit
363 2888 488 2950 Messalla,
506 2888 655 2954 priusquam
673 2890 734 2940 haec
757 2889 889 2953 scripserit
906 2888 1005 2938 Livius.
1040 2888 1090 2938 Sed
1107 2892 1173 2938 esto:
1201 2891 1229 2936 ut
1247 2891 1326 2952 prius

200 2956 355 3020 procuderit.
378 2956 447 3009 lllud
464 2973 515 3007 aon
534 2956 708 3019 dubitandum,
728 2957 823 3007 receuti
841 2962 894 3007 tum
912 2962 938 3006 et
954 2960 1058 3020 musteo,
1077 2955 1218 3020 dubiaeque
1234 2956 1326 3007 adhuc

200 3024 360 3074 auctoritatis
383 3024 506 3076 vocabulo
531 3041 583 3076 non
607 3041 712 3076 usurum
735 3025 813 3075 fuisse
836 3025 864 3074 in
886 3023 1011 3074 Historiis
1027 3023 1137 3074 Livium.
1173 3023 1222 3073 Sed
1248 3026 1326 3089 quid,

202 3090 313 3155 obsecro,
340 3098 379 3145 est
396 3095 509 3145 Beatus?
533 3110 566 3144 au
584 3094 697 3160 culpam,
726 3095 836 3156 crimem,
854 3095 1019 3143 commissum
1036 3091 1119 3141 voluit
1134 3091 1270 3154 Messalla,
1296 3097 1328 3143 ut

199 3161 307 3212 Iacobus
323 3163 365 3212 hic
382 3163 582 3228 iuterpretatur?
600 3163 706 3212 Minime
716 3162 837 3226 gentium.
861 3158 967 3223 Rectus,
984 3165 1015 3210 ut
1031 3159 1139 3210 eruditis
1149 3163 1244 3221 notum,
1268 3166 1328 3211 erat

200 3233 280 3279 status
298 3235 323 3280 et
340 3231 454 3281 conditio
471 3247 570 3282 reorum
588 3234 613 3280 et
631 3229 829 3290 sordidatorum,
847 3228 907 3278 dum
923 3227 1046 3278 iudicium
1063 3228 1091 3277 in
1108 3228 1211 3292 longum
1228 3243 1326 3292 proce·

200 3297 253 3359 dit3
276 3302 306 3348 ut
323 3299 482 3363 caelibatus,
506 3298 620 3350 conditio
637 3296 741 3349 caelibis
766 3303 792 3347 et
809 3297 911 3346 similis.
946 3296 1041 3346 Rectus
1059 3311 1104 3360 pro
1122 3295 1239 3357 crimine,
1260 3313 1327 3362 peo-

200 3369 272 3427 cato,
289 3373 328 3416 est
344 3367 514 3417 barbarorum.
548 3366 698 3429 Enimvero,
722 3365 771 3417 etsi
788 3366 850 3415 satis
866 3364 977 3414 arrideat
994 3362 1117 3414 Grouorii
1134 3364 1217 3413 Patris
1233 3364 1327 3415 conie-

202 3437 288 3497 ctura,
306 3433 349 3482 sed
367 3435 432 3498 alio,
457 3450 532 3497 quam
549 3435 572 3484 is
589 3435 683 3497 voluit,
707 3449 795 3493 scusu3
819 3433 912 3483 leviore
935 3437 1019 3483 temen
1038 3448 1114 3482 manu
1131 3431 1215 3482 sanari
1232 3436 1328 3496 potest

202 3499 273 3550 locus
290 3500 357 3550 hunc
375 3502 403 3550 in
420 3502 534 3552 modum:
553 3501 632 3567 „Nisi
648 3517 838 3568 sperassemus,
855 3504 987 3565 sauguine
1004 3505 1095 3550 mostm
1113 3499 1328 3565 uulneribusque

203 3584 249 3618 nos
267 3568 367 3618 senatui
383 3569 570 3630 satisfacturos
594 3573 673 3620 essc.“
707 3571 809 3636 Quippe
826 3568 1060 3631 senatusconsulto,
1084 3583 1135 3617 non
1152 3566 1234 3632 plebis
1251 3569 1326 3618 scito

203 3636 230 3686 iu
241 3635 356 3687 Siciliam
373 3636 479 3701 relegati
496 3642 574 3689 erent.
598 3638 723 3689 Dixercut
739 3639 760 3688 ii
777 3637 871 3687 milites
888 3637 977 3701 paullo
994 3642 1060 3698 aute,
1079 3634 1183 3698 „Quum
1200 3638 1327 3701 primum

204 3704 236 3755 de
252 3705 341 3768 uotis,
367 3707 416 3754 etsi
431 3720 486 3755 mcc
504 3709 635 3772 iniquum,
663 3712 733 3757 certe
751 3709 825 3756 triste
843 3706 951 3755 Senatus
970 3704 1113 3754 consultum
1129 3705 1232 3765 factum
1249 3707 1324 3755 υἰέ(
1393 3752 1394 3778 ἡ

203 3773 244 3823 Ex
261 3772 411 3838 compendio
429 3773 577 3839 scriptionis
594 3791 641 3839 pro
658 3774 715 3826 Nos
732 3776 839 3824 senatui
855 3774 949 3822 fectum
967 3771 1163 3823 estNestratui.
1199 3771 1248 3821 Sed
1266 3771 1326 3823 iam
1382 3784 1394 3819 Α

202 3858 305 3892 menum
323 3841 353 3891 de
370 3839 470 3892 tabula:
495 3842 590 3907 quippe
608 3848 633 3893 et
650 3859 709 3905 uos,
733 3841 784 3893 nisi
802 3840 927 3903 fallimur,
951 3840 1121 3891 emendationi
1139 3840 1199 3890 huic
1216 3846 1325 3892 nostrae

204 3910 329 3961 cumulate
347 3910 522 3961 satisfecimus.

270 3980 310 4031 22.
328 3979 457 4043 Fimffitur
474 3979 586 4040 artibus]
604 3977 669 4028 Mire
687 3977 788 4027 vadant
804 3977 846 4026 hic
863 3977 963 4027 codices
981 3975 1085 4041 scripti3
1105 3975 1152 4025 alii
1169 3975 1236 4025 euim
1253 3972 1323 4026 Fim-

201 4048 278 4109 gttur
295 4048 414 4110 artubus,
432 4046 479 4095 alii
495 4046 637 4109 frangitur
654 4046 778 4109 artubus,
797 4044 843 4096 alii
859 4045 975 4110 fingitur
993 4045 1095 4094 artibus
1111 4043 1213 4094 habent.
1249 4044 1324 4100 Quae

204 4129 289 4164 omnes
306 4115 429 4165 lectiones
446 4114 529 4179 prime
547 4114 629 4164 fronto
646 4114 709 4165 satis
720 4114 853 4178 speciosae
871 4116 938 4173 sunt,
967 4127 1074 4177 suosque
1091 4115 1212 4177 patronos
1230 4113 1331 4176 siugu·.

202 4180 242 4231 les
259 4187 319 4233 sunt
336 4188 438 4234 nactae:
462 4187 492 4232 ut
509 4182 610 4233 subtilis
628 4182 719 4234 iudicii
742 4183 789 4245 sit,
813 4197 877 4246 quae
902 4180 991 4230 melior
1016 4180 1147 4244 veriorque
1170 4180 1219 4244 sit,
1243 4185 1269 4232 et
1287 4179 1322 4230 ab
