2810 4764
624 245 656 306 Q.
678 245 819 293 nouum
840 245 964 294 russel

595 497 662 565 AD
694 397 1002 566 MuddURIUM.

323 616 468 693 Mercuri,
493 619 578 693 (uam
600 623 632 681 te
654 614 766 682 docilis
788 616 941 699 magistro

324 702 422 767 Movit
443 700 603 789 Amphion
623 700 749 787 lapides
771 701 924 773 canendo)

324 788 438 869 Tuque
460 785 603 852 Testudo
624 805 774 852 resonare
797 793 920 871 septem

443 870 569 936 Callida
589 870 706 952 nervis,

296 959 393 1024 allec
412 957 532 1040 loquax
554 956 628 1021 olim
650 976 754 1039 neque
775 962 878 1038 grata,
900 976 983 1021 nune
1005 963 1038 1023 et

324 1041 468 1108 Divitum
489 1042 609 1107 mensis
632 1046 664 1106 et
684 1040 787 1107 amica
808 1040 952 1140 templis;

323 1127 385 1193 Dic
405 1125 528 1204 modos,
550 1125 641 1211 Lyde
662 1125 780 1209 quibus
801 1128 978 1193 obstruatas

443 1211 591 1297 Adplicat
612 1212 717 1277 auris:

324 1296 425 1375 Quae,
447 1298 535 1362 velut
555 1296 630 1362 latis
653 1315 738 1379 equa
758 1296 854 1360 trima
874 1295 1023 1382 campis„

284 1395 313 1444 10
326 1380 424 1446 Ludit
445 1381 595 1446 exsultim
616 1380 792 1464 metuitque
815 1379 914 1462 tangi,

324 1465 517 1551 Nuptiarum
539 1486 654 1552 expers
677 1472 710 1532 et
731 1466 836 1531 adbuc
856 1472 1004 1552 protervo

442 1550 551 1616 Cruda
571 1550 695 1616 marito.

239 1684 307 1718 nunc
325 1669 390 1719 illud
407 1669 491 1720 locum
508 1670 628 1722 obtinuit.
664 1669 817 1732 Lambinus,
836 1670 977 1734 cunquire,
1001 1667 1149 1719 Torrentius
1168 1668 1199 1718 da
1218 1668 1274 1719 suis
1293 1667 1360 1718 oodi·

240 1736 313 1787 oibus
330 1742 424 1789 tacent.
459 1738 499 1788 Ex
517 1739 629 1803 quinque
646 1738 783 1789 Pulmanni
802 1743 853 1787 tres
871 1741 975 1797 animm
999 1735 1049 1786 duo
1066 1736 1159 1801 reliqui
1177 1739 1316 1798 animm,
1331 1738 1358 1784 nt

241 1805 318 1855 etiam
342 1821 373 1854 ex
396 1804 478 1856 tribus
494 1807 644 1856 Bersmanni
667 1821 741 1855 unus.
776 1805 850 1857 Certe
873 1822 903 1856 ex
927 1803 1043 1855 omuibus
1060 1804 1155 1855 nostris
1172 1805 1267 1855 unicus
1285 1805 1359 1853 Grae·

239 1873 330 1923 vianna
354 1875 471 1938 agnoscit
494 1877 626 1936 animam,
652 1874 729 1939 idque
756 1890 831 1924 manu
854 1874 994 1924 recentiore
1016 1878 1141 1923 mutatum
1159 1878 1198 1922 est
1215 1874 1245 1922 in
1263 1873 1357 1922 naisso.

238 1943 346 1993 Rectum
364 1947 448 1992 tamen
466 1941 544 2003 illud,
569 1942 683 2008 elegante
708 1948 733 1992 et
749 1942 870 1993 familiari
887 1943 972 1992 Poetis
989 1941 1143 1991 Graecismo.
1180 1941 1281 1991 Statius
1298 1938 1355 1990 silv.

238 2010 283 2073 IV,
301 2013 325 2063 6.
343 2013 376 2074 [v.
395 2012 439 2071 55]
459 2010 489 2060 de
505 2010 628 2071 Hercule,
653 2009 717 2074 „Sic
734 2011 804 2060 mitis
821 2010 922 2071 vultus,
946 2010 1030 2060 celati
1052 2008 1085 2059 do
1107 2014 1217 2075 pectore
1238 2007 1358 2074 gaudent

238 2078 368 2128 Hor-tetur
384 2079 514 2128 manaae.“
536 2076 582 2127 nbi
603 2079 693 2128 vocitas
716 2094 768 2127 nan
791 2083 875 2128 rectus
893 2076 1031 2142 singularis
1055 2082 1106 2136 est,
1131 2076 1175 2127 sed
1199 2075 1357 2128 accusativus

238 2146 360 2214 pluralis3
379 2150 409 2196 ut
426 2145 557 2196 Claudiam.
577 2147 635 2197 Stil.
653 2148 687 2207 11,
709 2148 764 2198 135.
800 2145 923 2208 „Blanda
940 2145 1046 2210 quidem
1064 2145 1181 2195 vultm.“
1346 2200 1354 2218 θ

307 2217 331 2267 9.
351 2213 513 2276 Quaerebat
531 2212 602 2280 latia]
618 2216 750 2264 Anacreon
770 2213 809 2275 [lr.
830 2217 861 2265 75
879 2214 987 2279 Bergk]:
1023 2211 1122 2270 „liniis
1143 2207 1263 2280 Θρῃκὶη,
1282 2207 1309 2260 u'
1323 2205 1351 2268 dr

238 2299 273 2351 με
291 2280 400 2343 Νηλεῶς
423 2278 534 2349 φεύγεις
551 2318 617 2334 .....
633 2283 694 2332 Νῦν
718 2279 748 2333 δὲ
764 2278 899 2348 λειμῶνός
916 2298 944 2333 τε
961 2277 1088 2349 fidenae,
1116 2276 1221 2345 Κοῦφά
1241 2295 1271 2330 τε
1288 2291 1354 2342 exsq-

238 2352 315 2402 tcioo
332 2348 467 2408 nuidcmf‘
501 2351 609 2401 Noster:
633 2349 726 2414 „Quae
742 2350 815 2400 velut
832 2350 894 2400 latis
911 2366 979 2415 aqua
997 2351 1078 2398 bama
1095 2352 1196 2414 campis
1212 2346 1298 2398 Ludit
1314 2359 1353 2394 ea·

238 2419 344 2482 aulam,
367 2421 511 2483 maluitque
530 2420 633 2485 tungi‘f
666 2420 750 2482 Atque
766 2418 828 2467 baec
847 2434 877 2467 ex
894 2418 947 2467 illis
964 2432 1081 2482 expressa
1099 2432 1166 2478 esse,
1190 2421 1252 2480 post
1268 2410 1354 2466 Honri·

239 2503 296 2537 cum
314 2486 484 2550 Stephanum,
511 2486 586 2536 multi
604 2490 767 2537 annotarunt.
803 2485 853 2536 Sed
869 2485 1050 2541 animadvertit
1067 2485 1158 2534 ceteris
1176 2484 1280 2533 acutior
1296 2480 1351 2531 cole·

237 2554 362 2605 berrimus
384 2554 530 2616 Dacierins,
556 2555 723 2604 Anacreontis
747 2554 813 2607 illud
835 2552 969 2621 λειμῶνας
991 2558 1072 2619 prata
1101 2568 1153 2602 non
1183 2554 1216 2601 ad
1240 2549 1352 2601 emunim

238 2622 389 2686 respondere
403 2621 464 2672 latis
482 2626 596 2686 campis:
615 2622 768 2684 etidcirco,
785 2628 815 2671 ut
831 2622 937 2686 propius
955 2623 1023 2672 inter
1040 2636 1066 2671 se
1083 2620 1252 2680 conveniant,
1271 2622 1353 2669 contre

238 2705 324 2740 omnes
342 2688 442 2766 codices
460 2688 633 2754 reponendum
650 2706 703 2740 esse
721 2690 860 2751 contendit,
879 2689 956 2740 luctis
974 2691 1089 2754 campie:
1108 2689 1145 2738 ita
1163 2685 1351 2767 Carm.·H,5,5.

238 2754 1351 2890 tittl.¹‘fftttttulittatltlttttlttttt‘llldssttltttltt
1388 2824 1389 2847 ι

239 2861 338 2962 ereprad
362 2862 497 2958 paeonica
528 2896 558 2941 ut
580 2893 666 2943 Ovidii
688 2894 753 2944 illud
776 2864 1005 2953 Fast.1v,476.’
1028 2863 1246 2957 ,⁷,Sacrdrumque
1269 2889 1349 2943 Melon

237 2976 332 3025 pascua
354 2961 421 3012 laeta
446 2961 550 3011 5557ηέ*
583 2963 637 3011 Iam
660 2967 690 3012 ut
715 2962 881 3013 concedamus
898 2962 1019 3013 Nostrum
1037 2964 1213 3012 Anacreontea
1235 2960 1283 3011 illa
1298 2961 1351 3008 anto

237 3029 324 3080 oculos
342 3028 473 3090 habuisse,
492 3045 643 3095 quamquam
659 3031 706 3080 hoc
725 3030 826 3095 quidem
843 3031 968 3080 incertum
986 3035 1038 3091 est;
1062 3030 1178 3079 novimus
1196 3034 1283 3079 tamen
1300 3039 1349 3075 eun

237 3114 289 3149 non
306 3097 415 3148 multum
432 3113 515 3148 amare
531 3098 600 3160 fidos
618 3098 676 3148 illos
694 3101 865 3163 interpretes,
890 3104 916 3147 et
934 3099 1038 3149 serviles
1055 3097 1212 3159 imitatores,
1236 3096 1284 3161 qui
1300 3106 1349 3145 aar·

237 3168 298 3216 bum
321 3168 400 3217 uerbo
425 3166 616 3231 exprimendum
638 3171 734 3215 curant
770 3167 897 3231 Equidem
921 3167 948 3216 id
973 3166 1004 3216 de
1029 3166 1105 3230 plano
1124 3166 1206 3215 ausim
1224 3166 1349 3219 affirmare,
1388 3154 1389 3239 l

236 3235 317 3284 multo
335 3236 420 3298 aptius
437 3234 493 3284 loeo
511 3235 570 3284 huic
589 3240 614 3284 et
632 3234 772 3284 sententiae
791 3235 927 3285 conuenire
944 3234 1028 3294 Latis,
1047 3249 1122 3299 quam
1130 3232 1228 3284 Laetis.
1254 3233 1348 3295 Quippe
1388 3246 1389 3307 q

238 3317 295 3352 cum
312 3302 390 3364 addit,
408 3302 553 3367 meletiique
571 3305 655 3367 tanga,
673 3302 738 3352 bene
756 3307 823 3353 certe
840 3304 928 3369 posuit
947 3303 1015 3353 latos
1033 3316 1147 3367 campos,
1171 3300 1218 3351 ubi
1235 3299 1346 3351 nimirum

237 3369 312 3432 fugae
330 3375 384 3419 erat
400 3370 470 3419 locus
489 3375 515 3421 et
532 3370 656 3433 spatium,
680 3387 712 3420 ne
731 3374 808 3435 longi
831 3376 856 3420 et
879 3371 1002 3434 prehendi
1026 3375 1119 3436 posset.
1154 3369 1224 3425 Quid
1241 3368 1307 3434 quod
1321 3364 1348 3414 dt
1388 3322 1389 3409 l

237 3452 305 3485 more
324 3436 392 3486 latos
409 3452 516 3502 campos
533 3438 610 3500 dixit,
628 3443 751 3504 perpetuo
769 3438 837 3504 apud
855 3441 945 3489 Poetae
964 3440 1084 3504 epitheto.
1119 3437 1211 3502 Virgil.
1231 3442 1293 3489 Aen.
1309 3433 1346 3491 Vl,
1388 3424 1389 3483 l

238 3505 296 3557 888.
330 3505 427 3566 „Aemi
451 3507 480 3553 irc
498 3505 593 3569 campis
610 3506 684 3567 latis,
709 3512 788 3572 atque
806 3510 895 3557 omnic
914 3507 1054 3558 laeserant.“
1072 3511 1098 3557 ot
1114 3505 1167 3570 XI,
1184 3508 1243 3559 465.
1279 3501 1346 3568 „latia
1388 3490 1389 3563 l

237 3571 381 3634 diffundite
398 3573 519 3636 campis.“
544 3579 569 3622 et
584 3574 632 3637 ΠΙ,
651 3577 708 3626 537.
743 3574 895 3638 „Quattuor
912 3577 969 3639 lcie,
987 3578 1103 3640 primum
1121 3589 1212 3635 omen,
1231 3573 1345 3640 equosia
1388 3618 1389 3639 ,

234 3640 360 3705 gramine
376 3639 445 3699 vidi,
466 3638 613 3692 Tondentur
629 3657 746 3706 campum
763 3643 827 3705 late,
854 3643 970 3694 candore
987 3644 1097 3695 ciculi.“
1114 3642 1180 3705 VII,
1198 3645 1257 3696 486.
1293 3638 1348 3704 „⁰²¹i
1388 3644 1389 3705 l

236 3711 428 3772 reginpurcat
443 3707 573 3773 Armenta,
591 3715 617 3760 ct
632 3710 680 3760 lati
697 3712 818 3762 custodia
837 3710 940 3763 credita
957 3712 1066 3777 eampi.“
1101 3711 1165 3763 Stat.
1185 3710 1248 3761 Silv.
1266 3710 1309 3771 IV,
1325 3707 1343 3756 l·
1388 3724 1389 3753 1

237 3779 269 3839 [v.
290 3778 314 3838 l]
338 3775 412 3838 „lum
436 3774 484 3825 diu
506 3776 559 3827 lato
581 3780 702 3843 spatiata
720 3782 835 3845 campo.“
869 3778 949 3829 Silius
967 3781 1025 3830 Ital.
1042 3779 1113 3829 VIII.
1134 3781 1166 3842 [r.
1185 3782 1246 3842 310]
1281 3781 1345 3842 „iata
1388 3774 1389 3785 ¹

235 3845 295 3895 latis
314 3845 398 3907 obuio,
417 3843 505 3907 credo,
523 3844 584 3896 Stoa
600 3846 696 3911 campis
715 3850 811 3898 aciar.“
828 3851 854 3897 et
870 3846 954 3901 XVII.
973 3851 1006 3912 [v.
1025 3849 1084 3910 384]
1119 3845 1178 3910 „Na
1195 3850 1221 3898 ei
1237 3843 1345 3898 macerit

234 3913 295 3963 latis
312 3911 374 3974 fera
393 3912 500 3976 proclia
519 3914 641 3977 campis.“
675 3915 717 3965 Sic
741 3915 796 3966 luta
820 3931 887 3966 arva
904 3915 976 3966 Ouid.
993 3917 1062 3966 Fast.
1081 3916 1101 3975 I,
1119 3917 1178 3968 546.
1212 3916 1347 3979 „Dumque

237 3982 300 4031 huie
317 3981 461 4046 hospitium
480 3979 572 4030 domur
589 3987 627 4031 eet
648 3980 780 4047 Tegeaea·
807 3989 942 4048 cogcmw
960 3984 1140 4034 Incccatoditae
1157 3983 1210 4034 lata
1226 3999 1277 4049 per
1293 3991 1346 4033 ortt

236 4050 343 4099 bovee“:
368 4046 412 4097 nbi
431 4047 499 4097 dolet
515 4049 759 4112 praestantissimum
776 4051 926 4115 Heinsium,
949 4053 1007 4116 pari
1030 4068 1080 4117 quo
1103 4052 1145 4102 hio
1163 4051 1296 4103 Dacierius
1311 4064 1341 4099 or·

236 4133 300 4178 rore,
320 4117 390 4166 laeta
408 4131 474 4166 arco
492 4132 522 4167 ex
538 4117 654 4182 pauculis
672 4118 803 4169 codicibus
821 4119 996 4182 substituisse;
1015 4135 1072 4170 eum
1089 4123 1115 4170 et
1131 4120 1212 4171 maior
1229 4119 1342 4170 librorum

234 4199 294 4248 pars
317 4190 343 4235 et
366 4185 422 4249 ipsa
444 4200 483 4234 res
501 4183 607 4236 alterum
630 4185 759 4251 efflagitet.
794 4186 865 4239 Lato
882 4187 950 4239 enim
974 4187 1029 4238 sine
1053 4187 1146 4253 dubio,
1169 4189 1231 4253 quia
1255 4185 1345 4239 dixerat
