2840 4752
435 303 618 351 sunnonem
639 300 705 351 LlB·
721 304 756 351 11.
777 299 802 352 4.

116 438 235 502 uniret
257 457 334 523 aper
355 437 462 502 lances
485 457 610 503 carnem
633 437 762 503 vitantis
784 437 932 505 inertem:

116 522 199 586 Nam
221 521 364 587 Laurens
386 523 490 587 malus
512 530 570 600 est,
593 522 677 589 ulvis
698 530 731 588 et
750 523 905 590 arundine
926 522 1066 608 pinguis.

116 607 219 673 Vinea
241 607 400 672 submittit
418 626 550 693 capreas
573 628 635 673 non
659 628 784 694 semper
805 608 917 674 edulia.

116 692 285 758 Facundus
306 692 424 778 leporis
446 693 575 779 sapiens
597 695 769 760 sectabitur
789 713 904 760 armos.

68 790 103 840 se
117 777 264 843 Piscibus
285 783 381 860 atque
403 778 516 844 aribus
538 798 622 862 quae
642 785 757 843 natura
782 785 814 843 et
835 779 917 845 foret
938 786 1038 857 aetna,

115 867 199 928 Ante
219 882 325 927 meum
348 861 426 926 nulli
449 862 553 948 patuit
574 863 894 948 quaesita-palatum.
939 902 942 911 ·

347 997 370 1031 r.
388 983 428 1032 li.
453 981 527 1045 Vulg.
549 980 655 1032 carcat
690 984 731 1033 sl.
749 979 876 1032 Ferreadi.

49 1116 194 1180 appetitum
218 1120 351 1175 renovent3
376 1116 438 1166 adeo
461 1122 490 1165 at
513 1115 580 1166 nibil
606 1116 704 1167 demam
727 1133 756 1167 ex
780 1117 814 1167 iis
838 1117 960 1182 reliquum
986 1120 1033 1177 sit,
1060 1118 1126 1182 quod
1149 1132 1165 1167 a

49 1181 257 1234 ministrantibus
279 1184 366 1248 pueris
390 1187 480 1234 ausari
501 1185 589 1249 possit.
625 1186 682 1234 Non
709 1186 772 1235 satis
795 1189 834 1235 est
859 1187 940 1249 pisces
964 1187 1074 1236 intactos
1099 1200 1163 1235 cara

49 1265 142 1300 rnensa
161 1265 292 1313 uomere,
311 1256 336 1301 ct
354 1251 406 1301 solo
424 1257 508 1301 sumtu
526 1258 552 1302 ts
570 1257 710 1303 ostentare:
729 1252 751 1302 si
764 1260 842 1303 artam
858 1253 1041 1304 cenarum'tibi
1054 1269 1163 1318 arrogas,

49 1319 76 1367 id
94 1318 182 1382 potins
200 1318 277 1381 cilice,
295 1324 325 1369 nt
341 1335 403 1385 prae
420 1320 544 1370 enaritate
561 1320 646 1370 omnia
658 1328 844 1383 consumantur,
864 1322 929 1372 nibil
944 1322 1053 1388 supersit
1085 1321 1163 1382 Haeo,

49 1388 77 1435 ni
102 1385 191 1447 fallor,
217 1387 343 1438 ennmatio
366 1394 391 1437 et
414 1388 554 1438 sententiae
578 1395 603 1438 et
626 1389 701 1439 verbo
724 1388 840 1455 apposite
863 1389 989 1454 congruit.
1024 1389 1113 1438 Cicero
1132 1388 1164 1440 ad

49 1454 166 1504 Cassium
188 1454 272 1520 Epist.
290 1454 355 1515 XII,
381 1458 404 1507 4.
428 1455 530 1520 [princ]
571 1455 689 1517 „Velkm
718 1456 808 1506 idibus
829 1455 936 1507 Martiis
959 1474 1000 1507 ene
1023 1457 1055 1507 ad
1078 1472 1163 1507 cenam

49 1525 206 1572 invitasses:
231 1523 394 1588 reliquiarum
413 1524 484 1573 nibil
499 1523 620 1585 fnisset.“
653 1525 800 1574 Priscianus
822 1540 848 1590 p.
866 1527 923 1578 abo.
960 1526 1055 1587 „Verro
1071 1540 1163 1575 secun·

49 1590 115 1640 dam
135 1589 284 1642 Cisal-iriam
301 1594 331 1641 in
348 1595 493 1657 practerilo
511 1592 583 1642 Verri
601 1591 677 1653 facit,
696 1592 768 1657 qaod
784 1597 809 1642 el
825 1608 889 1642 asses
907 1595 1075 1657 conspirabat:
1094 1592 1164 1643 Lici·

49 1662 112 1708 ne'as
130 1657 222 1709 Macer·
237 1675 288 1725 pro
311 1658 416 1721 Trrsois;
440 1658 506 1723 Qrsis
523 1662 642 1725 oportuit
659 1663 756 1710 amissa
771 1664 922 1724 restituere,
941 1665 1011 1711 nisce
1029 1665 1108 1711 eliam
1124 1676 1163 1710 re·

49 1726 145 1791 liquias
163 1732 334 1777 averrerunt.“
361 1729 456 1777 Seneca
474 1727 589 1778 Controv.
608 1727 688 1778 XXV.
708 1729 786 1792 [ili
803 1744 827 1792 p.
839 1729 897 1789 258,
918 1730 948 1780 18
965 1730 1048 1792 Iiurs]
1074 1729 1164 1790 „lam

49 1794 208 1844 tumulentus
225 1795 359 1846 ebrioram
376 1795 497 1859 reliquias
516 1797 659 1846 belenannm
674 1797 798 1846 everritur
809 1798 915 1861 eapnl.“
940 1797 975 1845 Et
992 1798 1083 1846 iterum
1102 1798 1164 1864 [μ

49 1879 76 1926 p.
94 1864 153 1925 251,
171 1864 228 1925 261,
247 1863 338 1924 „Inter
350 1868 528 1929 prsrgamenla
547 1867 674 1913 stinctae
693 1866 856 1923 cenantium,
875 1869 901 1913 et
916 1879 1036 1928 sparsam
1056 1868 1084 1914 e‘n
1103 1881 1164 1915 con-

49 1933 122 1980 oiur‘o
138 1931 249 1995 scobem,
267 1932 398 1980 leaenarum
414 1934 525 1995 sanguis
542 1932 691 1981 everritur.“
717 1931 774 1980 Non
785 1932 898 1993 deerunt,
915 1932 1014 1997 opinor,
1033 1932 1078 1996 qui
1095 1932 1163 1995 huic,

49 2013 128 2062 quam
151 1999 228 2067 primi
252 2014 320 2048 nnnc
343 2000 522 2064 proponimus,
550 2000 688 2049 sententiae
706 1999 833 2049 accedent.
870 1999 920 2048 Sed
937 2004 963 2049 st
979 2000 1073 2050 alterae
1091 2000 1163 2063 dnae,

49 2073 107 2116 tam·
122 2067 258 2129 Gronovii,
284 2083 359 2130 quam
383 2074 507 2127 veterum,
531 2067 641 2116 fautores
665 2067 747 2116 adbuc
772 2082 831 2117 suos
854 2068 909 2116 sine
932 2067 1009 2117 dubio
1026 2067 1163 2118 habebunt.

49 2134 120 2189 Quid
137 2135 247 2184 mirum?
271 2135 314 2184 ubi
333 2136 436 2200 quaevis
454 2150 483 2184 ex
501 2134 590 2197 tribus,
608 2135 665 2200 pari
682 2134 871 2199 probabilitatis
889 2137 973 2201 specie
992 2140 1099 2200 certans,
1117 2136 1163 2186 dn·

49 2203 119 2252 biam
138 2200 234 2252 duabus
251 2203 341 2252 ceteris
358 2203 466 2268 palmam
484 2203 554 2252 lacit.

88 2324 90 2329 ,
120 2272 160 2321 41.
197 2269 296 2321 Crerual
313 2286 378 2336 aper
396 2272 492 2333 lances]
511 2270 613 2321 Veteres
631 2270 732 2334 quidem
748 2270 882 2320 Editiones
899 2285 956 2320 cum
973 2270 1053 2320 multo
1070 2271 1164 2322 maiora

49 2345 125 2405 parte
143 2338 257 2388 codicum
276 2344 382 2389 crrrualr
402 2343 490 2405 postea
507 2339 558 2389 sere
576 2338 689 2388 obtinuit
706 2339 784 2388 altera
802 2337 877 2388 lectio
896 2343 994 2400 carnal,
1012 2354 1086 2404 quam
1105 2354 1164 2404 sup·

50 2406 170 2472 peditent
180 2405 307 2456 Torrentii
325 2405 385 2456 libri
405 2407 508 2470 aliquot,
527 2423 592 2457 unus
611 2407 753 2465 Pulmanni,
773 2412 798 2455 et
815 2406 892 2456 codex
906 2405 1012 2470 Collegii
1022 2406 1165 2457 Trinitatis.

50 2474 180 2523 Utrnmvis
205 2481 261 2523 tato
285 2475 356 2540 sequi
374 2476 483 2540 poteris:
510 2476 531 2524 si
550 2480 654 2537 meruel,
680 2475 729 2524 erit
746 2489 794 2523 vox
811 2474 1007 2539 praecipientis,
1030 2475 1093 2539 quid
1109 2475 1164 2525 fleri
1213 2516 1232 2537 ,

50 2546 166 2607 oportet3
184 2546 205 2592 si
224 2548 325 2605 careal,
344 2543 393 2592 erit
409 2543 582 2607 approbantis,
604 2542 671 2606 quod
690 2547 756 2591 recte
774 2542 809 2591 nt.

120 2613 161 2661 44.
197 2610 317 2661 Facundi
333 2611 440 2675 leporis]
476 2611 518 2660 Sic
542 2610 667 2660 editiones
690 2610 788 2675 priscae
806 2625 862 2659 eum
881 2608 1010 2660 codicibus
1027 2610 1164 2676 plerisque,

50 2679 146 2727 nostris
164 2678 264 2741 quidem
283 2678 412 2728 omnibus:
433 2694 513 2741 neque
530 2679 606 2728 aliter
622 2694 690 2728 nunc
708 2684 777 2727 extat
794 2678 862 2743 apud
874 2679 1000 2728 Donatum
1010 2680 1041 2729 ad
1051 2679 1164 2729 Terentii

50 2746 218 2805 Eunuchum,
243 2746 296 2807 ΙΙΙ,
323 2749 344 2797 1.
369 2762 431 2797 vers.
451 2749 491 2798 36.
528 2748 586 2796 Scio
610 2748 685 2799 etiam
710 2746 824 2812 lepor-ern
848 2746 987 2797 masculino
1004 2763 1094 2810 genere
1112 2747 1165 2798 dici

50 2814 139 2875 solers,
158 2815 233 2863 etiam
252 2812 396 2873 feriendam
414 2823 440 2864 et
455 2819 657 2879 praegnantem.
684 2814 762 2863 Varro
781 2813 811 2863 de
829 2816 865 2864 Rc
883 2816 953 2865 Rust
973 2816 1020 2876 ΙΙΙ,
1041 2817 1080 2867 12.
1099 2815 1124 2878 [ξ
1137 2817 1163 2878 51

50 2897 117 2944 „our
136 2882 211 2946 lepras
229 2882 340 2941 dicitnr,
359 2898 418 2932 carn
442 2898 599 2948 praegnans
616 2885 663 2945 sil,
682 2886 761 2932 eliam
780 2886 944 2947 celeripere.⁴‘
978 2883 1077 2933 Plinius
1094 2883 1164 2933 Hist.

50 2951 123 3013 VIII,
135 2952 175 3001 55.
194 2950 220 3015 [ξ
231 2952 290 3012 219]
315 2950 419 3017 „Lepas
430 2966 512 3000 sonus
529 2955 638 3016 praeter
656 2950 816 3015 dasypodem
834 2950 988 3015 superfelal,
1009 2951 1085 3000 alind
1102 2950 1164 3001 edu¹

51 3035 125 3081 cans,
143 3017 220 3067 altrea
236 3022 264 3067 in
283 3022 487 3083 uterogerens.“
512 3017 647 3082 Vulgatem
664 3019 746 3082 igitur
762 3018 895 3067 lectionem
914 3019 992 3067 tantis
1009 3019 1164 3080 auctoribus,

51 3088 94 3152 qui
114 3085 188 3146 volet,
206 3085 281 3135 facile
298 3087 418 3137 tuebitur.
447 3084 514 3136 Vide
531 3086 613 3135 virum
631 3101 753 3135 summum
772 3086 910 3135 Gerardnm
918 3086 1037 3135 Vossium
1055 3085 1085 3135 de
1096 3087 1163 3136 Ana·

51 3155 121 3219 logia
139 3154 182 3203 lib.
202 3155 222 3203 1.
240 3170 295 3220 cap.
314 3158 351 3207 16.
378 3155 486 3204 Mirifice
503 3161 586 3203 tamen
605 3154 695 3219 placet,
714 3153 780 3217 quod
799 3155 826 3202 in
844 3155 956 3203 omnium
973 3155 1069 3219 optimo
1087 3154 1163 3204 Blan-

51 3222 138 3283 dinio,
166 3228 191 3271 et
213 3224 240 3272 in
265 3222 344 3272 altero
368 3239 418 3272 non
442 3221 625 3271 contemnendo
654 3220 741 3270 codice
765 3221 882 3271 Tonsano
905 3221 1032 3286 Cruquius
1057 3222 1164 3287 invenit,

51 3305 211 3354 „rncnsnee
229 3291 327 3355 leporis
349 3294 454 3357 sapiens
476 3291 620 3339 sectabitur
638 3290 753 3340 armas.“
787 3289 859 3339 Unde
882 3290 948 3339 enim
965 3291 1012 3340 boc
1030 3290 1164 3354 Librariis,

51 3360 102 3409 nisi
121 3357 152 3408 ab
171 3358 228 3423 ipso
246 3364 347 3409 auctore
364 3360 503 3423 proiectum
521 3358 603 3407 esset?
622 3357 804 3422 Ignosaendum
815 3358 915 3422 quidem
934 3359 1029 3421 estiis,
1047 3360 1164 3423 quicum

51 3428 128 3491 vulgo
152 3426 304 3490 loquuntur:
332 3427 375 3477 ssd
398 3426 493 3476 rationi
516 3431 670 3491 naturaeque
695 3427 775 3490 magis
799 3440 937 3491 congruum
955 3428 996 3476 bio
1014 3429 1164 3477 femininum

51 3511 132 3561 genus
151 3510 204 3545 esse
222 3496 279 3559 quis
297 3494 418 3560 negabit?
445 3493 519 3560 Sapit
537 3494 626 3556 etiam,
649 3494 734 3559 siquid
752 3510 799 3558 ego
816 3494 916 3558 iudico,
933 3511 1027 3544 morem
1043 3496 1164 3546 Horatia·

52 3580 126 3623 num,
154 3568 179 3612 et
203 3563 333 3627 ingenium
359 3563 468 3613 uorandi
493 3562 614 3612 sermonis
632 3562 831 3628 cupidissimum.
867 3562 1013 3612 Priscianus
1030 3579 1087 3627 pag.
1106 3565 1163 3615 658.

52 3634 95 3681 bic
113 3636 139 3680 el
157 3632 221 3680 baec
240 3631 313 3696 lepus
330 3632 415 3697 prisce
433 3632 583 3682 anctoritate
600 3630 652 3680 dici
676 3636 809 3680 memorat:
838 3630 903 3693 quod
927 3630 1040 3679 fortassis
1063 3647 1092 3679 ex
1116 3631 1163 3680 boc

52 3702 108 3764 ipso
126 3698 183 3748 loco
201 3699 308 3763 petitum
326 3698 429 3758 babuit;
453 3699 492 3747 vel
510 3699 531 3748 si
550 3715 579 3748 ex
598 3698 648 3748 alio
666 3698 789 3762 scriptore
807 3698 891 3747 nescio
910 3713 972 3762 quo,
997 3703 1106 3747 atcerte
1125 3697 1163 3747 vel

52 3769 96 3828 sic,
115 3784 181 3816 novo
200 3767 298 3817 demum
315 3767 422 3817 tibicine
439 3767 501 3816 haec
518 3766 594 3816 lectio
612 3766 724 3816 fulcitur.
751 3765 824 3819 Quod
848 3764 869 3813 si
891 3765 988 3830 spernis
1012 3766 1075 3825 ista,
1100 3780 1163 3829 quae

52 3836 198 3885 Priscianus
216 3835 286 3885 nnllo
304 3841 367 3885 teste
384 3834 515 3901 producit3
543 3834 594 3884 imo
612 3851 677 3895 vero,
696 3835 717 3883 si
735 3848 859 3896 nusquam
877 3848 1023 3897 quemquam
1043 3833 1112 3882 lanc
1130 3833 1165 3882 le·

52 3918 143 3968 norem
161 3903 255 3955 dixisse
273 3903 447 3954 concedimus:
465 3903 548 3953 nihilo
566 3910 649 3952 tamon
668 3902 751 3951 minus
768 3900 899 3961 fecundae
916 3904 941 3949 et
958 3900 1056 3949 doctior
1073 3905 1164 3967 etpro-

52 3971 163 4021 babilior
180 3971 222 4021 bic
240 3971 316 4022 lectio
334 3973 396 4033 erit,
420 3987 494 4038 quam
512 3970 628 4032 ferrendi.
663 3972 702 4019 Ita
721 3969 825 4018 Plautus
843 3969 870 4017 in
889 3967 976 4018 Sticho
994 3969 1020 4031 I,
1039 3970 1061 4020 3.
1080 3985 1103 4020 r.
1125 3971 1163 4019 14.

52 4039 165 4102 „cradivi
180 4054 258 4105 saepe
275 4041 324 4090 boc
341 4041 423 4105 urelgo
442 4040 541 4103 dicier,
570 4039 661 4089 Solere
684 4038 852 4102 elephantum
877 4037 1006 4100 gravidam
1023 4041 1164 4102 perpetrans
1212 4037 1214 4043 ’

53 4109 141 4157 decem
150 4107 338 4159 Esseannos“:
357 4108 441 4158 noluit
458 4109 540 4157 dicere
556 4106 707 4171 gravidam,
727 4104 839 4170 quamvis
857 4119 929 4154 nemo
947 4103 1010 4153 alies
1029 4104 1097 4154 banc
1114 4103 1163 4153 ele·

53 4177 183 4240 plantum
200 4176 240 4226 vel
263 4176 340 4227 fando
357 4176 463 4227 audivit.
497 4177 538 4224 Ita
560 4176 615 4240 ipsc
632 4174 733 4223 Plinius
750 4172 801 4232 IX,
827 4173 865 4224 18.
894 4173 920 4235 [ξ
938 4174 981 4234 ΙΙ]
1015 4171 1164 4237 „Cordylas

53 4242 226 4309 appellantur
245 4244 406 4313 Thynnorum
430 4248 533 4309 parlier,
560 4245 607 4307 qni
630 4242 710 4291 foetas
729 4241 866 4291 redeuntes
884 4244 911 4289 in
929 4256 1004 4290 mare
1023 4246 1165 4290 arrcnsmno

103 4346 212 4386 Horatius.
226 4345 243 4386 Ι.
932 4327 959 4374 3¹
