2834 4758
214 246 275 306 334
600 256 631 316 a.
654 255 796 304 nonnum
816 255 940 303 runem

296 392 439 475 Remque
459 392 635 456 Romanam
657 390 862 473 Latiumque)
884 390 961 455 felix

212 527 246 575 tis
271 525 363 586 codex,
389 530 414 574 et
438 541 485 590 pro
510 526 581 575 varia
603 525 715 575 lectione
734 526 890 576 Graevianus
913 541 971 575 eum
988 525 1133 575 Ratteliano
1160 540 1225 574 aras
1242 524 1362 573 habent
1415 573 1416 590 ,

211 609 263 643 non
282 609 364 643 arces.
392 597 475 658 Atque
493 593 564 642 illam
581 593 716 643 lectionem
734 595 851 658 agnoscit
866 594 1039 659 Porphyrion:
1058 594 1223 658 „Apparct,“
1240 592 1359 655 inquit,

213 666 283 726 „iam
303 677 332 711 eo
352 666 469 727 tempore
487 662 519 710 ab
538 662 660 725 Augusto
680 661 831 711 dedicatum
848 661 932 721 suinae
950 665 979 710 ire
997 662 1101 711 Palatio
1119 660 1255 726 Apollinis
1281 666 1358 708 tem·

210 730 301 795 plum:
320 734 455 779 etaemus
472 734 517 790 eat,
536 728 568 778 Se'
583 735 705 794 acceptas
722 745 778 778 aras
797 729 994 795 tabetApolla,
1011 744 1079 794 quae
1094 732 1123 778 in
1138 727 1244 778 Palatio
1265 727 1358 776 dedi·

213 798 395 847 catnesun1.“
425 794 515 846 cetera
532 797 685 862 exemplaria
703 813 760 846 eum
778 798 869 862 priscis
887 795 1044 848 editionibus
1062 813 1145 859 arcer,
1163 796 1211 856 vel,
1228 800 1260 844 nt
1282 795 1360 844 Lei·

212 866 297 915 densis
314 868 407 926 noster,
427 867 497 914 arcu
515 865 634 914 retinent.
662 866 728 915 Sane
746 882 809 915 aras
826 870 852 915 et
870 868 941 914 arcis
955 871 1006 914 tam
1022 864 1118 914 similes
1132 862 1228 914 habent
1244 863 1358 913 ductus

210 934 349 992 literarum,
368 937 398 981 ut
414 932 541 993 librarios,
559 934 636 982 etiam
647 934 751 982 minime
766 934 914 997 lippientes,
931 933 1007 994 facile
1022 934 1137 996 decipere
1150 937 1264 997 possent.
1302 932 1358 980 Sic

211 1002 239 1050 in
258 1000 388 1051 Ciceronis
406 1000 474 1049 Orat.
493 1016 540 1065 pro
557 1001 638 1051 Balbo
656 1017 677 1051 c.
698 1004 738 1053 17.
754 1001 780 1066 [ξ
799 1003 841 1063 39]
865 1000 938 1064 „Oui
954 1007 982 1050 et
997 1006 1109 1051 ueterem
1126 1000 1203 1050 illam
1221 1002 1354 1065 speciem

211 1069 326 1129 foederis
343 1068 483 1118 lllarce'aai
498 1084 602 1133 seraper
619 1071 693 1119 orani
709 1084 766 1118 aree
785 1069 923 1119 durarunt
944 1070 1138 1120 sanctiorcm“:
1165 1067 1356 1130 exscriptores

210 1136 275 1186 illud
294 1152 356 1186 arce
373 1134 561 1186 substituerunt
579 1153 624 1200 pro
643 1152 701 1199 ara,
721 1147 748 1185 ut
765 1142 833 1186 reete
851 1136 965 1202 reposuit
982 1136 1131 1199 Lambinus,
1148 1135 1244 1185 frustra
1262 1135 1353 1184 obni-

212 1202 324 1255 tentibus
342 1204 480 1253 Gnlielmio
498 1209 523 1253 et
541 1205 657 1254 Grutero.
683 1203 778 1254 Contra
795 1205 863 1270 apud
881 1205 998 1255 Taciturn
1015 1204 1107 1256 Annal.
1124 1203 1171 1265 Xl,
1190 1205 1231 1254 23.
1257 1202 1357 1267 Capi·

213 1273 277 1323 tolio
297 1277 322 1321 et
339 1288 389 1321 ara
407 1271 535 1332 llomarra,
554 1273 715 1322 membranae
739 1273 886 1336 praeferunt
910 1288 958 1338 pro
976 1289 1052 1333 arcc;
1083 1279 1112 1321 ut
1138 1273 1188 1321 iarn
1215 1270 1353 1320 viderunt

210 1339 305 1391 eruditi
322 1339 360 1388 ibi
378 1340 536 1403 interpretes.
565 1339 638 1396 Quod
656 1341 687 1390 ad
705 1340 792 1390 Flacci
809 1342 877 1391 hunc
895 1341 978 1390 locum
994 1341 1095 1399 attinet,
1114 1345 1221 1403 utraque
1233 1339 1355 1403 quidem

210 1409 287 1458 lectio
304 1406 385 1470 proba
402 1413 440 1457 est
457 1413 482 1457 et
502 1415 618 1468 venusta;
646 1414 675 1458 ut
693 1410 791 1458 nescias
809 1409 875 1470 fere,
901 1409 955 1458 utri
973 1410 1070 1472 priores
1093 1416 1178 1473 partes
1202 1408 1258 1456 iure
1284 1406 1356 1455 sint

211 1474 367 1526 deferendae.
403 1475 495 1524 Verum
515 1477 582 1525 enim
601 1480 652 1538 est,
679 1476 706 1525 in
724 1476 824 1526 Palatio
843 1475 966 1542 templum
983 1477 1099 1542 Apollini
1117 1476 1250 1526 eonditum
1273 1490 1349 1537 esse,

211 1543 276 1593 unde
303 1547 389 1592 noster
406 1543 490 1607 Epist.
509 1545 535 1604 I,
561 1546 591 1604 3⁸,
622 1546 660 1595 17.
704 1544 833 1608 „Scripta
862 1544 997 1594 Palatinus
1027 1559 1208 1609 qreaamcmquc
1235 1545 1349 1606 recepit

210 1610 329 1675 Apollo.“
362 1611 510 1675 Propertius
529 1611 573 1673 IV,
592 1616 615 1664 6.
641 1615 674 1674 [v.
694 1614 734 1673 11]
760 1611 871 1676 „Mearm
894 1612 1180 1678 Palatinilrelirramua
1204 1610 1352 1674 Apollinis

210 1679 322 1729 aedem.“
341 1683 366 1728 et
384 1679 489 1728 Ovidius
507 1680 608 1728 Metam.
626 1679 691 1742 XV,
717 1682 775 1733 865.
801 1679 953 1745 „Vestaque
973 1680 1113 1730 Caesareos
1137 1683 1350 1728 intermerata

211 1748 330 1808 Penates,
348 1745 461 1796 Etcum
482 1747 611 1797 Caesarea
629 1754 666 1811 tu,
684 1748 785 1797 Phoebe
803 1749 947 1808 domestice,
967 1747 1074 1798 Vesta.“
1093 1752 1118 1797 et
1128 1747 1174 1797 alii
1183 1745 1348 1811 complures.

210 1817 287 1866 Recte
310 1814 391 1878 igitur
414 1813 491 1864 habet
508 1815 648 1865 Palatinas
672 1831 742 1866 aras.
778 1817 868 1866 Lectio
892 1820 977 1867 tamen
1002 1816 1081 1866 altera
1103 1815 1190 1865 nescio
1208 1813 1350 1878 quomodo

207 1884 290 1948 magis
308 1883 417 1944 arridet;
441 1899 498 1932 eum
515 1885 576 1947 quia
594 1899 669 1933 areca
687 1885 815 1948 poeticum
832 1885 914 1948 magis
932 1889 958 1937 et
981 1884 1116 1948 figuratius
1138 1883 1257 1942 videtur3
1279 1887 1358 1931 tum‘

211 1953 269 2016 quia
291 1956 394 2016 praeter
417 1951 518 2000 domum
542 1952 653 2015 Augusti
676 1951 819 2002 Palatinam
843 1953 919 2002 etiam
942 1952 1028 2016 ipsum
1052 1952 1180 2016 Apollinis
1208 1950 1348 2015 ternplum

210 2035 285 2070 sensu
311 2018 509 2082 comprehendit.
546 2021 587 2069 Ita
604 2019 695 2084 Virgil.
714 2023 776 2071 Aen.
795 2020 846 2082 XI,
870 2023 928 2071 477.
965 2018 1038 2083 „Nec
1065 2035 1119 2069 non
1149 2018 1186 2069 ad
1211 2017 1345 2082 templum
1415 2051 1416 2064 r

125 2084 127 2088 ⁴
208 2102 378 2151 aremmaaque
395 2086 433 2137 ad
450 2086 567 2136 Pallados
585 2103 655 2137 arces
673 2087 835 2138 Suboelritur
852 2103 953 2152 magua
965 2091 1187 2152 matrumregiaa
1199 2087 1344 2137 caterua.“

208 2156 302 2204 Noster
320 2159 394 2204 antea
412 2170 485 2203 versu
505 2156 627 2218 septimo:
656 2154 730 2220 „aaa
749 2157 844 2220 quibus
862 2161 959 2222 septem
975 2156 1102 2220 placuere
1120 2155 1223 2211 colles‚“
1260 2151 1348 2203 Olau-

209 2224 300 2273 dianus
318 2222 390 2272 Bello
409 2223 545 2272 Gildouico
562 2240 586 2272 v.
598 2224 655 2275 119.
673 2229 774 2288 „tuque
792 2240 816 2286 o,
834 2226 860 2273 ai
875 2229 970 2289 sponte
985 2239 1036 2288 per
1055 2223 1139 2275 altum
1158 2222 1187 2273 V
1184 2228 1241 2272 ecta
1261 2222 1344 2271 Pala·

208 2291 271 2340 tinis
288 2293 400 2341 mutasti
416 2289 525 2340 collibus
543 2291 646 2341 Idam.“
677 2290 761 2341 Colles
779 2296 863 2342 autem
881 2292 925 2342 isti
942 2292 1038 2357 passim
1056 2291 1124 2357 apud
1143 2293 1234 2340 Poetas
1258 2306 1344 2340 arces·

208 2364 339 2410 vocantur.
369 2358 439 2408 ldem
457 2360 485 2408 in
503 2358 547 2408 Vl.
567 2358 641 2408 Gens.
658 2360 769 2409 Honorii
788 2376 811 2410 v.
830 2362 888 2412 617.
907 2375 1032 2424 ,maeque
1050 2359 1346 2421 totialutouatAugu·

208 2433 278 2477 etum
297 2428 410 2491 septenis
428 2427 529 2477 arcibus
547 2426 652 2477 Echo.“
676 2431 700 2477 et
718 2426 801 2477 Oarm.
818 2427 885 2488 XII,
911 2430 941 2480 te
961 2428 999 2490 [in
1016 2431 1090 2492 nupt.
1107 2427 1205 2477 Honor.
1225 2431 1251 2476 et
1269 2426 1339 2476 Mar.

208 2495 266 2545 lese.
286 2512 309 2545 v.
320 2498 353 2548 60
372 2496 424 2544 sire
443 2494 523 2546 Carm.
534 2495 569 2546 11.
588 2512 610 2545 v.
624 2497 664 2557 19]
682 2496 793 2558 „Aurea
804 2496 1014 2561 septemgeminas
1024 2493 1107 2545 Roma
1118 2500 1228 2545 coronet
1237 2497 1343 2544 arcea.“

208 2569 233 2613 et
251 2564 278 2612 II
297 2562 370 2612 Gens.
390 2562 541 2613 Stilichonis
568 2579 591 2612 v.
610 2566 651 2616 30.
686 2561 767 2627 „Nau
793 2563 876 2613 elium
901 2568 972 2613 certe
988 2565 1116 2613 Romanae
1140 2562 1241 2613 clarita
1263 2577 1342 2613 arces

209 2630 354 2696 Sraaeepere
372 2629 492 2680 duecm.“
526 2630 618 2695 Virgil.
637 2632 728 2696 Georg.
753 2632 794 2694 II,
823 2634 879 2684 172,
915 2631 1065 2695 „imbellem
1089 2633 1186 2681 avertas
1210 2631 1342 2680 Romanis

208 2698 309 2748 arcibus
328 2696 452 2747 ludum“
469 2702 495 2748 et
512 2699 574 2747 Aen.
583 2699 615 2761 X,
637 2701 675 2750 12.
701 2697 784 2762 „Cum
796 2700 856 2761 sera
868 2698 1003 2763 Carthago
1011 2699 1132 2749 Romanis
1150 2697 1251 2761 arcibus
1270 2699 1340 2748 olim

208 2765 331 2816 Exilium
354 2779 482 2828 magnum
506 2771 586 2830 atque
608 2767 691 2831 Alpes
715 2770 840 2817 immittet
862 2769 998 2832 aportas.“
1033 2768 1131 2817 Statius
1155 2766 1217 2816 silv.
1236 2767 1286 2832 ΙΙΙ,
1309 2769 1337 2820 4.

210 2836 241 2895 [v.
261 2834 303 2894 32]
322 2836 404 2893 „trane
421 2834 555 2896 Ausonias,
573 2836 621 2897 ait,
640 2837 691 2885 ibis
709 2835 745 2884 ad
762 2838 868 2886 arces?“
886 2840 912 2886 et
929 2835 974 2897 IV,
1000 2837 1024 2887 4.
1045 2838 1077 2898 [v.
1095 2836 1121 2897 4]
1158 2834 1264 2899 „Atque
1288 2836 1343 2884 retr*

207 2900 343 2951 Romuleas
361 2900 440 2950 nelca
456 2906 639 2965 penetraveris
656 2905 753 2954 arces.“
990 2903 993 2908 ’

276 2970 316 3021 66.
334 2966 449 3033 demque
467 2966 614 3019 Romanum
632 2969 793 3035 Latiumque
810 2968 888 3033 felia]
906 2970 1047 3034 Ambiguus
1064 2969 1143 3032 locus,
1161 2974 1187 3019 et
1202 2969 1335 3019 variarum
1412 2994 1416 2997 v

207 3038 425 3088 constructionum
443 3052 536 3101 capax:
556 3037 605 3101 „Si
621 3039 763 3089 Palatinas
781 3038 853 3088 videt
871 3053 970 3103 aequus
989 3054 1077 3102 arces,
1104 3036 1218 3102 Itemque
1236 3034 1335 3087 Roma-

206 3122 282 3168 nam,
300 3105 461 3170 Latiamque
477 3104 560 3168 felia,
582 3106 704 3156 Alterum
722 3110 751 3155 r'n
770 3106 896 3167 lustrum,
920 3106 1065 3171 meliusque
1081 3121 1184 3171 semper
1200 3105 1335 3170 Prorogat

207 3176 327 3223 acorem.“
362 3171 413 3222 Ubi
431 3173 585 3222 Scholiastes
603 3173 777 3238 Cruquianus:
796 3172 900 3238 „Fallat
918 3174 1065 3224 secundia:
1083 3175 1201 3238 retpoe'la
1220 3175 1295 3236 (Aen.
1309 3175 1339 3236 1,

207 3244 275 3306 334.)
290 3236 345 3291 ‘Sir
362 3241 432 3304 lelix,
451 3246 624 3306 nostrumque
642 3242 709 3291 leuca
721 3257 901 3306 quaecumque
913 3236 1066 3293 laborem'f‘
1091 3241 1200 3292 Erudite
1213 3242 1337 3305 quidem:

206 3309 249 3358 sed
267 3324 324 3358 cum
342 3309 370 3357 in
388 3308 473 3372 priore
490 3325 564 3359 versu
583 3325 683 3374 aequus
700 3310 797 3375 Apollo
823 3309 937 3370 dicatur,
962 3325 1013 3358 non
1037 3310 1170 3369 convenit,
1197 3313 1227 3357 ut
1244 3309 1332 3360 eadem

205 3376 282 3442 plane
306 3375 495 3440 significatione
521 3376 591 3436 selim
616 3378 738 3427 continuo
765 3381 876 3427 vocetur.
913 3377 1030 3427 Deterins
1057 3384 1141 3427 tamen
1167 3377 1332 3438 recentiores,

205 3445 250 3508 qui
268 3444 305 3492 sic
323 3441 400 3492 rerba
417 3444 591 3506 constituunt3
614 3446 764 3510 „Prorogat
780 3461 836 3495 rem
854 3443 1011 3508 Romanam,
1030 3444 1188 3510 Latiumque
1204 3443 1283 3505 salim,
1302 3447 1332 3495 ira

206 3511 320 3562 alterum
345 3511 458 3561 lustrum
483 3516 509 3561 ct
531 3516 560 3562 iu
582 3514 678 3563 melias
701 3529 803 3578 seraper
829 3517 948 3564 aeuum.“
987 3513 1114 3577 Equidem
1140 3528 1192 3562 non
1219 3511 1334 3573 indcior,

206 3579 270 3645 quin
296 3578 347 3629 alio
370 3579 398 3627 in
422 3579 478 3628 loeo
503 3579 574 3640 felia
590 3581 700 3632 Latium
718 3586 785 3631 recte
803 3581 856 3631 diei
874 3586 964 3645 queat;
990 3585 1020 3630 ut
1038 3581 1136 3631 Statius
1155 3580 1218 3629 Silv.
1237 3581 1286 3643 III,
1305 3583 1329 3633 3.

206 3652 239 3711 [v.
258 3650 300 3709 51]
319 3649 436 3711 „premit
451 3647 513 3697 felix
530 3663 624 3713 regum
643 3649 794 3700 diademata
813 3650 919 3699 Roma.“
952 3648 1046 3699 Verum
1063 3649 1105 3699 hic
1124 3648 1227 3712 quidem
1245 3650 1335 3698 minua<

204 3721 263 3781 apte
281 3715 453 3765 inculcaretur
470 3716 535 3767 illud
553 3717 698 3781 epitheton:
724 3718 751 3767 id
769 3716 837 3766 enim
854 3718 906 3767 iam
925 3717 1018 3767 lactum
1035 3732 1088 3766 esse
1104 3715 1240 3781 significat,
1260 3715 1329 3781 quod

204 3784 235 3835 ab
261 3783 381 3850 Apolline
407 3788 514 3834 conatur
539 3783 657 3849 precibus
683 3786 825 3851 impetrare.
868 3785 933 3835 Tum
957 3789 1087 3850 praeterea
1112 3784 1182 3843 felia
1208 3799 1224 3833 a
1249 3783 1329 3834 Latio

204 3851 401 3917 disiungendum
426 3867 480 3902 esse
505 3853 617 3903 ostendit
642 3854 714 3904 locus
739 3853 821 3902 Ennii
846 3853 937 3905 Annal.
964 3854 984 3901 Ι.
1012 3856 1044 3916 [v.
1068 3854 1119 3903 454
1142 3851 1236 3913 vahla,
1262 3852 1335 3902 unde

204 3921 297 3970 Noster
314 3920 376 3970 haec
394 3919 469 3969 verba
487 3925 617 3971 mutuatus
635 3926 686 3983 est,
710 3920 832 3985 „Audire
850 3926 889 3970 ert
911 3937 1008 3986 operae
1030 3923 1160 3985 pretim
1185 3920 1334 3981 procedere

204 3993 274 4038 recte
294 3986 347 4050 Qui
363 4002 416 4036 rem
433 3988 587 4050 Romanam,
613 3988 767 4052 Latiumque
786 4003 927 4053 augescere
944 3989 1049 4039 aaltia.“
1084 3988 1164 4038 Varro
1188 3987 1257 4052 apud
1274 3987 1327 4037 No·

204 4056 276 4104 nium
293 4055 321 4105 in
339 4055 461 4103 Nutritur
481 4056 517 4119 [p.
537 4057 586 4108 478
605 4057 701 4119 Merc.].
734 4055 844 4118 ‚,Natia,
863 4072 928 4121 quoa
946 4055 1087 4122 Menippea
1106 4057 1223 4106 haeresia
1240 4060 1327 4105 mutri-

205 4128 266 4172 cata
292 4128 343 4183 ert,
373 4127 473 4171 tutores
500 4123 548 4186 do,
573 4118 639 4186 ‘Qui
655 4140 708 4174 rem
724 4125 864 4174 Romanam
881 4125 1035 4189 Latiumque
1053 4139 1196 4188 augescere
1213 4117 1326 4173 uoltia’.“

205 4188 295 4243 Qualis
313 4193 398 4238 eutem
415 4191 528 4253 precatio
547 4195 626 4251 esset,
649 4198 778 4256 proroget
795 4191 903 4243 tatium
920 4191 990 4253 felia
1007 4195 1036 4243 ia
1054 4193 1170 4242 alterum
1193 4190 1332 4241 lustrum?
