2834 4758
178 199 241 262 282
573 210 605 270 q.
627 209 769 257 nostru
789 210 913 259 ennom

264 345 350 425 Quid
371 344 485 410 attinet
505 349 552 409 tot
574 364 631 408 ora
651 343 781 409 navium
803 344 896 426 gravi

306 433 456 496 Rostrata
478 429 552 494 duci
573 429 715 514 pondere

265 517 384 582 Contra
405 515 546 579 latrones
568 520 664 596 atque
686 513 834 579 servilem
856 517 1008 579 manum?

222 613 253 664 20
309 602 388 680 Hoc,
410 599 471 665 hoc
493 599 619 665 tribuno
642 598 788 663 militum.

399 869 452 935 IN
490 766 1085 935 unuluthnd‘vuuuuluhu.
1142 882 1144 885 ’

265 991 308 1055 At
330 991 349 1053 O
369 988 511 1053 Deorum
534 987 686 1070 quioquid
708 987 740 1051 in
763 985 852 1052 caelo
874 985 957 1069 regit

308 1076 426 1139 Terras
449 1079 480 1139 et
501 1072 676 1137 humanum
698 1090 812 1154 genua,

182 1230 230 1293 qui
251 1242 300 1276 uer
324 1225 452 1290 distinxit,
478 1224 600 1274 Othoni.“
634 1223 685 1274 Ubi
709 1228 781 1273 vetus
804 1222 971 1273 scholiastes:
996 1221 1082 1288 „Legi
1106 1223 1227 1285 ottonis,
1255 1238 1320 1288 qua

181 1297 260 1346 iussit
283 1310 340 1357 eos,
364 1295 412 1358 qui
434 1293 695 1359 quadringentorum
717 1294 899 1342 sestertiorum
924 1291 1053 1341 traderent
1074 1291 1184 1355 reditur,
1209 1294 1241 1339 iu
1259 1307 1321 1341 uu·

181 1378 254 1414 mero
277 1361 406 1426 Equitum
430 1361 511 1413 033οέ(
545 1360 615 1411 Hinc
637 1363 708 1426 patet
730 1359 771 1409 vel
795 1356 952 1426 spedadieua
976 1359 1102 1424 Libertas,
1126 1360 1146 1409 si
1171 1358 1203 1408 ad
1223 1358 1318 1410 0000

181 1430 292 1482 millium
314 1444 418 1478 censum
444 1429 520 1479 semel
542 1430 727 1494 pervenissent,
753 1443 783 1476 eo
806 1428 863 1492 ipso
886 1427 985 1491 equites
1007 1427 1093 1477 tuisse.
1130 1426 1234 1488 Contra,
1262 1445 1320 1494 per

182 1498 286 1550 eandem
304 1497 385 1561 legem
403 1495 528 1561 ingenuos
546 1503 571 1547 et
588 1497 708 1561 ingenuis
732 1502 878 1560 prognatos,
903 1494 926 1544 si
943 1494 1008 1545 forte
1025 1495 1093 1545 intra
1109 1495 1183 1545 illum
1201 1511 1318 1548 censum

183 1565 346 1627 decidissent,
364 1563 434 1629 plebi
452 1566 581 1616 accenseri
598 1564 704 1626 solitos,
730 1565 824 1613 Noster
840 1563 896 1628 ipse
915 1562 982 1613 clare
1000 1563 1073 1613 docet
1087 1565 1172 1628 Epist.
1183 1565 1204 1627 1,
1224 1567 1248 1630 1,
1265 1568 1317 1618 58.

183 1635 252 1700 „usa
274 1635 380 1683 animus
398 1634 454 1695 tibi,
477 1638 541 1683 sunt
563 1649 649 1684 mores
668 1637 693 1682 et
711 1632 807 1696 lingua
823 1631 957 1696 fidesque:
983 1630 1014 1681 Si
1037 1632 1231 1697 quadringentis
1257 1650 1317 1684 sea:

182 1708 280 1769 septem
297 1700 384 1751 millia
403 1701 505 1764 desunt,
523 1701 598 1752 Plebs
617 1704 676 1751 eris.
713 1699 814 1762 Roscia,
833 1699 877 1749 dic
894 1698 977 1761 rader,
996 1701 1093 1750 metior
1118 1700 1168 1764 lex,
1187 1717 1222 1751 au
1239 1717 1318 1767 pue·

183 1785 277 1821 rorum
294 1767 401 1819 Naeuia
412 1772 441 1822 t“
476 1769 566 1819 Adhuc
584 1770 666 1834 igitur
699 1767 869 1833 quaerendum
893 1772 946 1828 est,
977 1768 1040 1832 quid
1064 1767 1115 1818 sibi
1139 1770 1189 1818 ista
1211 1769 1311 1833 velint,

185 1841 286 1890 Othone
310 1842 454 1888 contemta:
479 1837 550 1887 nullo
576 1838 644 1887 enim
661 1836 726 1886 tulta
752 1842 813 1886 sunt
836 1834 952 1896 tibicine,
977 1851 1041 1900 quae
1065 1836 1134 1886 docti
1151 1837 1315 1902 interpretes

182 1909 305 1958 hactenus
328 1905 479 1957 attulerunt.
513 1905 602 1969 Neque
626 1905 702 1969 longe
727 1920 757 1954 ea
780 1904 811 1955 de
835 1919 924 1954 caussa
940 1904 1151 1969 proficiscendum
1168 1909 1220 1954 est:
1248 1921 1316 1957 ecee

184 1975 252 2026 enim
269 1975 319 2024 tibi
336 1990 350 2023 e
367 1974 450 2023 media
468 1989 495 2023 re
513 1977 539 2023 et
555 1973 620 2038 ipsis
639 1989 670 2023 cx
686 1971 769 2023 verbis
787 1977 933 2022 nascentem
950 1971 1153 2037 explicationem,
1173 1988 1236 2037 quae
1253 1989 1314 2023 om-

183 2060 248 2105 nem,
267 2048 296 2091 ut
313 2042 413 2106 opinor,
431 2057 564 2092 numerum
576 2040 707 2091 absolvet:
727 2040 929 2106 „Sedititusque
942 2055 1057 2105 maguus
1069 2043 1098 2090 iu
1112 2044 1209 2107 primis
1218 2057 1313 2106 eques,

185 2112 285 2162 Othone
304 2114 442 2173 contemto,
459 2109 557 2160 redere
583 2110 611 2159 si
629 2110 692 2174 iure,
711 2108 806 2172 inquis,
823 2113 853 2158 ut
869 2124 954 2172 eques,
972 2110 1000 2158 in
1019 2108 1221 2173 quattuordecim
1238 2109 1317 2160 sedit:

183 2181 287 2238 Maena;
306 2193 352 2228 cur
369 2177 472 2227 additur
491 2177 592 2228 Othone
610 2178 759 2228 conterrita?
782 2178 848 2227 Eam
865 2178 948 2241 ipsam
965 2177 997 2226 ob
1015 2178 1149 2240 rationem,
1166 2177 1233 2233 Quia
1250 2178 1312 2229 iure

183 2248 221 2297 ihi
244 2247 318 2297 sedit.
354 2244 475 2296 Vetuerat
498 2246 566 2295 enirn
583 2246 613 2297 L.
632 2245 739 2295 Roscius
758 2245 832 2307 Otho,
856 2244 947 2310 nequis
964 2244 1032 2295 intra
1050 2244 1132 2296 0000.
1149 2246 1185 2296 M.
1203 2261 1313 2297 censum

183 2317 211 2364 in
229 2314 350 2380 gradibus
373 2314 426 2363 illis
450 2314 555 2364 sederet.
591 2313 715 2379 Quisquis
740 2314 828 2377 igitur,
852 2318 881 2363 nt
898 2313 998 2375 hiaena,
1016 2329 1095 2379 supra
1111 2313 1185 2363 illum
1202 2329 1313 2365 censum

183 2383 258 2447 longe
283 2386 383 2432 evectus
400 2382 458 2443 tuit,
484 2388 651 2433 contemnere
667 2382 754 2448 potuit
771 2381 903 2444 Othonem,
921 2387 947 2431 ot
963 2381 1016 2446 legi
1033 2382 1087 2431 eius
1105 2383 1209 2447 impune
1227 2397 1311 2448 oppe-

184 2453 249 2501 dere.
285 2450 353 2506 Ouid
379 2449 476 2500 reditus
501 2467 582 2511 meos,
607 2451 681 2511 Otho,
708 2449 808 2499 rimaris
841 2454 866 2499 st
891 2449 1021 2514 exploras;
1047 2449 1069 2498 si
1095 2449 1160 2500 forte
1183 2450 1238 2515 lege
1263 2455 1311 2501 tua

184 2520 317 2569 damnatus
346 2517 377 2567 de
401 2518 604 2582 quattuordecim
627 2517 750 2583 gradibus
773 2517 945 2567 deturbandus
969 2517 1035 2579 simi
1065 2534 1112 2582 ego
1135 2534 1195 2568 vero
1217 2534 1311 2569 census

183 2603 251 2637 meos
269 2587 332 2636 bene
350 2586 418 2646 nori,
437 2592 463 2634 et
481 2590 505 2635 te
517 2591 643 2650 tuamque
660 2586 742 2650 legem
760 2581 887 2651 οἰμώζειν
905 2586 987 2635 iubeo.
1014 2587 1069 2635 Iam
1085 2585 1193 2648 tandem,
1206 2587 1310 2651 opinor,

185 2653 319 2719 perspicis,
343 2667 393 2716 qua
415 2653 509 2702 fiducia
532 2653 611 2703 fretus
635 2654 727 2704 Maena
754 2653 880 2703 Othonem
903 2655 1073 2703 contemserit,
1117 2654 1166 2705 Sed
1191 2670 1221 2704 ea
1245 2670 1310 2705 caru·

188 2720 321 2770 :errraeudi
344 2719 500 2782 significatio
523 2720 601 2770 latuit
623 2722 665 2770 hic
691 2722 851 2787 interpretes.
888 2721 977 2772 Simile
995 2726 1079 2772 tamen
1097 2722 1159 2787 quid
1177 2722 1310 2774 Iuvenalis

186 2789 227 2853 [X,
248 2789 305 2849 123]
324 2785 401 2836 habet
424 2786 454 2837 de
478 2789 564 2838 Marco
581 2788 673 2851 Tullio,
698 2791 742 2854 qui
760 2787 883 2854 „Auiani
901 2789 1009 2854 gladios
1029 2793 1121 2855 patrui
1137 2796 1311 2853 contemnere,

184 2860 209 2907 si
224 2859 263 2906 sic
282 2855 376 2905 Omnia
395 2854 532 2907 araurem

254 2923 294 2978 17.
324 2921 373 2973 Tot
398 2939 447 2974 ora
464 2928 574 2976 navium
589 2928 680 2990 graui]
716 2925 798 2975 Iulius
816 2925 931 2990 Scaliger
948 2925 976 2975 in
994 2925 1174 2990 Hyparoritico
1193 2929 1228 2991 [p.
1247 2929 1310 2990 889]

184 2995 252 3044 hunc
270 2993 353 3043 locum
371 2991 407 3042 sio
425 2992 542 3058 castigat,
562 2992 633 3057 Quid
650 2996 747 3043 attinet
765 2998 804 3043 tot
820 3009 865 3043 ora
882 2995 992 3051 nauium
1008 2997 1091 3057 graui
1100 2992 1226 3045 Rostrata
1245 2995 1312 3045 duci

184 3062 320 3128 pandere?
338 3058 479 3125 „Ne.rcio“‚
497 3061 542 3123 ait,
561 3077 616 3125 „aa
633 3077 678 3111 ora
696 3061 816 3111 dicamus
834 3064 948 3119 nauium,
961 3068 1039 3123 recte,
1058 3064 1121 3126 quia
1141 3068 1166 3112 et
1182 3067 1311 3115 rostrum:

184 3146 246 3181 aam
272 3144 336 3179 saue
359 3133 469 3179 rostrum
494 3131 646 3180 triremibus
664 3134 709 3190 ert,
733 3145 761 3178 os
778 3145 833 3179 nau
851 3133 914 3180 est.“
949 3129 1066 3183 Mussant
1081 3130 1124 3179 hic
1143 3131 1311 3196 Interpretes,

186 3212 336 3264 quamquam
353 3197 417 3246 alias
434 3196 545 3247 libenter
562 3197 681 3247 adversus
705 3196 863 3262 scaligerum
886 3198 1030 3262 insurgunt.
1066 3198 1192 3262 Equidem
1210 3199 1310 3250 fatebor

186 3282 226 3316 me
244 3264 313 3329 apud
329 3265 455 3314 neminem
464 3267 598 3316 Poetarum
617 3281 646 3314 os
664 3268 741 3315 uariis
758 3264 896 3330 reperisse:
915 3281 996 3330 neque
1014 3271 1067 3315 tam
1085 3266 1238 3318 insolentem
1255 3284 1309 3318 me·

186 3333 318 3396 taphoram
342 3347 471 3395 excusare,
494 3332 587 3383 nedum
610 3332 733 3391 admirari,
754 3350 865 3398 possum.
901 3333 965 3383 Vide
982 3339 1074 3395 tamen,
1093 3350 1177 3385 annon
1196 3337 1262 3386 forte
1279 3336 1311 3386 in

185 3399 304 3450 librarios
322 3401 502 3450 transverenda
519 3402 554 3451 sit
571 3400 659 3464 siquae
676 3406 714 3450 cst
732 3402 815 3467 culpa,
835 3402 879 3466 qui
897 3402 1036 3451 oscitanter
1049 3417 1097 3467 pro
1116 3419 1180 3453 aera
1198 3403 1311 3468 legerint

186 3483 242 3519 ora.
278 3464 369 3528 „Quid
393 3470 488 3518 attinet
513 3474 552 3519 tot
568 3484 627 3518 aera
644 3472 754 3518 nauium
770 3473 852 3533 graui
869 3467 995 3520 Rostrata
1014 3471 1079 3519 deaei
1091 3473 1238 3536 pondere.“
1273 3473 1311 3523 Ut

185 3550 251 3587 aera
275 3539 394 3585 rostrata
411 3533 478 3585 idern
497 3536 531 3586 sit
554 3552 583 3585 ac
600 3542 691 3586 rostra
709 3542 816 3587 aerata:
841 3542 871 3587 ut
893 3537 959 3587 illud
977 3537 1082 3602 Virgilii
1101 3541 1138 3601 [A.
1149 3540 1196 3602 IX,
1218 3543 1264 3593 122
1283 3549 1312 3594 et

184 3604 217 3667 X,
235 3605 310 3665 223],
335 3602 424 3665 „Qaaot
436 3606 515 3669 prius
539 3609 638 3654 aeratae
661 3609 791 3655 steterant
813 3605 850 3655 ad
874 3607 955 3655 litora
976 3609 1091 3670 prorae.“
1126 3609 1218 3659 Rostra
1241 3610 1312 3661 enim

185 3690 241 3725 aere
258 3672 358 3722 munita
374 3670 452 3722 fuisse
469 3672 628 3722 notissimum
646 3676 697 3733 cst;
721 3673 789 3723 unde
806 3674 910 3724 Graecis
930 3688 1006 3723 naves
1020 3673 1201 3742 χαλκέμβολοι
1218 3679 1311 3729 aheni-

184 3746 288 3792 rostrae
305 3744 410 3790 vocatae
426 3744 493 3790 sunt.
517 3741 590 3790 Aera
606 3744 689 3790 autem
704 3743 821 3803 nauium,
839 3746 869 3791 ut
877 3741 1002 3805 Virgilius
1012 3744 1074 3792 Aen.
1084 3742 1130 3804 XI,
1141 3746 1198 3797 329.
1223 3748 1314 3809 „iacet

185 3812 270 3861 einais
293 3808 330 3858 ad
352 3807 452 3858 crudam
471 3808 610 3859 Materies:
635 3810 688 3874 ipsi
710 3825 902 3875 uuiaerumque
930 3810 1089 3874 modumque
1111 3812 1206 3863 carinis
1230 3816 1311 3865 stae-

185 3880 306 3943 ciptant:
324 3892 372 3926 uoa
390 3891 457 3940 aera,
474 3892 577 3939 raarrus,
596 3877 707 3926 naualia
725 3877 841 3926 denusf‘

256 3947 277 3996 1.
297 3945 334 3994 At
351 3960 365 3994 o
384 3944 495 3994 delirum
519 3944 648 4009 quicquid
666 3948 694 3993 iu
713 3946 785 3995 caela
804 3948 886 4009 regit]
905 3946 980 4010 Apud
998 3946 1145 3996 Diomedem
1163 3963 1189 4012 p.
1207 3950 1266 4001 527.
1285 3957 1313 4002 et
1415 4010 1416 4015 ,

186 4013 345 4062 Priscianum
372 4027 397 4076 p.
419 4014 492 4064 1105.
510 4012 547 4061 sic
571 4012 641 4062 locus
664 4012 706 4061 hie
730 4013 873 4074 adducitur,
899 4014 954 4079 „Aa
976 4030 990 4064 a
1010 4013 1119 4064 decretur
1146 4016 1264 4081 quisquis
1281 4021 1311 4069 ia

188 4080 260 4129 casto
287 4079 385 4143 regis“:
411 4080 484 4143 quale
508 4080 573 4130 illud
592 4082 701 4129 Senecae
719 4081 747 4129 in
766 4081 895 4145 Oedipode
913 4098 936 4129 r.
955 4083 1013 4134 248.
1049 4082 1188 4148 „Quisquis
1206 4085 1313 4137 deorum

187 4161 271 4208 regna
297 4147 421 4211 placatus
444 4147 540 4196 vides.“
580 4154 605 4196 et
631 4146 716 4196 Ovidii
741 4149 843 4199 Metam.
861 4149 883 4211 I,
907 4151 947 4201 32.
983 4149 1046 4212 „Sic
1072 4152 1120 4200 uti
1143 4150 1311 4217 dispositam,
