2842 4758
236 238 302 298 356
522 251 525 256 ·
633 245 667 307 n.
689 246 831 293 ιιιιιιιι
852 245 976 294 ιιιιιι

305 382 360 447 Ins
384 380 500 446 ieiuni:
528 399 568 446 ne
591 378 619 446 si
641 379 750 458 iacies,
773 385 809 445 ut
831 399 886 446 sae
910 399 938 459 ι,
961 378 1077 445 decora

303 402 429 533 Mollis
414 466 496 531 tulta
517 464 600 551 pede
622 470 687 542 est3
711 470 864 531 amtorem
886 401 984 530 ducat
971 462 1157 542 thiantcm,

307 550 402 629 Quod
448 488 578 617 ulchrae
600 551 720 627 clunes,
743 549 839 616 breve
862 548 948 632 quod
970 559 1077 634 caput,
1100 549 1204 614 ardua
1226 546 1355 613 cervix.

261 649 293 698 ιι
307 635 406 701 Hoc
397 572 445 699 illi
467 640 563 701 recte.
607 640 642 699 tu
664 634 806 720 corporis
828 635 954 734 optima
969 633 1091 718 Lyncei

306 721 530 805 Contemplare
552 720 669 798 oculis;
692 720 848 804 Hypsaea
869 718 1002 796 caecior,
1023 719 1082 784 illa

306 806 396 884 Quae
418 806 505 870 mala
527 809 611 882 sunt,
635 810 773 889 spectas
817 802 844 870 Ο
867 824 951 882 crus,
973 805 992 869 ὃ
1015 801 1160 868 brachia!
1189 820 1306 867 verum

274 923 297 955 ι.
317 908 357 958 88.
386 905 462 971 Vulg.
481 904 603 957 Indural.
645 906 687 957 90.
710 903 821 1025 ἑιὲιιὲι.
839 909 892 1022 ppt.
909 903 1032 971 Lyncea.
1074 906 1115 956 91.
1142 902 1340 969 Contemptcre.

793 987 889 1039 paces.

242 1058 296 1107 dua
315 1059 443 1108 ιιιυίιι11ε
472 1063 497 1108 ct
514 1055 627 1137 proinde
639 1056 667 1105 id
684 1056 822 1135 praecipue
840 1056 877 1105 eis
894 1054 1034 1106 carendum
1051 1059 1103 1116 est,
1126 1071 1159 1106 ne
1176 1056 1242 1106 tacis
1260 1056 1310 1105 illa
1329 1056 1376 1106 de·

240 1141 300 1175 cora
317 1125 387 1190 capti
405 1130 430 1175 et
454 1126 557 1176 deliniti
580 1125 674 1175 vitioso
695 1123 758 1204 pedi
781 1124 931 1188 ignoscant.
957 1123 1031 1186 aliis,
1059 1124 1105 1187 qui
1130 1138 1177 1188 pro
1203 1140 1231 1174 re
1257 1129 1374 1188 angusta

240 1193 345 1243 viliores
363 1193 579 1257 ignobilioresque
596 1191 702 1242 mercari
721 1192 811 1253 solent,
830 1208 882 1241 non
899 1207 947 1255 par
964 1195 1002 1241 est
1019 1191 1169 1257 perieulum.
1201 1193 1286 1256 Atque
1305 1193 1374 1242 haee

240 1261 342 1325 quidem
359 1276 389 1311 eo
406 1263 519 1312 exactius
537 1260 667 1339 prosecuti
680 1275 785 1339 sumus,
807 1274 866 1309 cum
883 1258 915 1308 oh
933 1274 1055 1308 summam
1073 1259 1159 1324 Lipsii
1176 1260 1373 1321 auctoritatem,

240 1336 294 1378 tum
311 1329 379 1392 quod
396 1331 519 1409 nuperius
536 1328 586 1378 duo
605 1328 655 1377 riri
678 1327 793 1391 insigues
811 1325 894 1377 Faber
910 1332 936 1377 at
952 1327 1075 1376 Decerius
1092 1341 1139 1391 pro
1156 1327 1269 1377 lectione
1286 1328 1373 1378 altera

240 1401 348 1461 apertos
366 1397 486 1446 acerrime
503 1395 699 1447 contenderunt.
724 1395 838 1450 Quorum
855 1399 939 1445 tamen
957 1395 1078 1456 rationes,
1096 1395 1118 1444 si
1136 1410 1193 1444 cunr
1211 1397 1253 1444 his
1271 1396 1373 1446 nostris

240 1468 439 1529 componantur,
463 1466 553 1514 inanes
578 1468 604 1513 et
621 1478 711 1528 pravas
728 1462 848 1526 reperies.
882 1461 932 1525 „Si
956 1463 1071 1528 operti‚“
1093 1462 1230 1526 inquiunt,
1258 1462 1375 1525 „forent

240 1534 308 1596 eqni,
327 1537 398 1581 certe
414 1533 535 1596 pulchrae
553 1533 619 1582 ittae
636 1532 724 1581 oluues
741 1533 771 1580 in
796 1532 870 1595 aqum
894 1545 948 1579 non
973 1536 1152 1595 appararent,
1179 1531 1254 1596 quod
1277 1537 1372 1582 tamen

241 1600 274 1649 ιι
292 1598 406 1649 tter-utto
429 1603 547 1665 peritam
573 1605 612 1650 ert
633 1597 875 1658 manifestissimc.“
910 1598 1040 1653 Quomodo
1058 1597 1132 1648 sodes
1153 1601 1292 1663 positum?
1317 1600 1372 1649 imo
1412 1630 1413 1635 =

240 1682 298 1716 vero
325 1669 481 1718 contrarium
506 1683 617 1733 prorsus.
654 1668 761 1732 Opertos
787 1666 856 1715 enim
881 1665 1040 1730 inspiciunt,
1066 1681 1100 1716 ne
1126 1665 1248 1730 pulchrae
1277 1667 1371 1717 clunes

240 1740 390 1799 appareant,
415 1740 441 1786 et
465 1743 584 1785 emtorem
607 1735 721 1785 hiantem
752 1733 854 1783 ducant.
897 1733 967 1788 Quid
984 1734 1032 1784 hoc
1062 1733 1274 1796 manifestiusi,
1276 1736 1326 1799 ,Ar
1348 1737 1374 1784 ri

240 1817 368 1868 equorum
386 1803 477 1853 clunes
495 1809 636 1868 apparent,
653 1803 701 1867 qni
718 1800 825 1851 tandem
842 1800 951 1865 pedes
939 1805 993 1866 syri
1009 1802 1092 1881 operti
1110 1803 1225 1851 ιιιιιι1111
1260 1772 1371 1862 lterum,

240 1869 341 1932 eboni,
360 1871 447 1921 eadem
465 1871 567 1933 chorda,
586 1874 612 1920 at
629 1870 731 1935 quidem
748 1870 858 1934 turpius.
893 1867 986 1918 Olunes
1003 1870 1071 1919 eninr
1088 1885 1141 1919 nou
1158 1876 1301 1934 apparent,
1326 1839 1371 1920 sed

240 1938 404 1988 occuluntur:
431 1938 522 2003 pedes
533 1954 592 1988 vero
616 1942 723 2018 ppcrtor
744 1936 785 1986 vel
807 1937 903 2001 tingere
920 1937 1059 1986 ridiculum
1083 1941 1128 1987 ιιι
1164 1937 1254 1988 Cetera
1279 1938 1369 1989 taedet

239 2006 363 2056 ventilare
381 2011 408 2056 ιι
424 2011 554 2057 excutere:
574 2021 605 2055 er
621 2005 655 2054 iis
673 2005 748 2066 enim,
767 2020 831 2068 quae
848 2006 901 2054 iam
918 2003 1036 2067 diximus,
1055 2009 1147 2070 sponte
1165 2021 1210 2055 sua
1229 2006 1372 2056 labascunt

241 2080 266 2124 et
284 2078 414 2124 corruunt.

308 2143 349 2194 88.
367 2141 503 2192 tinctorem
522 2140 636 2191 inducat
652 2136 779 2206 triantem]
797 2140 839 2188 Ita
855 2138 958 2204 quidem
976 2139 1040 2190 editi
1057 2144 1084 2189 et
1100 2140 1199 2204 scripti,
1218 2156 1283 2205 quos
1301 2141 1369 2191 vidi·

240 2226 303 2260 ιιιιιι.
339 2210 404 2259 Pace
423 2216 509 2259 tamen
527 2225 620 2269 eorum,
638 2205 787 2257 audebimus
804 2223 933 2272 reponere,
952 2207 1048 2269 „Metti
1062 2207 1135 2269 llrtta
1152 2207 1218 2272 pede
1236 2214 1290 2272 art,
1316 2224 1369 2258 em·

241 2282 323 2327 torem
343 2276 420 2327 ducat
437 2278 586 2327 triantcm“:
610 2275 837 2340 Elegantissimum
855 2279 922 2325 certe
940 2277 968 2324 in
985 2276 1033 2325 hac
1052 2274 1180 2325 sententia
1204 2276 1367 2326 vocabulum.

240 2344 371 2395 Indnccre
388 2345 456 2394 enim
475 2348 513 2394 est
530 2345 669 2394 universim
686 2342 838 2409 persuadere
856 2347 881 2392 at
906 2343 1019 2406 illicere,
1045 2344 1098 2393 sive
1125 2342 1188 2393 bene
1214 2344 1298 2406 cedat,
1324 2361 1368 2394 seu

240 2428 325 2462 secus:
351 2411 449 2463 ducere
466 2429 525 2462 vero
543 2416 582 2461 est
598 2412 663 2461 male
681 2412 840 2475 persuadere,
858 2411 930 2460 etin
948 2411 1060 2461 haudam
1079 2415 1106 2461 ιι
1121 2410 1242 2460 damnum
1258 2412 1368 2463 illicere.

239 2479 342 2531 Persius
360 2481 413 2531 Sat.
432 2480 463 2530 V.
481 2496 504 2529 ι.
525 2482 582 2532 176.
620 2478 683 2542 „tur
700 2480 780 2528 traici
795 2478 842 2528 itta
865 2481 922 2542 rai,
947 2480 1030 2545 palpo
1055 2494 1132 2543 quem
1156 2478 1228 2529 ducit
1251 2480 1368 2531 hiantem

241 2546 348 2598 Gratata
366 2550 476 2598 ambitio
484 2551 514 2601 ?“
549 2548 613 2603 Quis
631 2546 752 2611 ambigat,
778 2546 842 2609 quin
860 2547 1079 2611 frequentissimus
1097 2547 1184 2596 Flacci
1201 2548 1321 2598 imitator
1337 2548 1368 2598 ad

239 2616 307 2665 huuc
325 2616 410 2681 ipsum
427 2615 511 2664 locum
529 2615 684 2680 respexerit?
717 2614 809 2663 Noster
834 2615 890 2678 ipse
909 2617 987 2666 Sarm.
1006 2616 1090 2676 ΙΙ,’2.
1108 2631 1130 2666 ι.
1149 2615 1189 2666 35.
1226 2616 1327 2677 „Ducit
1345 2622 1368 2666 te

239 2685 346 2749 species,
364 2683 466 2732 uideo.“
494 2686 594 2748 specics
613 2687 638 2732 ta
655 2681 731 2732 ducit
747 2685 774 2732 et
790 2681 873 2743 fallit,
896 2682 972 2746 plane
991 2688 1019 2733 ut
1036 2683 1093 2742 hic,
1110 2682 1195 2743 facies
1214 2683 1300 2734 ducat
1317 2700 1367 2735 em·

241 2756 332 2800 torem.
367 2751 451 2816 Epist.
470 2750 506 2814 11,
524 2752 588 2802 ιι.
607 2752 648 2800 15.
684 2750 803 2814 „Iniuste
821 2755 905 2800 totum
929 2750 1001 2800 ducit
1024 2751 1144 2814 venitque
1166 2753 1291 2815 poemaf‘
1319 2754 1367 2803 hoo

240 2822 286 2881 est,
305 2817 377 2867 ducit
395 2821 514 2867 emtorem
532 2821 559 2868 ct
575 2817 749 2876 venundatur,
774 2821 804 2867 ut
820 2817 858 2867 ibi
876 2819 1053 2882 corrigendum
1071 2834 1124 2868 esse
1142 2834 1188 2867 suo
1205 2818 1263 2869 loco
1281 2825 1367 2870 ostsu-

240 2886 335 2936 demus.
371 2885 506 2935 Terentius
529 2885 596 2936 And.
615 2887 643 2949 Ι,
666 2887 690 2936 2.
717 2889 749 2949 [ι
768 2887 828 2947 9],
830 2884 872 2947 ,Ιά
888 2886 987 2947 votuit,
1011 2901 1061 2936 ιιοι
1085 2889 1125 2935 aie
1150 2900 1199 2935 nec
1225 2889 1367 2952 opinanter

240 2953 302 3004 duci
317 2953 389 3014 fatre
405 2952 537 3019 gandiof‘
563 2959 589 3003 ιι
611 2923 656 3015 IV,
682 2956 705 3004 1
724 2956 756 3017 [ι.
780 2955 823 3015 20]
850 2953 943 3016 „Quid
969 2955 1094 3005 tandem?
1119 2956 1200 3003 ιιίιιιι
1225 2970 1301 3005 ιιιιιι
1327 2971 1367 3006 me

239 3022 330 3072 ducere
356 3024 414 3071 istie
439 3020 517 3071 dictis
537 3021 696 3086 postntar?“
736 3019 852 3070 (letarum
876 3020 995 3071 facillime
1020 3025 1049 3071 in
1074 3021 1193 3071 adherere
1216 3023 1306 3087 potuit
1329 3023 1413 3090 τῷ

241 3090 323 3141 ducat
340 3106 370 3139 ex
388 3089 479 3139 ultima
496 3089 571 3139 litera
588 3104 615 3139 na
633 3090 702 3139 vocis
720 3088 904 3154 praecedentis

306 3160 349 3210 90.
367 3155 408 3208 Ne
426 3160 547 3222 corporis
565 3160 665 3236 optima
685 3155 808 3236 Lynceis]
827 3159 861 3206 st
878 3157 1030 3223 interpretes
1048 3173 1100 3206 non
1118 3173 1197 3220 usque
1216 3157 1281 3208 adeo
1297 3160 1365 3225 Lyn·

239 3225 291 3275 cais
314 3226 357 3275 hic
375 3242 434 3275 usos
461 3241 514 3274 csse
537 3224 631 3285 oculis,
653 3225 704 3273 iam
727 3225 820 3290 opinor
843 3224 1005 3274 manifestum
1029 3226 1086 3276 erit.
1121 3225 1259 3276 Videamus
1285 3230 1364 3277 totum

238 3292 336 3342 locum:
361 3293 436 3357 „Hoc
454 3293 496 3343 itti
514 3298 601 3343 recte.-
618 3307 652 3342 ne
670 3295 791 3358 ιοιροιιί
810 3296 910 3357 optima
928 3292 1043 3358 Lynceis
1063 3290 1245 3357 Gontcrnpterc
1263 3296 1365 3356 oculu,-

239 3361 265 3411 Η
283 3375 364 3439 proca
395 3363 500 3410 caecior
526 3360 576 3410 itta
606 3360 680 3424 Quae
702 3361 775 3410 matu
804 3365 868 3410 runt
892 3360 1058 3425 specioso
1083 3375 1158 3423 crac,
1186 3375 1201 3410 o
1228 3361 1365 3412 1ναιιίι11

239 3376 291 3478 Ugi
307 3427 405 3493 primo,
473 3430 545 3477 nccrr
563 3427 665 3491 quidem
690 3428 774 3477 ocntch
796 3433 864 3478 recte
840 3428 997 3492 tdicitur,
1021 3433 1051 3477 ut
1068 3428 1157 3477 Boetia
1175 3427 1249 3478 Cons
1270 3430 1362 3480 Philus.

238 3495 288 3558 III,
307 3497 330 3547 8.
366 3427 504 3559 „daos
479 3498 517 3557 ri,
535 3501 566 3545 nt
583 3494 738 3545 Aristoteles
755 3497 808 3557 ait,
827 3497 937 3562 Lynceis
955 3496 1036 3546 oculis
1056 3497 1173 3547 homines
1191 3500 1363 3548 niterentur-“1

239 3563 283 3614 sed
300 3564 356 3613 loco
374 3563 435 3613 huic
452 3563 556 3613 minime
574 3564 700 3613 convenit
736 3564 835 3613 Nema
851 3560 984 3630 Λυγκεὺς,
1011 3559 1141 3630 Λύγκειις
1163 3562 1289 3630 Lynceus
1316 3566 1363 3615 tor-

239 3636 336 3694 matur,
360 3631 472 3681 secunda
495 3630 591 3749 spilaba
615 3631 754 3696 producta:
790 3635 820 3680 ut
843 3631 874 3681 ab
895 3627 1035 3699 Αχιιλιὺς,
1058 3633 1081 3680 Α
1079 3630 1195 3698 yttiacoe
1218 3631 1362 3697 Achilliur,

241 3696 345 3761 Θησεὺς
370 3694 486 3760 Θὴσειις
526 3697 618 3749 Ιιιιιιι
636 3704 684 3751 ιιι.
711 3703 736 3749 ιι
754 3699 861 3763 proinde
883 3716 929 3765 per
947 3698 1068 3749 (lrasin
1061 3716 1087 3748 ιι
1113 3699 1256 3766 disyllabon
1284 3701 1363 3751 coalc·
1412 3732 1413 3765 3

239 3784 308 3819 scere
326 3783 379 3817 ιιοιι
396 3771 488 3833 potest.
523 3768 671 3833 Propertius
688 3767 744 3826 111,
769 3769 809 3819 20
834 3770 919 3831 [21ι.
939 3769 1023 3831 24],
1026 3766 1219 3831 ,διαιιαιιι
1186 3783 1236 3832 ego
1254 3769 1363 3819 Theseae

240 3837 351 3886 bracteis
369 3836 451 3901 ionga
468 3837 553 3887 viae.“
580 3835 687 3886 Ovidius
706 3834 782 3887 Trist.
800 3836 821 3897 Ι,
843 3837 863 3886 1.
883 3838 915 3898 [ι.
940 3837 997 3898 100]
1024 3835 1121 3900 „Satur
1139 3835 1254 3885 Achilleo
1273 3837 1363 3887 tollere

238 3920 313 3955 more
336 3904 450 3969 potertf‘
483 3904 554 3954 Idem
571 3905 639 3953 Fert.
658 3903 688 3954 V.
707 3919 728 3953 v
749 3904 806 3955 709.
843 3903 971 3967 „Pectora
996 3905 1123 3953 traiectus
1145 3903 1248 3969 Lynceo
1267 3902 1363 3955 Carior·

239 3973 273 4021 ab
297 3973 385 4021 enre.“
419 3971 523 4037 corrige
546 3987 606 4035 ergo
630 3987 686 4022 cum
710 3969 882 4021 vetustissimo
905 3970 1043 4021 Blandinio
1067 3970 1134 4036 apud
1158 3969 1312 4036 quuium,
1339 3977 1363 4022 et

239 4040 383 4090 Graeciano
401 4044 496 4099 nostro,
514 4039 625 4106 Lyncei,
644 4055 704 4090 casu
721 4039 836 4103 genitivo
853 4054 869 4088 a
886 4038 1023 4105 Lynceum
1047 4043 1077 4088 ut
1066 4039 1160 4089 tillud
1176 4038 1283 4104 Virgilii
1300 4041 1361 4091 Aen.

239 4108 262 4171 Ι,
279 4109 322 4159 41.
356 4105 460 4170 ,Γιιιιίιι
477 4109 509 4157 od
527 4122 627 4157 nonam
651 4113 678 4157 ct
693 4106 783 4168 flarius
801 4107 894 4156 Aiacis
913 4106 1007 4157 Oilei.“
1041 4107 1107 4157 Dein
1131 4122 1190 4156 vero
1213 4111 1240 4157 et
1263 4112 1363 4158 senten-

240 4177 303 4225 tiam
320 4175 455 4239 perpende.
491 4175 549 4225 Hoc
571 4175 628 4240 itti,
654 4176 704 4237 ait,
729 4179 814 4225 recte:
841 4190 913 4240 reges
939 4174 1039 4225 seilicet
1056 4190 1133 4240 equos
1151 4174 1245 4225 emturi
1262 4180 1362 4242 opertos
