2842 4758
218 238 279 304 384
610 248 641 308 a.
664 249 805 296 nonnam
825 251 949 300 rnnccr

280 389 349 453 Hac
369 386 468 461 iuvat,
485 382 578 447 -haud
598 381 679 447 illud
700 385 892 465 quaerentis,
915 406 990 451 num
1012 387 1082 452 sine
1104 408 1213 466 sensu,

281 475 437 569 Tempore
459 489 534 532 num
557 468 676 533 faciant
697 468 810 534 alieno.
854 470 997 538 Laedere
1019 473 1153 554 gaudes,

282 559 400 640 Inquit,
422 560 454 618 et
474 554 535 618 hoe
557 554 662 618 studio
684 573 803 638 pravus
825 554 914 629 facis.
958 556 1051 622 Unde
1072 557 1206 643 petitum

238 657 268 707 80
282 644 350 707 Hoc
371 640 403 705 in
425 659 476 703 me
498 638 598 703 iacis?
627 645 676 703 est
697 646 809 704 auctas
830 640 903 722 quis
926 643 1063 725 denique
1086 662 1197 709 earum

282 727 355 791 Vixi
376 746 447 792 cum
471 722 609 806 quibust
641 724 801 789 absentem
825 725 879 808 qui
902 727 985 791 rodit
1006 728 1159 807 amicum3

282 812 428 890 qainon
451 808 603 885 defendit,
625 809 688 873 alic
710 810 873 894 culpante;
897 812 1018 877 solutos

282 897 344 977 Qui
366 901 474 980 captat
494 893 577 958 risus
599 893 772 972 hominum,
795 894 976 979 famamque
998 896 1132 975 dicacis;

281 984 419 1063 Fingere
441 978 496 1061 qui
518 998 580 1043 non
601 978 671 1044 visa
693 985 814 1064 potest;
847 981 1006 1048 conmissa
1026 989 1131 1047 tacere

239 1083 269 1133 ss
283 1067 346 1147 Qui
367 1064 493 1147 nequit;
522 1063 573 1128 hie
594 1063 687 1145 niger
707 1072 773 1129 est:
803 1065 887 1130 hunc
909 1073 953 1145 tu,
975 1069 1125 1144 Bamane‚
1149 1073 1274 1134 caveto.

282 1154 386 1237 Saepe
407 1149 509 1214 tribus
530 1149 622 1214 lectis
643 1148 755 1215 videas
777 1170 890 1216 cenare
912 1159 1098 1234 quaternos3

282 1239 308 1302 E
330 1236 447 1319 quibus
470 1254 552 1299 unus
574 1241 659 1299 amet
680 1234 793 1316 quavis
815 1256 988 1322 aspergere
1010 1243 1149 1313 cunctos,

282 1326 412 1388 Praeter
422 1340 494 1386 eum
517 1318 572 1402 qui
586 1320 720 1404 praebet
734 1338 866 1402 aquam:
890 1328 972 1406 pust,
988 1323 1072 1388 hunc
1086 1340 1215 1405 quoque
1229 1327 1348 1406 potus,
1408 1392 1409 1395 ,

281 1406 418 1475 Condita
439 1425 510 1470 cum
532 1411 631 1469 verax
652 1404 755 1489 aperit
776 1406 963 1490 praecordia
985 1407 1089 1473 Liber.
1408 1406 1409 1449 ³

240 1507 271 1558 90
284 1494 344 1557 Hic
365 1489 428 1557 tibi
444 1490 543 1554 comis
566 1496 598 1554 et
619 1490 760 1556 urbanus
782 1491 925 1574 liberque
946 1491 1081 1571 videtur,

281 1578 402 1642 1616616
424 1575 539 1657 nigris:
564 1593 625 1655 ege
648 1574 676 1641 si
698 1574 763 1653 risi,
786 1577 872 1659 quod
893 1578 1020 1662 ineptus

544 1692 837 1758 v.'19.Vulg.lnqais.
873 1697 912 1747 st.
930 1696 1005 1746 Aret.

288 1814 327 1864 ts.
363 1810 480 1862 Laedere
496 1810 607 1876 gaudes,
625 1813 726 1876 laquis]
753 1812 879 1862 Galeanns
896 1817 990 1875 nester,
1009 1829 1066 1862 eum
1084 1812 1181 1863 duobus
1198 1812 1347 1875 Torrentii,
1409 1820 1410 1825 ’

221 1885 315 1947 inquil.
350 1881 391 1930 Ita
408 1880 485 1929 Serm.
504 1880 544 1941 ΙΙ,
571 1880 594 1930 2.
619 1896 641 1928 v.
660 1882 700 1931 99.
736 1883 826 1942 ‚‚iare,
851 1882 950 1945 inquis,
979 1879 1107 1932 Praestas
1129 1883 1188 1930 istis
1205 1881 1348 1944 iurgatur·
1409 1896 1410 1931 l

220 1950 337 2000 ambid‘:
355 1948 471 1998 meliores
489 1948 527 1997 ibi
545 1946 643 1997 codices
661 1947 786 2011 similiter,
805 1951 900 2014 inquit.
933 1950 1090 1999 Rectissime.
1126 1949 1227 2015 Quippe
1243 1948 1347 2014 lnquit

220 2023 341 2084 perpetua
359 2016 466 2066 formula
484 2021 534 2077 est,
558 2015 602 2065 ubi
625 2015 723 2080 aliquid
748 2033 778 2066 er
795 2017 898 2066 adverso
916 2016 990 2067 nobis
1008 2015 1087 2066 obiici
1104 2022 1130 2067 et
1147 2016 1242 2081 opponi
1259 2015 1347 2080 tingi-

220 2103 289 2146 mua3
315 2085 370 2135 sire
393 2084 420 2134 id
445 2083 476 2134 ab
499 2099 563 2145 uno,
591 2099 635 2133 seu
651 2082 782 2149 pluribus:
809 2085 861 2135 sive
879 2084 910 2134 ab
928 2084 1045 2144 absente,
1072 2100 1116 2134 seu
1133 2088 1265 2150 praesente
1287 2085 1345 2135 fiat

220 2154 308 2204 Cicero
334 2170 380 2219 pro
398 2152 515 2201 Cluentia
539 2167 559 2201 e.
579 2153 618 2203 34.
645 2152 671 2217 [ξ
691 2154 733 2213 92]
769 2152 841 2215 „Hac
864 2170 911 2203 vos
938 2153 1058 2204 Cirtentio
1084 2152 1214 2202 indiciam
1237 2153 1347 2216 putatis

221 2225 307 2274 obesse
330 2223 471 2287 oportere?
502 2219 587 2282 Quam
612 2220 643 2268 ab
668 2224 806 2270 caussam?
830 2224 856 2270 si
879 2238 913 2271 ea
937 2221 994 2286 tege
1016 2223 1175 2275 eaasartitas
1199 2236 1252 2270 nan
1278 2225 1349 2270 erat

221 2290 328 2350 lunias,
355 2295 403 2339 act
419 2291 443 2338 ri
461 2292 489 2336 ia
507 2289 589 2342 Iegem
607 2286 753 2351 aliquanda
771 2304 824 2338 aaa
843 2292 996 2349 iteraverat,
1014 2288 1116 2338 idcirce
1135 2289 1208 2338 illias
1226 2289 1347 2339 6166666-
1410 2286 1411 2347 ]

221 2358 332 2421 sionim)
350 2356 455 2422 aliquid
464 2354 625 2406 deClueatia
637 2355 827 2409 indicabatur?
846 2356 916 2419 Nan,
934 2357 1035 2421 inquit‚·
1052 2356 1099 2406 sed
1115 2356 1161 2406 ille
1175 2355 1276 2406 idcirce
1300 2358 1347 2407 aa

222 2427 323 2491 legibus
341 2425 598 2487 condemnatricem,
626 2424 699 2489 qaod
722 2430 815 2474 earrtra
842 2426 924 2476 aliam
948 2426 1029 2489 legem
1055 2424 1249 2475 commiserat.“
1285 2424 1346 2474 Hic

220 2497 308 2559 inquit
331 2493 436 2557 perinde
459 2496 497 2542 est
520 2507 549 2541 ac
567 2491 590 2541 si
607 2494 719 2556 inquitis
735 2491 849 2549 dixisset.
883 2493 953 2544 Idem
972 2509 1018 2559 pre
1034 2492 1127 2561 Elaeco
1145 2508 1167 2541 c.
1185 2494 1226 2544 23.
1245 2493 1270 2555 [ξ
1294 2495 1343 2555 55]

220 2560 317 2627 „Nare
335 2566 440 2611 tantem
458 2577 475 2611 a
492 2559 628 2608 Trallianis
647 2562 770 2624 require,
797 2576 876 2625 qaam
902 2563 1043 2625 posnaniam
1061 2577 1078 2610 a
1095 2576 1123 2609 se
1140 2560 1257 2610 adlatam
1274 2576 1347 2625 que·
1411 2580 1412 2605 r

220 2635 329 2691 rantur,
346 2645 457 2678 suamne
474 2627 572 2689 dicant,
590 2628 642 2677 sibi
658 2644 674 2677 a
693 2630 845 2678 civitatibus
863 2629 1034 2680 collaterata
1051 2643 1128 2678 asam
1145 2643 1236 2689 saum,
1255 2631 1345 2692 cupio

222 2697 325 2748 aedae.
359 2695 430 2759 Nara,
448 2696 546 2760 inquit,
566 2695 684 2747 dirimas
722 2696 793 2758 Quid
809 2699 913 2761 igitar?
939 2697 1054 2746 delatam
1073 2696 1110 2745 ad
1125 2711 1189 2760 aas,
1207 2695 1346 2746 eradicem

221 2767 304 2826 notia,
322 2763 352 2813 L.
371 2763 464 2813 Flacci
479 2765 566 2828 patris
583 2766 704 2825 narniae,
724 2764 761 2814 ad
777 2766 857 2813 tatas
874 2764 930 2813 dies
946 2763 1028 2826 festas
1048 2769 1127 2828 atque
1144 2763 1228 2813 ladas.
1264 2762 1347 2825 Quia

221 2836 294 2882 tum?
312 2834 381 2881 lianc
399 2837 431 2894 te,
450 2831 542 2895 inquit,
561 2846 656 2896 capere
674 2846 728 2881 nna
747 2832 848 2882 licuit.“
878 2833 929 2881 Hic
947 2835 1035 2897 iuquit
1060 2831 1128 2882 idem
1145 2837 1184 2881 est
1201 2847 1229 2880 ac
1248 2834 1345 2896 inqui·

220 2905 276 2950 arat.
311 2900 408 2949 Seneca
425 2898 602 2948 Controversia
618 2898 726 2950 XXVII.
745 2903 771 2963 [ξ
790 2902 813 2959 6,
832 2916 857 2964 p.
876 2902 934 2963 269,
952 2904 967 2953 6
985 2902 1067 2963 Bure]
1093 2897 1278 2965 „Tyrannum
1298 2900 1345 2949 in·

221 2967 284 3033 quit,
303 2967 397 3018 accidi.
424 2968 461 3018 At
476 2972 579 3032 patrem
598 2968 729 3031 quantula
748 2970 836 3017 minas
854 2984 932 3033 qaam
950 2969 1102 3018 occidisti?“
1120 2996 1153 3004 -
1172 2969 1206 3032 [p.
1219 2968 1278 3028 268,
1292 2969 1343 3030 23]

221 3037 317 3100 „Pater
322 3074 330 3099 ,
347 3036 446 3100 inquit,
465 3035 546 3085 adest.
565 3033 646 3089 lllalo.
664 3033 726 3087 Non
744 3039 813 3085 enirn
832 3042 935 3086 tantam
951 3041 1071 3103 patrem,
1096 3038 1175 3085 etiarn
1189 3040 1344 3099 patronum

220 3105 335 3155 cecidisti
343 3108 371 3154 1“
382 3133 412 3141 -—
424 3105 450 3168 [ξ
461 3106 484 3165 8,
494 3119 518 3166 p.
530 3106 587 3163 269,
597 3106 639 3165 21]
659 3103 764 3167 ‚,Pater,
773 3105 866 3168 inquit,
877 3106 960 3154 iussit.
989 3104 1062 3168 Erga
1074 3102 1163 3163 frater
1171 3110 1230 3152 tuns
1240 3105 1343 3167 impius

220 3172 282 3235 fait,
300 3176 348 3237 qai
363 3175 439 3238 patri
455 3172 869 3236 6666661111.“-]6166211,
882 3174 923 3236 12]
942 3173 1044 3234 „Pater,
1063 3172 1156 3235 inquit,
1175 3171 1268 3221 caluit.
1294 3170 1343 3222 Ita

221 3246 249 3289 tu
266 3257 320 3290 aaa
338 3245 455 3306 tyranne
474 3244 586 3303 tartum,
603 3239 650 3289 sed
663 3242 741 3305 patri
757 3240 855 3305 dagam
862 3239 1090 3305 parricidiavisus
1102 3241 1153 3288 es.“
1179 3239 1231 3289 Hic
1249 3242 1343 3304 inquit

221 3308 370 3358 tantundem
393 3308 474 3368 valet,
500 3323 529 3356 ae
554 3310 649 3372 inquis.
691 3308 731 3358 Ita
755 3308 851 3358 centies
874 3310 1064 3371 sexcentiesque
1088 3306 1156 3372 apud
1181 3307 1290 3357 Senecas
1314 3312 1343 3357 et

222 3375 418 3430 Quintilianum.
453 3376 488 3425 Et
505 3375 591 3424 ecdem
617 3374 690 3424 modo
717 3376 787 3443 φησὶ
804 3379 893 3440 inquit
923 3382 1030 3439 usurpat
1046 3376 1168 3425 Arrianus
1187 3375 1214 3423 in
1233 3376 1341 3440 Epicte-

223 3444 277 3495 teis.
312 3443 378 3494 Vide
396 3448 421 3492 et
439 3443 594 3492 Gronovium
611 3438 708 3508 patrem
725 3444 757 3494 ad
775 3443 878 3493 Livium
894 3442 1014 3505 XXXIV,
1033 3445 1055 3495 3.
1076 3445 1102 3509 [§
1121 3445 1155 3505 9]

288 3513 327 3564 81.
363 3511 431 3561 Aret
455 3513 547 3576 quavis
571 3526 713 3577 aspergere
736 3513 854 3575 cunctos]
889 3510 958 3568 Quid
975 3516 1043 3573 tum,
1068 3511 1090 3561 si
1109 3515 1169 3560 aret
1185 3510 1340 3575 aspergere?

220 3578 293 3629 modo
311 3595 405 3644 reapse
423 3595 474 3629 non
492 3584 618 3643 aspergat,
635 3578 702 3629 nihil
720 3585 757 3629 est
775 3596 820 3629 cnr
838 3582 918 3629 camis
936 3580 1056 3629 urbanas
1071 3579 1188 3643 liberque
1206 3578 1341 3629 videatur.

220 3648 321 3703 Quanto
348 3648 429 3698 maias
457 3650 483 3696 et
508 3646 708 3712 significantius,
743 3649 811 3711 quod
833 3647 862 3697 in
886 3653 968 3697 vetere
992 3646 1129 3697 Blandinio
1155 3651 1237 3707 extat,
1261 3646 1342 3696 Amet

219 3716 378 3782 aspergere?
404 3714 600 3781 „Saepetridus
615 3715 689 3764 lectis
708 3715 796 3765 uideas
813 3731 927 3765 caenare
945 3721 1096 3779 quaternas,
1114 3713 1139 3764 n*
1156 3715 1252 3779 quitus
1269 3729 1341 3764 unas

220 3790 286 3835 amet
303 3786 397 3850 quavis
415 3799 556 3849 aspergere
574 3788 682 3833 caretas
699 3783 808 3834 Praeter
826 3799 897 3845 eam,
916 3785 963 3848 qai
979 3785 1089 3847 praebet
1106 3784 1229 3846 aqaaaa“
1261 3786 1341 3845 amet,

220 3853 247 3902 id
264 3858 310 3913 est,
327 3854 425 3913 soleat3
454 3866 513 3916 prae
537 3867 586 3914 quo
609 3850 674 3900 illud
698 3857 758 3901 acet
774 3851 923 3916 languidum
941 3851 1016 3915 plane
1034 3855 1059 3900 et
1077 3848 1159 3901 debile
1177 3855 1221 3899 est.
1259 3849 1340 3900 Serm.

220 3922 297 3982 11,3.
316 3938 338 3971 r.
358 3923 415 3973 214.
449 3918 557 3983 „Siquis
576 3918 668 3969 lectica
686 3919 800 3969 aradam
815 3925 923 3984 gestare
939 3924 1005 3969 amet
1023 3922 1147 3983 agram.“
1171 3922 1197 3967 et
1214 3918 1235 3978 Ι,
1258 3920 1296 3969 16.
1316 3934 1341 3972 v.

221 3991 262 4041 60.
280 3995 364 4051 „amet
380 3989 517 4053 scripsisse
534 3987 660 4036 ducentas
677 3986 747 4037 Arte
771 3989 857 4037 citam
881 3990 995 4039 versas.“
1031 3986 1099 4042 Quid
1117 3984 1184 4050 quod
1201 3985 1260 4050 ipsa
1278 4000 1341 4035 con-

222 4057 329 4107 structio
346 4055 455 4122 requirit
471 4054 572 4104 modum
590 4054 796 4104 subiunctivum?
815 4054 915 4106 Videas
928 4061 1063 4120 quaternas
1081 4069 1194 4118 caenare,
1212 4068 1225 4102 e
1243 4053 1341 4118 quibas

221 4140 285 4174 unus
304 4130 380 4176 amat.
415 4124 563 4186 Reparatur
579 4122 659 4184 igitur
676 4123 888 4186 praestantissimi
906 4123 1000 4174 codicis
1018 4122 1102 4173 lectio.

269 4206 292 4255 *l
307 4207 357 4260 [aer.
371 4202 512 4256 emmaum]
