2842 4758
186 186 249 249 360
567 195 600 256 q.
622 194 764 244 nonnum
785 193 909 242 rancor

252 329 406 397 Oruribus
428 328 507 395 haec
530 333 662 405 metuat,
684 327 751 392 doti
771 327 852 392 haec
873 327 1042 413 deprensa,
1066 335 1195 409 egomet
1226 333 1298 392 mi.

193 428 237 479 132
253 414 415 481 Discinetn
437 412 544 479 tunica
565 412 753 494 fugiendum
776 418 835 488 est,
858 433 896 477 ac
941 412 1000 477 ede
1022 413 1125 491 nudo;

250 502 299 566 Ne
322 498 443 565 nummi
465 505 606 598 pereant,
628 504 686 561 aut
706 517 805 580 puga,
827 503 884 562 aut
928 496 1043 580 cuique
1066 499 1162 564 lama.

249 583 413 670 Deprendi
434 603 585 650 miserum
609 589 673 649 est:
696 583 797 651 Fabio
818 582 870 648 vel
892 581 997 649 iudice
1019 582 1154 649 vincam.

578 732 820 799 ECLOGA
855 733 913 798 ΙΙΙ.

250 852 406 919 Omnibus
427 852 488 919 hoo
509 852 621 919 vitium
644 857 694 918 est
715 849 908 926 cantoribus,
931 849 1013 917 inter
1034 851 1154 917 amicos

251 940 294 1006 Ut
316 959 490 1021 numquam
511 937 642 1002 idunant
663 935 805 1000 animum
828 941 957 1003 cantare
978 937 1097 1018 rogati;

565 1054 587 1086 r.
609 1040 664 1090 131.
687 1037 758 1100 Vulg.
777 1036 838 1085 Doti
856 1036 925 1101 depr.

184 1139 389 1206 interpretatur?
414 1140 533 1189 Fortasse
551 1140 627 1188 etiam
646 1143 672 1188 et
687 1138 730 1187 hio
747 1137 834 1202 lapsus
851 1143 902 1198 est3
926 1142 953 1188 et
968 1137 1113 1201 armandis
1130 1141 1187 1188 uita
1203 1139 1336 1189 Lucilio

187 1212 242 1259 erat
259 1209 313 1258 vita
329 1207 433 1257 humilis
451 1212 477 1257 01
493 1207 597 1257 misera:
626 1211 655 1255 ut
678 1206 702 1255 si
727 1205 801 1255 talem
826 1221 923 1256 versum
941 1212 1095 1270 anteponas;
1119 1205 1195 1269 „Nec
1212 1210 1248 1256 in
1272 1207 1334 1256 ad-

186 1278 268 1326 versis
286 1277 364 1325 rebus
381 1278 487 1340 sepiens
506 1278 672 1334 concutitur,
690 1288 774 1337 ncque
790 1278 942 1338 prosperis.-
959 1272 1022 1325 Non
1039 1276 1138 1324 iccirco
1156 1275 1331 1337 minuitur,

184 1358 234 1394 nec
250 1347 321 1393 uitae
338 1342 471 1407 vegrandi
487 1342 595 1392 datur.“
625 1341 704 1402 Adde,
723 1340 790 1405 quod
808 1339 873 1389 idem
893 1341 991 1390 Nonius
1009 1357 1039 1391 ex
1056 1341 1170 1405 meliore,
1190 1346 1220 1391 ut
1238 1342 1331 1392 vide·

185 1417 240 1472 tur,
267 1410 405 1475 exemplari
429 1426 527 1459 versum
552 1411 620 1459 hunc
644 1408 719 1459 aliter
744 1408 821 1467 citet,
847 1425 870 1459 v.
889 1410 986 1459 Efferre
1012 1412 1047 1474 [p.
1066 1411 1124 1471 291,
1151 1411 1184 1460 32
1203 1410 1330 1472 Mech:

184 1476 265 1543 „Non
282 1476 380 1528 iccirco
407 1478 561 1539 extollitur,
586 1477 628 1526 vel
651 1480 722 1537 irae,
749 1477 790 1525 uel
811 1477 910 1540 galidii
926 1477 1031 1528 dator.“
1065 1477 1134 1526 Adeo
1151 1481 1182 1526 ut
1200 1484 1227 1526 et
1244 1478 1327 1527 levis

185 1545 308 1610 alioquin,
327 1549 353 1595 et
370 1545 467 1595 incerta
485 1546 583 1595 sithoc
602 1545 629 1593 in
638 1561 665 1594 re
678 1545 757 1594 Nonii
766 1544 914 1594 auctoritas.
941 1546 990 1595 Sed
1002 1545 1064 1609 quid
1075 1550 1104 1594 A.
1114 1544 1200 1594 Gellio
1209 1546 1328 1601 iacias?

185 1613 230 1679 qui
247 1612 313 1663 libro
330 1611 361 1676 V,
381 1614 421 1665 12.
440 1613 466 1678 [§
479 1615 505 1676 9]
527 1618 553 1662 01
569 1612 639 1671 XVI,
657 1616 680 1664 5.
701 1611 729 1677 [ὗ
740 1614 766 1674 5]
793 1610 949 1676 „Partienla
967 1617 1022 1676 ve,“
1040 1613 1085 1674 ait,
1103 1618 1147 1675 „et
1164 1615 1329 1677 augendae

183 1684 226 1732 rei
242 1687 268 1731 ct
284 1680 444 1732 intruendas
460 1682 543 1742 ualet,
569 1686 641 1730 sicut
664 1680 737 1730 aliae
762 1680 913 1744 particulae
929 1681 1078 1744 plurimas,·
1104 1682 1325 1746 propterquod

183 1749 290 1810 accidit,
308 1755 339 1799 ut
356 1748 487 1814 quaedam
498 1748 636 1810 vocabula,
654 1749 749 1812 quiden
761 1748 898 1811 particula
910 1751 961 1797 ista
972 1751 1158 1812 praeponitur,
1177 1749 1322 1813 ambigua

183 1819 239 1867 sint
256 1822 282 1867 ct
298 1822 516 1882 utroqueversum
535 1818 676 1876 dicantur-,-
695 1816 778 1864 ueluti
790 1814 909 1875 Vescurn,
924 1815 1077 1879 Vehemens,
1095 1822 1120 1865 ct
1135 1814 1321 1879 Vegrandef·

182 1886 253 1936 Haec
272 1885 372 1948 quidem
391 1885 441 1934 diei
466 1886 558 1946 fateor,
585 1884 629 1932 sed
653 1882 724 1932 nullo
748 1882 810 1932 satis
834 1882 926 1932 idoneo
952 1890 1063 1935 auctore.
1100 1883 1163 1939 Quis
1188 1885 1256 1933 enim
1291 1886 1321 1935 ei

182 1953 344 2015 concesserit,
363 1954 498 2002 venemens
516 1957 541 2001 et
559 1967 615 2000 aere
633 1956 659 2000 et
676 1951 806 2000 remissum
820 1952 982 2015 significare?
1002 1951 1113 2002 Vescum
1126 1952 1229 2016 quidem
1241 1955 1322 2002 exile

182 2027 208 2071 et
231 2021 327 2085 gracile
350 2027 434 2071 notat:
461 2021 508 2070 hoe
534 2019 702 2083 agnoscimus.
742 2020 778 2067 At
800 2018 927 2068 contrario
957 2035 1031 2069 sensu
1061 2019 1132 2084 apud
1154 2019 1318 2070 Lucretium

182 2090 245 2153 poni
263 2089 352 2137 vofunt
368 2087 413 2138 lib.
432 2089 452 2136 l.
471 2090 529 2139 326.
548 2103 595 2150 pro
609 2086 698 2136 cllaei:
717 2084 792 2149 „Nee
809 2102 884 2136 rnarc
901 2103 970 2152 quaa
985 2086 1144 2152 irnpendent,
1163 2104 1238 2137 vesco
1250 2090 1318 2137 sale

181 2171 251 2205 suma
273 2159 393 2222 peresa.“
429 2154 479 2204 Sed
505 2156 596 2219 quidni
619 2160 645 2204 et
668 2153 710 2203 hic
735 2169 834 2232 quoque
858 2155 986 2204 communi
1008 2155 1157 2221 acceptione
1181 2162 1315 2216 sumatur,

182 2240 257 2274 vesco
275 2224 344 2285 sale,
372 2223 469 2284 idest,
496 2223 567 2272 tenui
591 2228 615 2271 et
638 2221 818 2271 minutissimus
842 2222 959 2286 partibus
976 2227 1124 2286 constante,
1151 2227 1228 2288 atque
1245 2224 1316 2274 ideo

181 2291 356 2357 penetrabili?
384 2291 419 2340 Ut
436 2289 513 2341 verbo
530 2290 626 2351 dicam,
651 2305 681 2338 uc
699 2288 910 2353 significationem
928 2306 1020 2354 augere
1038 2295 1063 2338 ot
1079 2290 1226 2351 intendere,
1251 2308 1314 2343 non

182 2361 244 2409 satis
263 2365 418 2424 compertum
437 2363 488 2408 est:
508 2364 539 2418 ι01
556 2363 692 2421 utcumque
710 2357 801 2419 luerit,
818 2357 847 2406 iu
865 2359 998 2422 ambiguae
1017 2360 1085 2407 vocis
1104 2359 1238 2422 crepulllda
1256 2376 1314 2410 usu
1412 2418 1413 2421 Ἴ

182 2427 303 2477 ridendus
320 2428 386 2477 toret
403 2427 534 2477 Horatius.
570 2428 639 2489 Ergo
657 2426 703 2475 hac
720 2424 832 2475 lectione
849 2427 933 2487 missa,
952 2427 1088 2488 videamus,
1108 2425 1194 2490 siquid
1203 2417 1311 2478 'melius

180 2495 247 2545 ierat
265 2495 343 2545 altera
360 2494 414 2555 illa,
426 2523 459 2531 —
471 2511 533 2556 „vae
550 2493 654 2558 pallida
673 2493 739 2542 lecto
757 2493 872 2542 Des-ilict
888 2494 991 2556 urccller,
1009 2497 1134 2544 misnam
1150 2510 1178 2544 se
1196 2501 1310 2545 conscia

181 2564 302 2614 clamet.“
330 2566 358 2611 ut
376 2562 482 2612 Ovidius
499 2566 580 2611 Amor,
602 2563 656 2618 ΙΙΙ,
681 2564 696 2613 6
723 2563 755 2622 [r.
777 2563 834 2623 101]
870 2562 955 2623 „Huic
973 2578 1030 2626 ego.
1054 2563 1309 2613 010οά000000ον-

181 2633 274 2680 rabam
298 2631 440 2691 fluminum
464 2633 603 2679 amoresl“
644 2627 758 2677 Catullus
782 2629 897 2694 Epithnl.
922 2630 992 2679 Pelei
1021 2631 1076 2692 [64.
1106 2632 1171 2691 1961.
1212 2647 1310 2694 „mear

181 2698 273 2747 eredita
290 2697 425 2761 querelas,
452 2696 524 2759 Qum·
543 2713 591 2761 ego
609 2711 655 2745 vae
673 2699 770 2746 cntrcra
789 2700 914 2746 emirernir
929 2699 1054 2761 prol’mc
1071 2698 1195 2748 medullis
1215 2696 1311 2762 Cogor·

180 2766 284 2830 inopr.“
302 2770 327 2812 et
344 2764 436 2827 b'irgil.
455 2764 543 2828 Eclog.
563 2764 609 2813 IX.
628 2766 660 2826 [v.
673 2766 713 2826 28]
741 2764 871 2825 „llantur
889 2781 933 2814 vae
950 2768 1062 2814 miserae
1080 2769 1192 2815 nimium
1212 2769 1307 2817 uicina

182 2832 350 2883 Cremonac.“
385 2832 435 2881 Sed
458 2837 484 2881 et
506 2832 566 2882 huie
592 2831 699 2881 lectioni
716 2832 815 2895 obstat,
842 2833 909 2896 qnod
932 2833 960 2882 in
983 2833 1024 2882 bis
1049 2838 1074 2882 et
1091 2832 1220 2883 similibus
1236 2834 1308 2884 loeis

179 2917 228 2950 uae
245 2899 365 2961 densans,
383 2916 431 2949 vae
448 2903 545 2949 misera
563 2900 671 2949 iunctim
690 2906 885 2961 construuntur;
908 2902 936 2950 in
954 2916 1002 2950 vac
1018 2901 1122 2965 pallida
1140 2900 1168 2950 id
1184 2917 1237 2951 non
1256 2919 1307 2966 po·

179 2973 237 3033 test,
257 2967 403 3031 (ridiculum
421 2967 488 3017 euim
506 2968 581 3031 soret)
600 2967 643 3016 sed
661 2983 709 3016 000
727 2967 807 3016 solum
825 2968 867 3017 hie
885 2974 911 3017 et
928 2969 1104 3017 incomitatum
1122 2969 1226 3018 incedit
1258 2972 1306 3019 ln-

178 3036 323 3100 dugandum
340 3037 421 3100 igitur
438 3036 509 3085 aliud
527 3035 601 3100 quid:
628 3038 654 3084 et
670 3051 730 3084 sane
748 3035 848 3085 codices
866 3036 977 3100 aliquot,
996 3038 1122 3086 etiamen
1138 3037 1242 3098 uostris,
1263 3040 1308 3087 ccl

174 3105 281 3171 pallida
299 3103 398 3154 habent.
435 3105 508 3153 Unde
526 3106 558 3153 N.
576 3103 699 3152 Heinsius
716 3104 743 3151 in
761 3102 823 3152 libri
841 3103 882 3154 sui
899 3104 1027 3168 margine,
1052 3103 1148 3169 Forte,
1176 3106 1223 3167 ait,
1252 3103 1304 3155 Ile·

177 3178 292 3236 0000100,
311 3178 336 3221 ct
351 3172 471 3237 pallida:
491 3171 558 3236 quod
576 3187 626 3235 quo
644 3171 779 3236 pertineat,
797 3188 848 3220 non
866 3172 983 3235 equidem
1001 3171 1127 3236 intelligo.
1154 3172 1193 3221 Ne
1211 3172 1304 3223 multis

177 3256 274 3299 morer;
300 3255 347 3302 pro
365 3256 396 3289 uc
413 3240 591 3303 corrigendum
610 3238 702 3303 opinor
720 3255 780 3302 ruer,¹
792 3244 822 3288 nt
844 3240 911 3289 clare
929 3240 1051 3290 exhibent
1066 3241 1195 3290 Patrensis
1213 3247 1305 3290 noster

178 3311 204 3356 et
219 3306 439 3356 aniehemianns:
459 3306 525 3371 quod
543 3323 599 3356 cum
618 3305 790 3372 superioribus
802 3307 838 3356 sie
850 3308 1070 3372 coniungendum:
1088 3305 1162 3371 „Nee
1180 3311 1302 3372 uereor,“

176 3373 278 3439 inquit,
302 3390 351 3435 „ne
370 3377 412 3424 uir
429 3390 494 3423 rure
511 3380 650 3437 recurrat,
673 3373 760 3424 lanua
783 3373 945 3439 frangatur,
971 3377 1052 3425 latret
1069 3379 1157 3436 carn'r,
1180 3376 1304 3440 undiquc

176 3456 276 3506 magno
293 3441 375 3491 Pulsa
393 3441 487 3492 doinus·
509 3445 623 3506 strepitu
647 3447 766 3492 resonet:
793 3459 825 3492 ne
847 3443 952 3507 pallida
978 3444 1044 3493 lecto
1061 3443 1175 3493 Desiliat
1193 3445 1300 3505 sentiar,

176 3512 301 3560 minuam
318 3526 346 3558 se
364 3515 471 3559 conscia
489 3510 610 3559 cteractf‘
644 3507 686 3559 Ne
704 3509 770 3560 illud
787 3510 815 3559 in
833 3511 942 3575 singulis
960 3511 1084 3561 orationis
1102 3511 1220 3561 membris
1238 3512 1300 3561 sub-

176 3577 294 3639 auditur3
321 3583 347 3627 et
369 3576 397 3626 in
421 3577 466 3626 illo
483 3583 588 3627 venuste
612 3578 750 3642 repetitur:
777 3584 807 3627 ut
824 3595 901 3643 supra
918 3596 940 3628 v.
963 3582 1017 3630 102.
1053 3595 1102 3641 „ne
1120 3594 1199 3628 crure
1217 3580 1300 3643 malo,

175 3662 208 3696 ne
225 3649 261 3696 rit
277 3645 343 3710 pede
361 3648 461 3710 turpi.“
479 3651 505 3695 01
522 3646 600 3696 Serm.
619 3647 654 3705 ΙΙ,
673 3646 696 3706 8,
715 3647 756 3697 68.
792 3663 841 3709 „ne
858 3649 938 3712 partr's
956 3647 1075 3710 adustus,
1092 3648 1131 3695 Ne
1149 3647 1218 3696 rrralc
1236 3662 1299 3696 eon·

175 3714 261 3765 ditum
279 3717 321 3763 ius
339 3714 519 3779 apponatur.“
546 3719 571 3763 et
587 3713 672 3776 Epist.
691 3714 718 3773 1,
737 3716 768 3777 5,
786 3717 827 3765 22.
855 3731 904 3777 „ne
929 3720 1006 3779 turns
1025 3713 1109 3776 toral,
1137 3730 1168 3763 ne
1185 3714 1299 3764 sordida

174 3797 281 3847 mappa,
295 3781 427 3846 corruget
443 3797 538 3842 nares5
562 3797 594 3830 ne
617 3796 672 3831 non
696 3786 722 3829 et
745 3784 891 3833 cantharus
909 3787 935 3832 et
952 3783 1019 3831 lanc
1038 3781 1165 3832 Ostendat
1188 3782 1238 3832 tihi
1256 3787 1298 3845 te,-

174 3866 206 3900 ne
224 3850 293 3911 fidos
311 3853 382 3899 inter·
399 3852 498 3900 arnicas
516 3849 569 3909 Sit,
593 3851 642 3914 qui
658 3848 731 3897 dicta
748 3849 823 3909 foras
842 3852 983 3900 eliminet“
1018 3853 1100 3913 Atque
1116 3850 1177 3911 boc,
1195 3849 1298 3915 opinor,

175 3918 298 3980 contenti,
315 3917 390 3966 facile
408 3918 453 3966 illo
471 3917 605 3982 vepallida
622 3916 651 3964 in
668 3925 799 3981 posterum
816 3934 900 3968 carere
917 3934 1058 3983 possumus.

245 3987 301 4036 131.
338 3985 406 4034 Doti
422 3986 562 4050 deprensa]
588 3984 659 4047 Lege
677 3999 734 4033 eum
752 3987 915 4050 sagacissimo
932 3985 990 4035 Nic.
1010 3985 1130 4045 Heinsi03
1148 3983 1297 4047 „Cruribur

174 4051 240 4102 laec
262 4056 377 4113 metuat,
403 4052 460 4102 doti
481 4052 543 4100 haec
568 4050 713 4116 deprensa,
738 4059 841 4118 egomet
857 4055 920 4104 mi.“
946 4053 993 4103 boc
1012 4058 1065 4116 est,
1089 4053 1212 4102 cruribus
1229 4053 1296 4102 baec

174 4118 286 4183 (ancilla)
305 4124 420 4184 ructuat,
444 4119 502 4169 doti
523 4119 588 4168 baec
614 4121 757 4184 (matrona).
791 4122 967 4173 Necessarium
991 4121 1092 4186 quidem
1110 4120 1138 4170 id
1155 4136 1293 4185 pronomen
