2840 4752
397 296 581 348 5555555555
602 292 668 343 nm.
684 297 720 344 11.
742 291 765 345 5.
789 292 813 343 5.
1102 287 1163 350 489

112 437 183 502 Non
206 443 312 501 tamen
335 434 492 521 interpres
516 433 702 500 tantundem
724 433 852 499 15555515.
896 433 980 501 adde

112 523 238 587 Voltum
260 520 468 603 habitumque
489 518 643 597 hominis;
666 537 761 602 quem
783 525 818 583 tu
841 516 959 584 vidisse
982 520 1096 585 beatus

113 608 182 673 Non
205 605 460 691 magnipendis,
483 605 560 688 quia
580 602 729 685 contigit:
751 610 786 668 55
805 601 882 667 551151
905 622 981 670 5555

111 694 180 758 Non
203 691 371 757 mediocris
391 691 484 767 inest,
508 690 604 756 iontis
628 698 663 754 ut
684 688 773 753 551155
795 694 943 765 remotos,

68 790 100 841 55
113 779 218 860 Atque
239 775 367 841 haurire
390 795 506 859 queam
528 775 613 841 vitae
635 779 808 859 praerepta
830 772 954 839 beatae.

357 997 365 1011 ·
444 959 686 1058 nonoen
725 960 762 1025 v.
867 984 870 989 >

112 1098 179 1163 Hoe
201 1116 338 1180 quoque,
361 1075 496 1173 Tiresia,
520 1102 646 1182 praeter
667 1102 805 1170 narrata,
828 1095 949 1180 petenti

114 1183 297 1332 Respondet
321 1181 438 1265 quibus
460 1183 598 1249 amissos
619 1200 771 1280 reparare
792 1200 907 1263 queam
931 1202 983 1249 res

111 1268 179 1335 Arti
204 1289 241 1334 us
262 1274 360 1351 atque
382 1266 495 1337 modis.
540 1266 615 1349 quid
639 1264 746 1334 5551551
770 1267 893 1342 Iamne,
914 1266 1035 1347 dolose,

110 1354 182 1419 Non
205 1352 284 1418 satis
306 1359 356 1418 est
376 1352 517 1418 lthuoam
541 1351 658 1431 revehi,
682 1351 867 1437 patriosque
889 1352 1015 1437 penatis

85 1438 287 1523 oAspioere‘?
315 1437 445 1505 Onulli
466 1437 638 1520 quiequam
660 1436 801 1515 mentite,
824 1435 924 1515 vides,
948 1445 983 1503 ut

111 1522 227 1591 Nudus
247 1522 405 1609 inopsque
421 1521 555 1589 domum
578 1522 716 1600 redeam,
739 1527 771 1587 te
793 1530 881 1588 vate:
905 1542 1008 1606 neque
1030 1523 1094 1591 illie

111 1610 176 1673 Aut
197 1608 353 1694 apotheos
373 1607 478 1709 pronis
500 1607 619 1675 intaeta
641 1613 699 1685 est,
721 1612 780 1672 555
799 1627 907 1693 penus.
952 1608 1040 1691 atqui

111 1694 154 1758 nt
169 1713 277 1775 vgenus
300 1700 332 1760 et
353 1701 463 1770 5555555,
486 1692 547 1758 5151
569 1713 641 1758 oum
664 1711 708 1769 re,
731 1692 825 1759 511155
846 1693 921 1773 elga
943 1700 1002 1760 555.

112 1777 456 1865 Quando-pauperiem
478 1779 586 1844 missis
608 1777 801 1859 ambagibus
823 1778 948 1856 borres;

68 1876 99 1928 10
113 1863 240 1951 Aooipe,
263 1883 328 1947 qua
350 1863 472 1928 ratione
495 1884 596 1946 queas
618 1863 783 1929 ditescere.
828 1863 950 1940 turdus,

112 1948 186 2016 Sive
208 1947 296 2015 aliud
317 1949 442 2035 privum
466 1949 593 2015 dabitur
614 1946 689 2025 tibi;
712 1947 840 2014 devolet
860 1947 947 2023 illue,

111 2036 174 2100 Res
198 2033 251 2097 ubi
272 2054 392 2116 magna
411 2033 492 2108 nitet
512 2033 640 2099 domino
664 2053 750 2099 sene.
794 2032 900 2097 dulcia
921 2052 1027 2119 poma,

111 2120 153 2185 Et
173 2138 392 2202 quoscumque
412 2118 495 2184 ieret
515 2119 619 2184 uultus
643 2117 699 2182 tibi
721 2118 840 2182 fundus
862 2116 1009 2196 honores,

111 2205 194 2268 Ante
215 2203 330 2270 Larem
352 2209 461 2286 gustet
481 2204 692 2269 venerabilior
712 2205 795 2269 Lare
817 2203 923 2268 dives:

68 2301 98 2352 15
114 2289 176 2367 Qui
199 2290 345 2371 quamvis
366 2291 515 2375 periurus
537 2288 605 2366 erit,
629 2287 697 2354 sine
720 2295 835 2370 gente,
849 2294 998 2353 eruentus

111 2374 275 2455 Sanguine
297 2376 447 2450 fraterno,
470 2374 643 2455 fugitivum
671 2379 839 2439 notamen
862 2374 909 2437 illi

87 2462 162 2527 ·Tu
184 2478 290 2525 eomes
313 2459 458 2536 exterior,
482 2458 510 2524 si
532 2459 681 2544 postulet,
704 2459 751 2522 ire
774 2477 911 2524 55555555.

112 2546 196 2611 11555
219 2552 325 2627 tegam
349 2564 463 2630 spureo
485 2545 608 2610 Damae
628 2544 737 2627 latus?
759 2543 845 2609 baud
868 2542 914 2608 155
935 2543 1051 2611 Troiae

462 2695 484 2730 5.
503 2682 538 2745 3.Ι
553 2676 628 2743 Vulg.
647 2680 752 2730 Dolore.

45 2818 109 2882 quia
127 2818 156 2866 15
173 2817 264 2882 primis
283 2814 438 2865 editionibus
456 2816 492 2863 515
511 2814 586 2864 semel
605 2815 733 2877 obtinuit,
761 2831 833 2865 nemo
856 2816 969 2865 omnium
993 2816 1024 2867 de
1046 2817 1101 2868 loeo
1120 2835 1165 2868 suo

45 2888 93 2935 hoe
113 2901 213 2935 movere
231 2886 269 2935 vel
287 2884 418 2949 cogitavit,
437 2883 476 2933 551
493 2883 626 2933 sustinuit.
661 2885 738 2949 Atqui
758 2885 785 2935 in
803 2882 921 2934 omnibus
938 2888 990 2934 5555
1007 2885 1164 2949 Bersmanni,

45 2968 123 3018 quem
141 2954 236 3003 nostris
255 2951 385 3004 eodieibus
403 2951 485 3013 (aride,
503 2951 525 3001 si
543 2951 590 3012 vis,
609 2956 634 3001 et
651 2951 766 3015 aliorum,
784 2952 828 3017 qui
841 2952 883 3001 hio
896 2954 990 3017 tacent)
1008 2952 1059 3002 alio
1077 2954 1165 3004 ordine

45 3021 124 3071 verba
142 3020 312 3082 collocantur,
337 3018 425 3083 „Nam
449 3023 569 3084 quamuis
590 3020 695 3069 memori
720 3020 812 3070 5515555
837 3022 1165 3086 555151155515555555551551ι

45 3089 116 3145 Quin
136 3090 266 3139 5555515555
284 3089 437 3138 5555515555
455 3088 518 3138 51555
534 3087 682 3137 Prienianus
706 3102 732 3154 p.
752 3090 808 3139 112.
835 3092 911 3152 atque
934 3087 973 3137 ibi
990 3088 1027 3138 515
1045 3088 1165 3140 exhibent

61 3162 171 3207 nattuor
179 3157 305 3207 Prisciani
317 3156 470 3221 exemplaria
486 3157 667 3221 mannsoripta,
686 3171 750 3220 quae
768 3155 917 3206 oonsulendi
934 3154 997 3206 mibi
1015 3159 1089 3222 eopia
1103 3164 1164 3211 erat.

45 3175 180 3288 getarum,
211 3225 254 3290 qui
279 3226 343 3274 hano
367 3224 501 3275 leetionem
525 3224 631 3288 vulgata
655 3222 835 3290 elegantiorem
858 3239 911 3274 5555
934 3239 985 3274 non
1003 3225 1090 3275 statim
1108 3242 1164 3292 per·

45 3292 180 3353 sentiscit3
207 3294 244 3357 is,
267 3308 369 3351 moneo,
394 3296 423 3342 ut
445 3297 576 3357 poetarum
600 3291 696 3357 seripta
714 3292 863 3359 diligentius
881 3292 961 3357 leget:
989 3292 1080 3358 hospes
1099 3297 1166 3347 enim

45 3364 96 3413 iam
114 3362 142 3411 in
162 3361 196 3411 iis
214 3362 249 3411 515
267 3376 366 3411 neeesse
387 3364 431 3410 555.
484 3360 486 3367 ’

115 3432 139 3482 3.
176 3431 268 3480 Iamne
291 3429 381 3479 doloro
402 3427 461 3479 11555
483 3429 550 3476 suot
574 3432 613 3477 est
635 3429 754 3478 Ittuoum
780 3429 879 3491 5555155]
913 3429 953 3478 155
977 3428 1114 3491 editionem
1141 3437 1166 3481 et

45 3497 208 3548 membranae
226 3499 278 3548 iere
295 3512 388 3547 omnes.
423 3494 485 3546 Non
503 3498 569 3545 55515
587 3497 689 3546 esttibi
710 3497 820 3547 doloso?
846 3496 881 3545 Ut
898 3498 975 3547 Serm.
995 3498 1021 3558 I,
1041 3501 1064 3550 2.
1082 3516 1104 3548 5.
1123 3502 1163 3551 59.

45 3566 107 3629 „An
126 3566 177 3616 tibi
195 3566 300 3616 abunde
306 3579 449 3632 perronam
460 3564 522 3615 55515
540 3567 578 3614 555
588 3565 721 3615 5511555111
739 3565 795 3626 551,
806 3566 829 3615 4.
848 3581 870 3615 5.
886 3567 939 3617 lte.
965 3564 1025 3626 „Mt
1028 3570 1094 3616 55515
1103 3571 1166 3618 551.“

45 3635 117 3699 Ergo
136 3635 179 3685 hie
198 3635 300 3684 dativus
319 3632 409 3683 doloro
428 3633 489 3684 55515
507 3632 636 3682 commode
654 3640 720 3682 55555
737 3636 827 3698 potest.
854 3633 963 3683 Mirifice
981 3638 1064 3683 55555555
1082 3635 1166 3699 planet

45 3702 164 3753 Danielis
182 3703 286 3753 Heinsii
303 3701 463 3752 oonieetnre:
497 3699 620 3765 „Serilre,
640 3701 737 3766 inquit,
764 3700 856 3750 Dolosa
863 3719 873 3763 ,-
899 3707 931 3751 ut
948 3701 1106 3764 lepidssima
1123 3703 1167 3752 1111

45 3771 131 3821 alteri
154 3770 329 3836 respondeat,
358 3770 379 3819 0
401 3769 472 3819 5555111
497 3771 639 3834 quiequam
663 3771 796 3818 mentita“
836 3769 913 3818 155555
940 3768 1053 3833 quidem,
1080 3770 1165 3834 siquid

45 3839 147 3889 iudico:
178 3848 204 3889 et
226 3840 264 3888 155
288 3838 354 3888 51555
378 3837 454 3887 habet
478 3837 557 3887 codex
574 3837 715 3899 Patrensis,
741 3836 845 3898 dolose,·
871 3836 976 3886 alterum
1001 3843 1084 3887 autem
1101 3839 1166 3888 illud

45 3908 139 3958 doloro
164 3923 211 3972 pro
235 3907 306 3956 55515
323 3906 440 3956 lectione.
459 3909 572 3969 ,15555555
590 3921 695 3956 nonosa
713 3902 775 3956 Non
792 3907 858 3954 rotie
875 3909 914 3954 555
931 3904 1050 3954 liboeum
1068 3910 1165 3969 555551,

45 3977 205 4041 patriosque
221 3975 485 4041 penaterAspr'eerel
503 3974 524 4024 0
541 3971 611 4023 5555111
623 3977 769 4039 'quiequam
786 3975 902 4034 5555555115,
920 3971 1010 4021 5151551
1022 3978 1068 4023 ete.
1095 3975 1166 4024 Alter

45 4044 164 4111 alterum,
183 4044 302 4104 55515155,
321 4041 436 4092 55555155
455 4058 515 4093 55555
532 4042 674 4106 compellat.
702 4041 764 4093 Non
781 4043 847 4090 55115
866 4046 903 4090 est
921 4038 1034 4099 absolute
1052 4042 1165 4106 ponitur,

45 4115 103 4163 sine
122 4113 210 4162 dativo
228 4115 361 4175 sequente;
385 4114 415 4160 555
438 4125 513 4176 saepe
531 4109 602 4159 51155.
638 4109 731 4162 Noster
749 4111 825 4159 Serm.
844 4109 871 4172 1,
899 4111 937 4160 10.
962 4125 985 4157 5.
1006 4111 1046 4161 91.
1071 4113 1102 4171 [r.
1122 4113 1164 4173 ld]

45 4179 127 4245 „Non
147 4195 213 4246 ego:
237 4194 300 4230 55555
322 4182 458 4243 55115551,
482 4180 595 4243 equitem
617 4180 685 4228 555151
706 4178 862 4244 prlouderef‘
898 4177 998 4227 Terent.
1016 4178 1116 4229 Phorm.
1136 4179 1166 4237 V,

45 4253 68 4302 6.
89 4262 113 4300 5.
136 4251 174 4301 11.
195 4253 226 4312 [5.
248 4249 289 4310 16]
324 4245 429 4311 ‚Aaou
447 4252 494 4309 eet,
511 4248 537 4295 ei
556 4245 999 4311 1515111551555555555511555515151·
