2810 4764
434 267 613 316 cauumum
633 268 700 315 LIB.
724 271 773 316 111.
796 267 820 317 4.

151 402 303 482 Magnum
326 402 383 468 illa
403 408 555 468 terrorem
576 402 728 468 intulerat
748 406 816 472 Iovi

102 498 141 548 so
155 486 274 552 Fidens
295 487 445 554 iuventus
466 486 596 553 horrida
617 488 766 566 brachiis,

194 571 388 655 Fratresque
411 572 577 639 tendentes
599 591 701 657 opaco

234 657 344 722 Pelion
364 657 547 744 inposuisse
569 657 663 741 Olym
687 677 717 723 o.

150 738 214 805 Sed
237 740 314 822 quid
336 743 510 828 Typhoeus
533 749 565 807 et
585 679 714 808 vatilla
735 740 859 822 Mimas,

150 827 215 890 Aut
236 827 314 907 quid
334 827 449 893 minaei
471 828 670 913 Porphyrion
692 835 787 904 statu,

100 921 136 971 55
194 909 279 989 Quid
300 911 441 979 Rhoetus
463 913 645 995 evolsisque
667 913 787 981 trunois

232 995 413 1063 Enceladus
433 997 588 1063 iaculator
608 997 725 1075 audax,

149 1077 267 1145 Contra
289 1088 454 1148 sonantem
476 1081 619 1153 Palladis
641 1082 759 1165 aegida

147 1165 283 1231 Possunt
303 1171 453 1233 ruentes?
473 1167 546 1233 hino
567 1166 681 1233 aridus
703 1167 791 1234 stetit

191 1249 360 1327 Volcanus,
382 1251 455 1317 hine
475 1259 622 1316 matrona
641 1253 732 1329 luno,
755 1259 787 1318 et

97 1345 135 1397 oo
189 1336 191 1339 ’
232 1334 416 1418 Numquam
438 1337 579 1404 humeris
600 1338 764 1423 positurus
786 1355 904 1413 areum,

147 1419 209 1496 Qui
231 1439 302 1485 rore
323 1442 405 1507 puro
427 1422 590 1489 Castaliae
612 1423 690 1488 lavit

148 1503 252 1570 Orinis
274 1505 406 1586 solutos,
429 1506 485 1590 qui
506 1507 624 1593 Lyoiae
645 1513 732 1593 tenet

187 1591 337 1669 numera,
359 1592 562 1676 natalemque
585 1592 708 1670 silvam,

229 1676 342 1741 Delius
364 1683 396 1742 et
417 1679 573 1743 Patareus
592 1677 718 1763 Apollo.

96 1769 132 1822 65
147 1757 204 1824 Vis
226 1761 337 1825 oonsili
360 1781 475 1848 expers
497 1763 579 1828 mole
601 1762 665 1827 ruit
686 1781 762 1827 sua:

143 1845 215 1909 Vim
239 1851 446 1944 temperatam
467 1847 510 1910 Dr
532 1866 660 1930 quoque
681 1845 858 1933 provehunt

185 1930 223 1994 In
244 1950 364 1996 marus:
386 1932 472 1997 idem
491 1931 590 1997 odere
611 1931 695 1998 vires

456 2066 478 2101 v.
497 2052 538 2101 55.
556 2049 631 2115 Vulg.
650 2049 775 2100 illaesus.

47 2156 139 2215 saeua
156 2164 207 2215 tels
223 2166 357 2218 laetaletur
373 2170 482 2217 maau.“
498 2168 627 2218 Ausonius
643 2168 727 2234 Epist.
737 2166 804 2219 xxt
825 2170 856 2231 [r.
866 2168 892 2230 5]
916 2165 1061 2230 „Flammis
1078 2167 1177 2218 eorusoi

50 2233 173 2283 fulminis
190 2234 348 2285 vibratior.“
384 2234 472 2285 Cicero
488 2235 590 2285 Tnsenl.
609 2237 648 2296 11,
668 2239 692 2287 9.
720 2241 819 2302 „taque
837 2235 978 2286 caelestum
995 2239 1083 2299 sator,
1107 2235 1175 2298 Iaee,

49 2302 174 2363 absarro,
192 2303 221 2350 irs
238 2317 280 2351 me
296 2305 347 2352 rim
364 2318 493 2353 coruscam
512 2304 658 2355 fulminis“:
678 2304 726 2353 Sed
743 2304 794 2354 ism
812 2302 888 2353 nimii
905 2316 1006 2353 sumunt
1021 2302 1031 2352 i
1049 2318 1124 2365 nune,
1142 2310 1175 2365 et,

49 2370 75 2418 si
93 2373 184 2434 potes,
211 2370 343 2420 cadumum
366 2370 453 2436 potius
477 2371 579 2432 fulmen
597 2371 628 2422 ab
646 2371 760 2424 invalida
777 2371 846 2422 Ioris
863 2371 959 2432 (lextra,
977 2385 1052 2434 quam
1069 2386 1084 2420 a
1103 2371 1175 2421 terri·

49 2437 102 2487 bili
122 2437 227 2487 brachio
245 2453 385 2488 coruscam
402 2439 430 2488 in
448 2440 573 2504 Gigantas
592 2444 686 2490 tortum
704 2439 784 2492 erede.
834 2437 836 2441 ’

122 2507 165 2557 46.
183 2504 220 2555 Dt
235 2508 321 2569 artes,
340 2521 477 2573 regnaque
495 2510 593 2572 truella,
610 2508 743 2573 Divosque
760 2505 939 2570 mortalesque
958 2506 1059 2567 trarllas]
1085 2504 1175 2555 Editio

45 2571 154 2622 Veneta
171 2574 286 2624 omnium*
300 2575 420 2641 princeps
439 2581 548 2640 mmor,
569 2580 594 2627 et
611 2576 648 2626 sia
667 2575 747 2626 maior
766 2591 824 2641 pars
835 2572 970 2625 Godioum:
989 2576 1016 2622 at
1031 2573 1174 2623 Loeoherus

50 2640 169 2704 Persas,
187 2656 244 2691 eum
260 2642 404 2693 Batteliano
421 2649 508 2694 nostro
526 2648 552 2694 et
567 2644 691 2696 Petrensi.
724 2644 810 2696 Recte.
846 2643 911 2692 Num
928 2641 978 2691 iem
995 2647 1174 2706 praecesserat,

46 2707 250 2774 Immotumque
270 2709 409 2773 Turmam3
427 2728 509 2776 neque
527 2728 556 2762 ea
574 2728 621 2762 vox
637 2712 678 2763 bis
696 2711 818 2763 iueuleari
837 2710 920 2763 debet.
949 2708 1040 2759 Verum
1057 2709 1096 2759 ibi
1112 2726 1174 2774 quo-

46 2782 100 2840 q'ue
121 2776 221 2826 eodiees
238 2778 352 2844 aliquot,
377 2779 572 2844 Immunemque
592 2778 720 2843 Turtam,
739 2797 789 2831 nou
812 2778 945 2831 Turmarn.
980 2776 1107 2827 Nimirum
1125 2779 1172 2829 hoo

40 2848 151 2895 eertum
169 2850 220 2907 est,
244 2852 289 2896 aut
306 2846 343 2897 ibi
361 2863 415 2899 esse
431 2847 565 2913 legendum
582 2851 774 2914 immanemque
792 2850 909 2911 tartara,
934 2846 1018 2897 ethio
1035 2846 1173 2896 mortales-

45 2928 101 2977 que
122 2917 235 2972 turmas:
266 2919 311 2964 ant
333 2914 371 2964 ibi
396 2921 511 2965 terronam
534 2920 560 2966 et
577 2917 619 2966 hia
638 2918 729 2966 turbas
745 2917 809 2983 poni
826 2919 950 2981 oportere.
985 2913 1074 2978 Neque
1091 2914 1172 2964 hilum

43 2980 101 3030 fere
128 2981 243 3033 interest.
277 2982 326 3033 Sed
350 2984 400 3034 iem
424 2988 504 3033 totum
528 2983 611 3033 loeum
635 2984 777 3045 rideamus,
801 3001 833 3035 ne
860 2982 934 3034 inani
956 2981 1022 3031 torte
1038 2980 1171 3032 verborum

44 3049 163 3113 strepitu
180 3050 264 3113 pulset
281 3051 367 3115 potius
385 3066 465 3113 eures,
485 3066 559 3115 quem
577 3067 652 3102 sensu
670 3055 781 3103 animum
799 3057 903 3117 tengatr
926 3048 999 3112 „Qut
1014 3053 1113 3100 terram
1130 3053 1171 3100 ira·

42 3121 150 3178 artem,
169 3120 216 3181 qai
231 3133 306 3167 mare
324 3123 452 3184 temperat
470 3118 615 3170 Ventorum
633 3125 658 3170 et
674 3116 765 3184 alr-bes,
789 3134 926 3185 rogataque
944 3119 1050 3166 tristia:
1076 3117 1170 3167 Diues·

43 3199 99 3249 que
125 3184 303 3250 mortalesque
328 3187 419 3235 turbas
437 3187 552 3253 Imperio
578 3190 650 3252 regit
673 3203 743 3238 uara
766 3191 876 3253 αεᾳιιο,κ
911 3187 965 3235 Iam
988 3183 1044 3244 dio,
1066 3182 1170 3235 obseero

41 3251 113 3316 quid
133 3250 183 3301 sibi
200 3253 276 3314 velit,
293 3256 372 3303 urbes
389 3260 415 3303 et
431 3256 557 3305 mortales
576 3256 685 3306 turbas?
719 3256 857 3305 Enimvero
874 3256 923 3305 hoe
941 3253 1056 3316 ineptum
1075 3255 1125 3313 est,
1143 3258 1169 3303 et

42 3320 204 3383 Teutologia
222 3336 296 3370 mers.
331 3321 390 3371 Nisi
408 3322 473 3372 forte
489 3324 581 3384 urbes,
604 3340 656 3373 non
673 3323 802 3373 hominum
821 3328 919 3384 coetus,
946 3318 989 3369 sed
1011 3318 1125 3384 lapidum
1143 3326 1169 3371 et

40 3389 179 3454 lignorum
203 3389 346 3453 congeriem
370 3389 447 3439 stulte
464 3391 507 3440 hio
524 3391 689 3456 interpretari
707 3391 777 3441 velis.
812 3390 916 3456 corrige
933 3403 991 3439 vere
1007 3403 1118 3450 meeum,
1143 3395 1169 3439 et

39 3456 182 3520 distingue
199 3472 256 3506 enm
274 3461 356 3507 vetere
369 3458 524 3508 Scholiasta:
542 3457 615 3522 „Qui
631 3464 730 3508 terram
748 3461 868 3522 laertem,
886 3461 934 3525 qui
948 3472 1023 3507 mare
1041 3462 1171 3523 temperat

42 3525 212 3587 Ventorum,¹
231 3530 257 3575 et
272 3525 374 3576 umbras
391 3541 527 3591 regnaque
546 3529 642 3590 tristia,
654 3526 796 3590 Divosque,
813 3527 991 3591 mortalesque
1009 3527 1100 3575 turtur
1119 3525 1168 3576 lm-

34 3594 125 3658 pen'o
143 3595 216 3657 regit
231 3608 302 3643 unus
319 3600 430 3658 aequo.⁴⁸
464 3593 535 3645 Unus
557 3594 625 3659 regit
642 3610 741 3659 omnes,
765 3594 846 3657 Deos,
864 3595 992 3653 homines,
1016 3593 1167 3658 inferosque.

42 3659 164 3714 Umbras
181 3665 208 3710 et
223 3675 309 3726 regau
327 3665 430 3722 tristia3
448 3666 478 3712 nt
496 3662 591 3712 Sanaos
608 3662 697 3712 Medea
714 3679 737 3713 v.
758 3664 797 3716 10.
816 3667 919 3725 ‚maelis
938 3666 1062 3712 aetermae
1078 3662 1165 3725 elaea,

38 3730 150 3781 Auem
168 3732 273 3794 superis
290 3745 529 3795 regna‘menesque
545 3731 650 3796 impios,
667 3731 864 3798 Dominumque
880 3730 954 3796 regni
972 3728 1079 3780 tristis.“
1096 3728 1167 3778 Idem

35 3798 154 3861 Oedipo,
161 3799 219 3851 869.
239 3803 339 3863 „tuque
356 3800 524 3849 tenebrarum
540 3804 641 3863 potens,
654 3799 687 3849 Ia
700 3797 815 3850 Tartara
833 3802 896 3864 lma,
914 3800 997 3849 reetor
1013 3795 1165 3858 umbrarum,

36 3869 139 3931 ναροέι
174 3865 210 3915 Et
227 3865 338 3916 Heroule
356 3866 461 3928 Oetaeo,
485 3883 508 3917 v.
530 3869 603 3919 1478.
623 3869 684 3929 „aa
703 3869 764 3933 tili,
783 3882 885 3919 maenaa
902 3868 968 3917 freta
985 3863 1122 3927 Terraeque
1141 3870 1167 3914 et

36 3932 239 3993 umbrss,'tlais
257 3940 391 3984 ammaus
409 3933 518 3985 datur.“
535 3935 625 4000 Virgil
646 3939 706 3986 Aen.
724 3935 756 3998 V,
767 3937 824 3988 735.
843 3951 914 4000 „aaa
930 3950 972 3985 me
988 3935 1072 3998 impia
1089 3946 1164 3994 aam-

36 4016 95 4065 que
116 3999 221 4050 Tartare
240 4001 342 4064 lateat,
361 4001 496 4067 tristesque
513 4003 642 4054 umbrae.“
660 4008 686 4054 et
703 4004 749 4055 alii
765 4004 868 4070 passim.
1139 4022 1141 4027 ·

116 4070 157 4120 64.
175 4068 270 4118 Delius
286 4074 313 4120 et
329 4069 459 4120 Patareus
476 4071 583 4136 Apollo]
603 4071 685 4122 Codex
703 4076 789 4122 noster
807 4070 987 4136 vigorniensis,
1005 4067 1109 4127 Deliam
1136 4073 1165 4117 ut

35 4134 182 4201 utrobique
201 4137 298 4187 Graece
315 4138 460 4188 enunciatio
479 4140 522 4199 sit,
539 4139 631 4189 Delios
648 4147 675 4191 et
690 4139 828 4203 Patareus,
845 4138 940 4201 Δήλιος
956 4134 1001 4188 καὶ
1011 4132 1163 4204 Hermam

33 4220 106 4267 non,
126 4209 156 4254 nt
172 4205 269 4267 Latini,
287 4205 381 4256 Delius
398 4211 424 4257 et
441 4206 603 4258 Patareasis.
