2834 4758
207 211 269 275 atu
595 226 627 286 a.
650 227 791 274 nonnum
811 226 936 275 mucel

290 361 327 426 In
351 359 577 446 iaperdemus
598 359 705 425 devoti
727 359 895 441 sanguinis
916 366 1022 427 aetas:

249 457 279 508 ιο
362 445 490 529 erisque
512 465 624 510 rursus
646 447 853 530 occupabitur
874 447 987 511 solum.

290 531 453 596 Barbarus
473 531 537 597 heu
559 531 682 596 cineras
703 530 830 597 insistet
850 531 959 613 victor,
981 538 1014 597 et
1034 532 1152 598 Urbem

332 617 442 699 Eques
465 621 598 681 sonante
620 616 800 681 verberabit
822 617 959 697 ungula:

291 699 446 784 Quaeque
468 708 577 767 carent
598 701 701 767 ventis
724 708 757 766 et
779 700 901 767 solibus
923 720 999 766 ossa
1021 701 1145 780 Quirini

333 785 445 866 (Nefas
467 785 589 862 videre)
613 784 784 870 dissipabit
804 785 957 852 insoleus.

247 884 277 936 15
290 871 386 936 Forte
407 870 485 954 quid
507 870 666 956 expediat,
689 872 906 946 communiter,
928 876 986 935 aut
1007 870 1120 936 melior
1140 890 1220 955 pars,

332 955 425 1021 Malis
447 976 555 1021 carere
572 955 732 1037 quaeritis
753 956 939 1021 laboribus?

288 1041 387 1106 Nulla
410 1040 451 1107 sit
473 1041 534 1106 hac
554 1040 659 1126 potior
681 1042 855 1106 sententia:
877 1040 1095 1107 Phocaeorum

333 1127 429 1192 Velut
450 1125 594 1212 profugit
615 1134 780 1191 exsecrata
802 1126 914 1191 civitas

202 1310 331 1364 Facunda
348 1314 418 1373 eritis,
437 1327 484 1361 nec
501 1313 617 1361 sterilem
635 1328 709 1376 seges
726 1310 890 1376 Robigiuem,
908 1315 953 1361 aut
971 1310 1060 1360 dulces
1077 1311 1180 1362 alumni
1188 1311 1329 1373 Pamisus-o

200 1394 286 1445 graue
305 1384 407 1445 tempus
425 1386 524 1431 anaa.“
542 1386 568 1431 et
585 1381 663 1430 Serus.
681 1382 703 1441 I,
723 1382 746 1431 6.
766 1396 788 1428 v.
808 1381 849 1432 68.
884 1378 935 1442 „Si
953 1394 1034 1443 neque
1059 1382 1215 1441 anundum,
1237 1393 1328 1443 neque

201 1446 300 1508 sardes,
319 1447 445 1497 autmala
462 1448 578 1498 treslra“:
597 1454 626 1497 nt
643 1447 682 1498 ibi
698 1447 832 1512 legendnm
850 1463 903 1497 esse
920 1447 1037 1513 pluribus
1054 1447 1183 1515 ostendam
1193 1446 1225 1497 ad
1236 1448 1326 1513 ipsum

148 1526 159 1547 ·
201 1515 292 1564 locum.
329 1514 414 1579 Vulgo
432 1516 646 1566 circumferuntur
662 1515 701 1566 ibi
719 1513 774 1579 Nec
793 1520 818 1566 ut
837 1515 882 1564 Ae.

272 1584 311 1632 15.
335 1582 416 1633 Ferte
433 1583 500 1649 quid
517 1584 654 1650 eoeqeeclr'at]
682 1585 723 1633 Ita
741 1599 826 1633 omnes
844 1583 934 1646 scripti
952 1582 1073 1646 aditique.
1099 1582 1149 1633 Sed
1166 1582 1234 1633 valde
1249 1582 1327 1632 labo·

201 1654 261 1699 rant
278 1651 433 1717 Interpretes
451 1652 480 1701 in
497 1652 652 1718 expedienda
669 1651 801 1702 verborum
819 1651 1020 1702 constructione:
1045 1649 1145 1711 „Forte
1161 1650 1225 1715 quid
1241 1667 1324 1716 eape-

202 1717 273 1780 aiat,
299 1722 488 1783 coaequabitur,
513 1726 561 1771 aut
577 1722 673 1771 melior
688 1736 769 1785 pars,
794 1719 872 1769 Malis
891 1735 983 1771 carere
1008 1720 1138 1783 quaeritis
1162 1719 1325 1768 teneamur

201 1786 283 1836 Iulius
302 1787 417 1853 Scaliger
435 1788 467 1838 ad
485 1788 553 1838 hune
570 1789 672 1838 modum
690 1789 766 1838 verba
783 1787 892 1848 ordinat,
911 1786 1009 1851 „Forte
1026 1789 1200 1836 communiter
1216 1790 1325 1851 quaeri·

203 1858 250 1915 tis,
274 1857 342 1921 quid
359 1856 502 1922 sepediat5
526 1863 575 1907 aut
591 1857 685 1906 metior
702 1871 766 1921 pars
784 1857 912 1920 quaeritis
930 1870 1022 1905 carere
1045 1853 1203 1905 retemtas
1236 1855 1325 1919 Atqui

201 1925 264 1988 boc,
289 1924 392 1989 inquit,
415 1924 485 1974 idem
504 1930 548 1974 eat.
584 1924 620 1973 Et
636 1924 744 1989 proinde
762 1938 868 1973 censura
885 1939 931 1973 sua
948 1922 1039 1971 critica
1056 1926 1137 1971 totum
1154 1923 1220 1971 hunc
1237 1923 1323 1972 locum

201 1992 312 2041 damnat.
350 1994 416 2042 Sane
435 1992 501 2057 quid
519 1992 646 2056 expediet
662 1992 730 2041 nihil
747 1991 818 2041 aliud
835 1994 923 2040 notare
946 1994 1044 2055 potest,
1069 2004 1144 2053 quam
1169 1990 1233 2054 quid
1253 1991 1324 2039 utile
1400 2029 1401 2036 ,

200 2063 250 2122 sr't,·
269 2050 355 2110 eodem
373 2066 457 2111 autem
475 2060 591 2109 recidunt
609 2059 673 2123 quid
691 2059 755 2109 utile
772 2059 815 2119 sit,
834 2065 858 2107 et
875 2058 948 2109 malis
965 2056 1095 2107 laboribus
1113 2073 1204 2107 carere.
1232 2057 1320 2107 Cicero

199 2128 283 2192 Epist.
303 2128 335 2177 ad
352 2129 442 2178 Famil.
461 2128 496 2190 V,
518 2130 557 2180 19.
585 2129 612 2193 [ξ
637 2130 662 2190 2]
698 2128 765 2188 „lt'st
788 2131 857 2175 sustu
883 2143 926 2175 res
947 2127 1068 2191 prolecto
1094 2129 1228 2175 marcisae.-
1254 2125 1323 2190 quid

199 2202 301 2245 rectum
319 2199 361 2258 ait,
382 2201 511 2263 apparet:
530 2196 591 2260 quid
609 2195 735 2261 expediet,
754 2198 893 2244 obserarrm
912 2198 979 2252 est“;
1000 2200 1026 2243 et
1042 2209 1088 2259 pro
1106 2193 1227 2243 Marcello
1245 2210 1265 2243 e.
1281 2196 1318 2245 lt).

200 2264 227 2328 [ξ
246 2266 289 2327 30]
307 2263 406 2326 „Muta
422 2264 588 2326 dubitabant,
607 2264 674 2329 quid
687 2268 815 2329 optimum
833 2269 914 2323 esset5
932 2262 1022 2325 rurelti,
1040 2261 1102 2324 quid
1118 2261 1168 2311 sibi
1177 2263 1321 2326 expediret,-

198 2332 291 2395 multi,
309 2334 377 2397 quid
393 2333 514 2394 deceret,·
536 2332 663 2383 uonreulle'
680 2335 774 2394 ebera,
793 2332 858 2395 quiet
876 2330 993 2380 liceret.“
1027 2329 1132 2378 Ovidius
1150 2331 1224 2381 Pont.
1243 2331 1277 2391 II,
1295 2332 1319 2382 3.

200 2402 233 2462 [r.
251 2403 276 2462 9]
295 2399 393 2464 „Cura
411 2401 473 2465 quid
491 2401 616 2466 expediat,
633 2402 711 2465 prius
729 2404 779 2460 art,
798 2414 877 2463 quam
894 2398 961 2463 quid
975 2400 1013 2446 sr't
1028 2398 1182 2446 honestum:
1209 2397 1244 2447 ltt
1261 2414 1318 2449 crem

198 2466 311 2528 fortuna
329 2475 433 2533 statque
451 2469 575 2533 caditque
592 2467 685 2530 fides.“
719 2467 773 2516 Alii
790 2468 837 2516 hoc
855 2466 943 2517 ordine
960 2466 1035 2515 verba
1052 2472 1205 2525 contexunt3
1223 2466 1321 2529 „Forte

200 2540 376 2585 communiter·
394 2542 442 2586 aret
458 2538 553 2587 melior
570 2552 635 2601 pure
653 2539 796 2600 quaeritis,
819 2534 885 2599 quid
901 2535 1027 2599 expediat
1043 2548 1135 2582 carere
1153 2535 1232 2584 matis
1250 2535 1319 2584 labo·

198 2605 306 2653 ribus“:
326 2605 352 2653 in
371 2619 446 2667 quam
464 2605 616 2654 sententiam
634 2603 759 2668 gregatim
776 2601 884 2668 pedibus
901 2602 1026 2652 accedunt
1042 2601 1191 2670 Lambinus,
1214 2601 1318 2652 Torren-

198 2671 258 2732 tius,
277 2671 399 2720 Ducarius
417 2671 519 2734 aliique.
555 2672 618 2732 Sed,
637 2672 704 2736 quod
722 2688 783 2738 pace
802 2687 887 2721 eorum
904 2670 1000 2719 dictum
1018 2668 1106 2729 velim,
1134 2684 1271 2734 numquam
1288 2685 1317 2720 ex

197 2737 250 2786 illis
268 2738 353 2787 verbis
371 2740 407 2787 sic
426 2739 518 2801 positis
536 2740 661 2788 excudent
686 2756 741 2791 enm
766 2755 880 2799 sensum,
907 2754 982 2802 quem
1008 2737 1058 2786 sibi
1083 2737 1240 2801 confingunt.
1275 2738 1318 2788 Sic

197 2804 266 2854 enim
285 2804 412 2870 explicare
429 2805 533 2865 volunt;
569 2805 661 2870 „Quid
678 2807 805 2873 capediat
821 2822 926 2867 carere,
950 2807 996 2854 hae
1014 2810 1065 2865 est,
1090 2804 1157 2869 quid
1172 2807 1316 2870 mbaeaiat,

197 2878 362 2939 promoveat,
381 2872 504 2934 adirtoet,·
523 2875 589 2939 quid
605 2875 710 2924 areailr'o
729 2882 755 2925 et
771 2875 984 2933 adiumentouit,
1008 2879 1037 2922 ut
1054 2875 1196 2924 careatie.“
1230 2874 1318 2923 Enim-

197 2957 257 2990 vero
276 2941 347 2990 aliud
364 2940 440 3005 plane
464 2946 582 2991 notarent
606 2958 635 2991 ea
659 2944 748 3003 verba,
775 2943 807 2992 ab
831 2942 942 2992 auctoris
966 2946 1049 2991 mente
1072 2956 1175 3005 prorsus
1199 2941 1316 2991 alienum.

197 3009 344 3074 Quaeram,
362 3009 429 3074 quid
446 3010 572 3074 eupedtat
590 3025 681 3060 carere
698 3013 776 3060 matis
795 3012 945 3071 tabariam,-
963 3010 1009 3059 hoc
1028 3014 1106 3069 esset,
1125 3008 1193 3073 quid
1208 3009 1317 3073 referat,

198 3078 265 3143 quid
282 3082 410 3136 attineat,
430 3078 496 3141 quid
513 3081 599 3141 iuuet,
625 3079 691 3143 quid
707 3078 839 3128 coronandi
855 3082 986 3142 apportet.
1021 3076 1100 3140 Atqui
1117 3076 1190 3126 valde
1208 3078 1315 3143 expedit,

196 3148 327 3212 permagni
340 3147 424 3207 refert,
443 3146 596 3210 permultum
606 3148 700 3196 attinet
709 3147 782 3196 malis
791 3146 920 3195 laboribus
938 3145 1055 3196 liberari:
1074 3145 1219 3194 utstultum
1236 3145 1270 3196 sit
1287 3146 1318 3196 de

195 3215 244 3263 hoc
268 3230 397 3278 quaerere
420 3219 445 3262 et
468 3213 616 3265 deliberare.
651 3215 687 3264 Ut
711 3231 742 3264 ne
767 3213 857 3263 addam
881 3213 1070 3263 vitiosissimam
1094 3213 1147 3262 iore
1170 3213 1219 3262 hoc
1243 3219 1315 3278 pacta

195 3281 328 3330 verborum
348 3281 554 3331 collocationem:
573 3297 630 3331 narn
650 3298 742 3331 carere
759 3284 895 3347 quaeritis,
914 3289 943 3330 ut
956 3281 1012 3330 loeo
1025 3282 1315 3347 semutuoeoutingnnt,

195 3350 234 3397 ita
250 3349 278 3397 in
297 3350 484 3399 constructione
502 3365 554 3397 non
573 3355 634 3398 sunt
651 3350 798 3415 separanda.
834 3351 904 3413 Ergo
922 3351 963 3398 vir
981 3349 1098 3413 egregius
1114 3349 1192 3398 Ianus
1209 3350 1313 3413 Rutger·

195 3416 249 3465 sius
266 3417 294 3464 in
311 3416 452 3481 Venusinis
467 3415 635 3466 Lectionibus
655 3418 689 3481 [c.
709 3421 750 3479 ll]
769 3417 844 3466 aliam
862 3420 929 3466 viam
951 3416 1063 3466 insistit:
1087 3416 1123 3466 sia
1147 3417 1215 3466 enim
1239 3418 1314 3467 corri-

194 3484 304 3549 gendum
323 3499 376 3532 esse
393 3482 560 3549 pronuntiat3
587 3484 685 3547 „Forte
704 3486 780 3550 (quod
799 3484 933 3549 superruo
952 3487 1139 3545 communiter,
1158 3490 1208 3534 aut
1222 3484 1315 3535 melior

192 3567 260 3619 pars
277 3550 358 3601 Malis
377 3566 469 3600 carere
487 3554 617 3616 quaeritis
636 3553 809 3602 taborr'bua?“
832 3553 899 3616 quod
917 3554 954 3602 sic
972 3552 1097 3617 explicat:
1116 3550 1257 3615 dertusae
1273 3553 1314 3603 uel

195 3623 370 3671 communiter
380 3618 462 3683 (qued
471 3622 598 3684 optimum
610 3619 715 3684 quidem
728 3627 795 3673 erat)
813 3621 856 3670 oet
871 3623 896 3670 ri
904 3621 934 3669 id
949 3636 1003 3672 nea
1011 3624 1105 3684 potest,
1122 3619 1314 3671 melioratum

192 3705 260 3755 pars
276 3689 355 3738 malie
382 3688 518 3737 tatoribus
545 3702 638 3737 carere
655 3691 819 3753 quaeritisw
856 3689 932 3752 Atqui
952 3705 981 3738 eo
998 3704 1072 3738 sensu
1091 3688 1214 3752 aupediet
1229 3689 1312 3752 potius

193 3757 411 3817 dicendumforet,
430 3755 648 3820 quameupedr'at.
675 3757 729 3805 Nos
738 3756 938 3806 emendationem
956 3757 1038 3820 ipsam
1055 3755 1109 3804 viro
1128 3755 1313 3820 elegantissimo

192 3823 304 3874 libenter
327 3829 456 3889 acceptam
481 3823 627 3873 referimus:
655 3823 699 3873 sed
722 3830 810 3873 nostra
833 3830 859 3873 et
882 3840 948 3874 nova
970 3823 1180 3889 interpretatione
1197 3823 1311 3873 donatam

192 3893 366 3957 proponimus.
404 3893 446 3941 Sic
473 3891 540 3941 enim
567 3892 722 3955 precationis
748 3908 822 3941 sensu
847 3893 923 3941 verba
953 3890 1094 3942 enarranda
1120 3894 1193 3940 sunt:
1230 3892 1310 3953 Forte,

194 3959 277 4023 (quad
292 3959 432 4024 expediat,
456 3959 574 4020 honest,
602 3959 675 4022 quod
688 3962 791 4023 prosit,
818 3959 891 4023 qued
906 3960 973 4009 utile
990 3965 1016 4009 et
1032 3958 1151 4009 salutare
1167 3961 1217 4021 eit,
1243 3960 1314 4024 qnod

193 4026 258 4074 bene
276 4030 387 4091 eueniat,
405 4026 478 4091 quad
495 4027 558 4075 bene
576 4031 602 4075 et
617 4025 734 4086 feliciter
750 4032 845 4090 vertat,
863 4027 936 4091 quod
953 4028 1048 4077 bouum
1064 4026 1134 4087 setta
1145 4025 1312 4092 faustumque
1359 4030 1363 4042 ⁴

192 4094 238 4153 sit)
256 4098 301 4141 aut
317 4109 417 4154 omnes,
437 4097 482 4143 aut
499 4099 567 4142 certe
584 4093 665 4142 maior
683 4108 742 4158 pars
760 4095 883 4157 quaeritis
901 4094 975 4144 malis
992 4094 1121 4145 laboribus
1139 4108 1236 4155 carere,
1260 4094 1310 4145 sive

192 4158 224 4207 de
241 4160 352 4209 remedio
370 4159 490 4209 civilibus
506 4159 581 4209 bellis
599 4160 752 4210 inveniende
762 4162 930 4212 consultatis?
948 4162 1008 4213 Noli
1018 4162 1141 4225 dubitare,
1159 4162 1311 4227 quinrsram
