<?xml version="1.0" encoding="UTF-8"?>
<!DOCTYPE html PUBLIC "-//W3C//DTD XHTML 1.0 Transitional//EN"
    "http://www.w3.org/TR/xhtml1/DTD/xhtml1-transitional.dtd">
<html xmlns="http://www.w3.org/1999/xhtml" xml:lang="en" lang="en">
 <head>
  <title>
</title>
<meta http-equiv="Content-Type" content="text/html;charset=utf-8" />
  <meta name='ocr-system' content='tesseract 3.04.00' />
  <meta name='ocr-capabilities' content='ocr_page ocr_carea ocr_par ocr_line ocrx_word'/>
</head>
<body>
  <div class='ocr_page' id='page_1' title='image "./qhoratiusflaccu02bentgoog_0043.png"; bbox 0 0 2840 4762; ppageno 0'>
   <div class='ocr_carea' id='block_1_1' title="bbox 398 267 792 321">
    <p class='ocr_par' dir='ltr' id='par_1_1' title="bbox 398 267 792 321">
     <span class='ocr_line' id='line_1_1' title="bbox 398 267 792 321; baseline 0 -1"><span class='ocrx_word' id='word_1_1' title='bbox 398 271 578 320; x_wconf 76' lang='lat' dir='ltr'><strong>CARMINUM</strong></span> <span class='ocrx_word' id='word_1_2' title='bbox 598 273 664 320; x_wconf 83' lang='lat' dir='ltr'><strong>LIB·</strong></span> <span class='ocrx_word' id='word_1_3' title='bbox 686 273 708 321; x_wconf 85' lang='lat'>1.</span> <span class='ocrx_word' id='word_1_4' title='bbox 728 268 752 319; x_wconf 83' lang='lat'>2.</span> <span class='ocrx_word' id='word_1_5' title='bbox 768 267 792 321; x_wconf 83' lang='lat'>3.</span> 
     </span>
    </p>
   </div>
   <div class='ocr_carea' id='block_1_2' title="bbox 96 403 801 741">
    <p class='ocr_par' dir='ltr' id='par_1_2' title="bbox 96 403 801 660">
     <span class='ocr_line' id='line_1_2' title="bbox 109 403 801 493; baseline 0.007 -24"><span class='ocrx_word' id='word_1_6' title='bbox 109 403 227 471; x_wconf 78' lang='lat' dir='ltr'>Tollat:</span> <span class='ocrx_word' id='word_1_7' title='bbox 250 403 302 471; x_wconf 90' lang='lat' dir='ltr'>bic</span> <span class='ocrx_word' id='word_1_8' title='bbox 323 412 460 488; x_wconf 75' lang='lat' dir='ltr'>magnos</span> <span class='ocrx_word' id='word_1_9' title='bbox 482 408 589 493; x_wconf 88' lang='lat' dir='ltr'>potius</span> <span class='ocrx_word' id='word_1_10' title='bbox 613 406 801 492; x_wconf 86' lang='lat' dir='ltr'>triumphos,</span> 
     </span>
     <span class='ocr_line' id='line_1_3' title="bbox 96 490 791 578; baseline 0.009 -25"><span class='ocrx_word' id='word_1_11' title='bbox 96 491 170 554; x_wconf 48' lang='lat' dir='ltr'>¹Hie</span> <span class='ocrx_word' id='word_1_12' title='bbox 191 510 278 556; x_wconf 86' lang='lat' dir='ltr'>ames</span> <span class='ocrx_word' id='word_1_13' title='bbox 300 490 363 556; x_wconf 84' lang='lat' dir='ltr'>diei</span> <span class='ocrx_word' id='word_1_14' title='bbox 385 495 481 559; x_wconf 90' lang='lat' dir='ltr'>Pater</span> <span class='ocrx_word' id='word_1_15' title='bbox 503 499 600 574; x_wconf 91' lang='lat' dir='ltr'>atque</span> <span class='ocrx_word' id='word_1_16' title='bbox 621 491 791 578; x_wconf 80' lang='lat' dir='ltr'><strong>Princeps:</strong></span> 
     </span>
     <span class='ocr_line' id='line_1_4' title="bbox 109 576 737 660; baseline 0.003 -19"><span class='ocrx_word' id='word_1_17' title='bbox 109 576 179 641; x_wconf 90' lang='lat' dir='ltr'>Neu</span> <span class='ocrx_word' id='word_1_18' title='bbox 201 576 288 643; x_wconf 88' lang='lat' dir='ltr'>sinas</span> <span class='ocrx_word' id='word_1_19' title='bbox 310 576 420 645; x_wconf 87' lang='lat' dir='ltr'>Medos</span> <span class='ocrx_word' id='word_1_20' title='bbox 443 577 586 660; x_wconf 87' lang='lat' dir='ltr'>equitare</span> <span class='ocrx_word' id='word_1_21' title='bbox 608 577 737 653; x_wconf 89' lang='lat' dir='ltr'>inultos,</span> 
     </span>
    </p>

    <p class='ocr_par' dir='ltr' id='par_1_3' title="bbox 160 661 786 741">
     <span class='ocr_line' id='line_1_5' title="bbox 160 661 786 741; baseline 0.003 -15"><span class='ocrx_word' id='word_1_22' title='bbox 160 678 167 688; x_wconf 90' lang='lat'><strong>·</strong></span> <span class='ocrx_word' id='word_1_23' title='bbox 471 664 518 728; x_wconf 84' lang='lat' dir='ltr'>Te</span> <span class='ocrx_word' id='word_1_24' title='bbox 540 663 631 741; x_wconf 91' lang='lat' dir='ltr'>duce,</span> <span class='ocrx_word' id='word_1_25' title='bbox 655 661 786 728; x_wconf 84' lang='lat' dir='ltr'>Caesar.</span> 
     </span>
    </p>
   </div>
   <div class='ocr_carea' id='block_1_3' title="bbox 551 815 610 879">
    <p class='ocr_par' dir='ltr' id='par_1_4' title="bbox 551 815 610 879">
     <span class='ocr_line' id='line_1_6' title="bbox 551 815 610 879; baseline 0.017 -1"><span class='ocrx_word' id='word_1_26' title='bbox 551 815 610 879; x_wconf 87' lang='grc' dir='ltr'><strong>ΙΙΙ.</strong></span> 
     </span>
    </p>
   </div>
   <div class='ocr_carea' id='block_1_4' title="bbox 108 927 779 1093">
    <p class='ocr_par' dir='ltr' id='par_1_5' title="bbox 108 927 779 1093">
     <span class='ocr_line' id='line_1_7' title="bbox 108 927 688 1080; baseline 0.002 -86"><span class='ocrx_word' id='word_1_27' title='bbox 108 927 160 994; x_wconf 85' lang='lat' dir='ltr'>Sic</span> <span class='ocrx_word' id='word_1_28' title='bbox 173 933 213 1027; x_wconf 74' lang='lat' dir='ltr'>¹te</span> <span class='ocrx_word' id='word_1_29' title='bbox 234 928 318 995; x_wconf 91' lang='lat' dir='ltr'>Diva</span> <span class='ocrx_word' id='word_1_30' title='bbox 339 935 454 1015; x_wconf 91' lang='lat' dir='ltr'>potens</span> <span class='ocrx_word' id='word_1_31' title='bbox 477 929 594 1080; x_wconf 58' lang='lat' dir='ltr'>Cypri,</span> <span class='ocrx_word' id='word_1_32' title='bbox 682 1018 688 1033; x_wconf 32' lang='grc' dir='ltr'>ι</span> 
     </span>
     <span class='ocr_line' id='line_1_8' title="bbox 148 1013 779 1093; baseline 0.008 -15"><span class='ocrx_word' id='word_1_33' title='bbox 148 1013 200 1078; x_wconf 79' lang='lat' dir='ltr'>Sue</span> <span class='ocrx_word' id='word_1_34' title='bbox 221 1013 336 1080; x_wconf 87' lang='lat' dir='ltr'>tratres</span> <span class='ocrx_word' id='word_1_35' title='bbox 358 1016 511 1093; x_wconf 83' lang='lat' dir='ltr'>Helenae,</span> <span class='ocrx_word' id='word_1_36' title='bbox 547 1017 641 1082; x_wconf 84' lang='lat' dir='ltr'>ucrda</span> <span class='ocrx_word' id='word_1_37' title='bbox 663 1018 779 1093; x_wconf 84' lang='lat' dir='ltr'>erdere,</span> 
     </span>
    </p>
   </div>
   <div class='ocr_carea' id='block_1_5' title="bbox 105 1097 720 1352">
    <p class='ocr_par' dir='ltr' id='par_1_6' title="bbox 105 1097 720 1352">
     <span class='ocr_line' id='line_1_9' title="bbox 106 1097 580 1186; baseline 0.006 -24"><span class='ocrx_word' id='word_1_38' title='bbox 106 1097 341 1181; x_wconf 82' lang='lat' dir='ltr'>Ventorumque</span> <span class='ocrx_word' id='word_1_39' title='bbox 365 1108 457 1183; x_wconf 84' lang='lat' dir='ltr'>regat</span> <span class='ocrx_word' id='word_1_40' title='bbox 478 1106 580 1186; x_wconf 87' lang='lat' dir='ltr'>pater,</span> 
     </span>
     <span class='ocr_line' id='line_1_10' title="bbox 147 1182 720 1274; baseline 0.005 -24"><span class='ocrx_word' id='word_1_41' title='bbox 147 1182 315 1250; x_wconf 87' lang='lat' dir='ltr'>Obstrietis</span> <span class='ocrx_word' id='word_1_42' title='bbox 337 1183 409 1250; x_wconf 90' lang='lat' dir='ltr'>aliis</span> <span class='ocrx_word' id='word_1_43' title='bbox 431 1191 558 1271; x_wconf 89' lang='lat' dir='ltr'>praeter</span> <span class='ocrx_word' id='word_1_44' title='bbox 579 1187 720 1274; x_wconf 81' lang='lat' dir='ltr'>Iapyga3</span> 
     </span>
     <span class='ocr_line' id='line_1_11' title="bbox 105 1265 580 1352; baseline 0.008 -20"><span class='ocrx_word' id='word_1_45' title='bbox 105 1265 215 1345; x_wconf 86' lang='lat' dir='ltr'>Navis,</span> <span class='ocrx_word' id='word_1_46' title='bbox 238 1289 321 1352; x_wconf 89' lang='lat' dir='ltr'>quae</span> <span class='ocrx_word' id='word_1_47' title='bbox 343 1269 402 1335; x_wconf 91' lang='lat' dir='ltr'>tibi</span> <span class='ocrx_word' id='word_1_48' title='bbox 424 1269 580 1337; x_wconf 87' lang='lat' dir='ltr'>creditum</span> 
     </span>
    </p>
   </div>
   <div class='ocr_carea' id='block_1_6' title="bbox 99 1353 889 2453">
    <p class='ocr_par' dir='ltr' id='par_1_7' title="bbox 103 1353 733 1526">
     <span class='ocr_line' id='line_1_12' title="bbox 145 1353 733 1436; baseline 0.01 -19"><span class='ocrx_word' id='word_1_49' title='bbox 145 1354 253 1421; x_wconf 86' lang='lat' dir='ltr'>Debes</span> <span class='ocrx_word' id='word_1_50' title='bbox 276 1353 456 1436; x_wconf 77' lang='lat' dir='ltr'>Virgilium,</span> <span class='ocrx_word' id='word_1_51' title='bbox 478 1355 596 1421; x_wconf 88' lang='lat' dir='ltr'>tinibus</span> <span class='ocrx_word' id='word_1_52' title='bbox 618 1355 733 1423; x_wconf 87' lang='lat' dir='ltr'>Atticis</span> 
     </span>
     <span class='ocr_line' id='line_1_13' title="bbox 103 1437 602 1526; baseline 0.004 -23"><span class='ocrx_word' id='word_1_53' title='bbox 103 1437 232 1504; x_wconf 84' lang='lat' dir='ltr'>Reddas</span> <span class='ocrx_word' id='word_1_54' title='bbox 253 1438 457 1517; x_wconf 89' lang='lat' dir='ltr'>incolumem,</span> <span class='ocrx_word' id='word_1_55' title='bbox 479 1461 602 1526; x_wconf 91' lang='lat' dir='ltr'>precor,</span> 
     </span>
    </p>

    <p class='ocr_par' dir='ltr' id='par_1_8' title="bbox 101 1524 777 1695">
     <span class='ocr_line' id='line_1_14' title="bbox 144 1524 777 1593; baseline 0.008 -5"><span class='ocrx_word' id='word_1_56' title='bbox 144 1524 187 1588; x_wconf 86' lang='lat' dir='ltr'>Et</span> <span class='ocrx_word' id='word_1_57' title='bbox 207 1544 317 1590; x_wconf 88' lang='lat' dir='ltr'>serves</span> <span class='ocrx_word' id='word_1_58' title='bbox 338 1524 465 1593; x_wconf 90' lang='lat' dir='ltr'>animae</span> <span class='ocrx_word' id='word_1_59' title='bbox 487 1524 654 1593; x_wconf 90' lang='lat' dir='ltr'>dimidium</span> <span class='ocrx_word' id='word_1_60' title='bbox 676 1547 777 1593; x_wconf 88' lang='lat' dir='ltr'>meae.</span> 
     </span>
     <span class='ocr_line' id='line_1_15' title="bbox 101 1608 545 1695; baseline 0.009 -23"><span class='ocrx_word' id='word_1_61' title='bbox 101 1608 153 1672; x_wconf 90' lang='lat' dir='ltr'>Illi</span> <span class='ocrx_word' id='word_1_62' title='bbox 175 1610 272 1675; x_wconf 91' lang='lat' dir='ltr'>robur</span> <span class='ocrx_word' id='word_1_63' title='bbox 294 1615 326 1674; x_wconf 92' lang='lat' dir='ltr'>et</span> <span class='ocrx_word' id='word_1_64' title='bbox 347 1630 404 1677; x_wconf 90' lang='lat' dir='ltr'>aes</span> <span class='ocrx_word' id='word_1_65' title='bbox 427 1610 545 1695; x_wconf 83' lang='lat' dir='ltr'>triplex</span> 
     </span>
    </p>

    <p class='ocr_par' dir='ltr' id='par_1_9' title="bbox 103 1693 830 1866">
     <span class='ocr_line' id='line_1_16' title="bbox 148 1693 830 1781; baseline 0.004 -24"><span class='ocrx_word' id='word_1_66' title='bbox 148 1693 240 1759; x_wconf 80' lang='lat' dir='ltr'>Oirea</span> <span class='ocrx_word' id='word_1_67' title='bbox 262 1700 376 1781; x_wconf 89' lang='lat' dir='ltr'>peetus</span> <span class='ocrx_word' id='word_1_68' title='bbox 397 1707 477 1773; x_wconf 88' lang='lat' dir='ltr'>erat,</span> <span class='ocrx_word' id='word_1_69' title='bbox 500 1695 556 1778; x_wconf 93' lang='lat' dir='ltr'>qui</span> <span class='ocrx_word' id='word_1_70' title='bbox 578 1695 727 1778; x_wconf 78' lang='lat' dir='ltr'>fragilem</span> <span class='ocrx_word' id='word_1_71' title='bbox 749 1696 830 1762; x_wconf 88' lang='lat' dir='ltr'>truci</span> 
     </span>
     <span class='ocr_line' id='line_1_17' title="bbox 103 1776 523 1866; baseline 0.005 -23"><span class='ocrx_word' id='word_1_72' title='bbox 103 1776 261 1845; x_wconf 83' lang='lat' dir='ltr'>Conmisit</span> <span class='ocrx_word' id='word_1_73' title='bbox 282 1780 399 1866; x_wconf 82' lang='lat' dir='ltr'>pelago</span> <span class='ocrx_word' id='word_1_74' title='bbox 421 1786 523 1845; x_wconf 87' lang='lat' dir='ltr'>ratem</span> 
     </span>
    </p>

    <p class='ocr_par' dir='ltr' id='par_1_10' title="bbox 99 1863 889 2033">
     <span class='ocr_line' id='line_1_18' title="bbox 144 1863 889 1951; baseline 0.005 -22"><span class='ocrx_word' id='word_1_75' title='bbox 144 1863 281 1942; x_wconf 80' lang='lat' dir='ltr'>Primus,</span> <span class='ocrx_word' id='word_1_76' title='bbox 303 1884 362 1932; x_wconf 91' lang='lat' dir='ltr'>nee</span> <span class='ocrx_word' id='word_1_77' title='bbox 386 1863 492 1931; x_wconf 86' lang='lat' dir='ltr'>timuit</span> <span class='ocrx_word' id='word_1_78' title='bbox 513 1863 721 1951; x_wconf 88' lang='lat' dir='ltr'>praeeipitem</span> <span class='ocrx_word' id='word_1_79' title='bbox 745 1866 889 1933; x_wconf 85' lang='lat' dir='ltr'>Africum</span> 
     </span>
     <span class='ocr_line' id='line_1_19' title="bbox 99 1948 572 2033; baseline 0.006 -21"><span class='ocrx_word' id='word_1_80' title='bbox 99 1948 325 2014; x_wconf 87' lang='lat' dir='ltr'>Decertantem</span> <span class='ocrx_word' id='word_1_81' title='bbox 348 1949 572 2033; x_wconf 79' lang='lat' dir='ltr'>Aquilonibus,</span> 
     </span>
    </p>

    <p class='ocr_par' dir='ltr' id='par_1_11' title="bbox 104 2033 835 2195">
     <span class='ocr_line' id='line_1_20' title="bbox 141 2033 835 2120; baseline 0.004 -21"><span class='ocrx_word' id='word_1_82' title='bbox 141 2034 209 2100; x_wconf 86' lang='lat' dir='ltr'>Nec</span> <span class='ocrx_word' id='word_1_83' title='bbox 231 2033 332 2100; x_wconf 85' lang='lat' dir='ltr'>tristis</span> <span class='ocrx_word' id='word_1_84' title='bbox 354 2034 497 2120; x_wconf 87' lang='lat' dir='ltr'>Hyadas,</span> <span class='ocrx_word' id='word_1_85' title='bbox 519 2054 579 2102; x_wconf 87' lang='lat' dir='ltr'>nee</span> <span class='ocrx_word' id='word_1_86' title='bbox 600 2034 722 2101; x_wconf 78' lang='lat' dir='ltr'>rabiem</span> <span class='ocrx_word' id='word_1_87' title='bbox 743 2036 835 2102; x_wconf 84' lang='lat' dir='ltr'>Noti:</span> 
     </span>
     <span class='ocr_line' id='line_1_21' title="bbox 104 2118 570 2195; baseline 0.004 -13"><span class='ocrx_word' id='word_1_88' title='bbox 104 2118 176 2195; x_wconf 84' lang='lat' dir='ltr'>Quo</span> <span class='ocrx_word' id='word_1_89' title='bbox 198 2140 261 2185; x_wconf 92' lang='lat' dir='ltr'>non</span> <span class='ocrx_word' id='word_1_90' title='bbox 284 2119 405 2186; x_wconf 84' lang='lat' dir='ltr'>arbiter</span> <span class='ocrx_word' id='word_1_91' title='bbox 425 2121 570 2186; x_wconf 84' lang='lat' dir='ltr'>Hadriae</span> 
     </span>
    </p>

    <p class='ocr_par' dir='ltr' id='par_1_12' title="bbox 100 2202 810 2373">
     <span class='ocr_line' id='line_1_22' title="bbox 141 2202 810 2292; baseline -0.003 -23"><span class='ocrx_word' id='word_1_92' title='bbox 141 2203 252 2283; x_wconf 88' lang='lat' dir='ltr'>Maior,</span> <span class='ocrx_word' id='word_1_93' title='bbox 275 2205 386 2272; x_wconf 90' lang='lat' dir='ltr'>tollere</span> <span class='ocrx_word' id='word_1_94' title='bbox 409 2225 467 2273; x_wconf 87' lang='lat' dir='ltr'>seu</span> <span class='ocrx_word' id='word_1_95' title='bbox 489 2225 607 2292; x_wconf 91' lang='lat' dir='ltr'>ponere</span> <span class='ocrx_word' id='word_1_96' title='bbox 629 2202 696 2271; x_wconf 86' lang='lat' dir='ltr'>volt</span> <span class='ocrx_word' id='word_1_97' title='bbox 718 2204 810 2271; x_wconf 83' lang='lat' dir='ltr'>treta.</span> 
     </span>
     <span class='ocr_line' id='line_1_23' title="bbox 100 2288 637 2373; baseline 0.006 -20"><span class='ocrx_word' id='word_1_98' title='bbox 100 2288 205 2366; x_wconf 83' lang='lat' dir='ltr'>Quem</span> <span class='ocrx_word' id='word_1_99' title='bbox 226 2289 339 2365; x_wconf 90' lang='lat' dir='ltr'>mortis</span> <span class='ocrx_word' id='word_1_100' title='bbox 362 2289 468 2357; x_wconf 86' lang='lat' dir='ltr'>timuit</span> <span class='ocrx_word' id='word_1_101' title='bbox 490 2291 637 2373; x_wconf 86' lang='lat' dir='ltr'>gradum,</span> 
     </span>
    </p>

    <p class='ocr_par' dir='ltr' id='par_1_13' title="bbox 141 2373 787 2453">
     <span class='ocr_line' id='line_1_24' title="bbox 141 2373 787 2453; baseline 0.002 -15"><span class='ocrx_word' id='word_1_102' title='bbox 141 2374 204 2453; x_wconf 74' lang='lat' dir='ltr'>eui</span> <span class='ocrx_word' id='word_1_103' title='bbox 226 2375 322 2442; x_wconf 91' lang='lat' dir='ltr'>rectis</span> <span class='ocrx_word' id='word_1_104' title='bbox 345 2376 447 2442; x_wconf 90' lang='lat' dir='ltr'>oculis</span> <span class='ocrx_word' id='word_1_105' title='bbox 468 2382 612 2443; x_wconf 89' lang='lat' dir='ltr'>monstra</span> <span class='ocrx_word' id='word_1_106' title='bbox 633 2373 787 2453; x_wconf 88' lang='lat' dir='ltr'>natantia,</span> 
     </span>
    </p>
   </div>
   <div class='ocr_carea' id='block_1_7' title="bbox 317 2492 608 2558">
    <p class='ocr_par' dir='ltr' id='par_1_14' title="bbox 317 2492 608 2558">
     <span class='ocr_line' id='line_1_25' title="bbox 317 2492 608 2558; baseline -0.003 -15"><span class='ocrx_word' id='word_1_107' title='bbox 317 2511 340 2543; x_wconf 86' lang='lat' dir='ltr'>v.</span> <span class='ocrx_word' id='word_1_108' title='bbox 361 2495 401 2547; x_wconf 80' lang='lat'>18.</span> <span class='ocrx_word' id='word_1_109' title='bbox 418 2492 495 2558; x_wconf 85' lang='lat' dir='ltr'>Vulg.</span> <span class='ocrx_word' id='word_1_110' title='bbox 515 2492 608 2545; x_wconf 79' lang='lat' dir='ltr'>Siccis.</span> 
     </span>
    </p>
   </div>
   <div class='ocr_carea' id='block_1_8' title="bbox 89 2642 1142 4274">
    <p class='ocr_par' dir='ltr' id='par_1_15' title="bbox 89 2642 1142 4274">
     <span class='ocr_line' id='line_1_26' title="bbox 93 2642 1142 2709; baseline 0.005 -15"><span class='ocrx_word' id='word_1_111' title='bbox 93 2659 122 2692; x_wconf 83' lang='lat' dir='ltr'>ua</span> <span class='ocrx_word' id='word_1_112' title='bbox 138 2642 269 2699; x_wconf 68' lang='lat' dir='ltr'>Quirinir‘</span> <span class='ocrx_word' id='word_1_113' title='bbox 303 2646 344 2695; x_wconf 87' lang='lat' dir='ltr'>Ita</span> <span class='ocrx_word' id='word_1_114' title='bbox 361 2662 458 2697; x_wconf 88' lang='lat' dir='ltr'>summo</span> <span class='ocrx_word' id='word_1_115' title='bbox 481 2661 607 2697; x_wconf 85' lang='lat' dir='ltr'>consensu</span> <span class='ocrx_word' id='word_1_116' title='bbox 629 2660 715 2699; x_wconf 83' lang='lat' dir='ltr'>omues</span> <span class='ocrx_word' id='word_1_117' title='bbox 739 2642 834 2709; x_wconf 87' lang='lat' dir='ltr'>ubique</span> <span class='ocrx_word' id='word_1_118' title='bbox 858 2645 971 2696; x_wconf 82' lang='lat' dir='ltr'>eodioes:</span> <span class='ocrx_word' id='word_1_119' title='bbox 995 2651 1025 2696; x_wconf 90' lang='lat' dir='ltr'>ut</span> <span class='ocrx_word' id='word_1_120' title='bbox 1050 2647 1142 2700; x_wconf 82' lang='lat' dir='ltr'>melius</span> 
     </span>
     <span class='ocr_line' id='line_1_27' title="bbox 91 2710 944 2777; baseline 0.007 -17"><span class='ocrx_word' id='word_1_121' title='bbox 91 2729 104 2760; x_wconf 87' lang='lat' dir='ltr'>r</span> <span class='ocrx_word' id='word_1_122' title='bbox 130 2710 208 2762; x_wconf 83' lang='lat' dir='ltr'>tuerit</span> <span class='ocrx_word' id='word_1_123' title='bbox 224 2717 352 2777; x_wconf 87' lang='lat' dir='ltr'>receptam</span> <span class='ocrx_word' id='word_1_124' title='bbox 370 2714 447 2764; x_wconf 84' lang='lat' dir='ltr'>toties</span> <span class='ocrx_word' id='word_1_125' title='bbox 463 2713 599 2764; x_wconf 89' lang='lat' dir='ltr'>lectionem</span> <span class='ocrx_word' id='word_1_126' title='bbox 617 2728 669 2766; x_wconf 90' lang='lat' dir='ltr'>nou</span> <span class='ocrx_word' id='word_1_127' title='bbox 687 2717 780 2763; x_wconf 85' lang='lat' dir='ltr'>temera</span> <span class='ocrx_word' id='word_1_128' title='bbox 798 2712 944 2766; x_wconf 81' lang='lat' dir='ltr'>suflicitare.</span> 
     </span>
     <span class='ocr_line' id='line_1_28' title="bbox 90 2777 1139 2846; baseline 0.005 -18"><span class='ocrx_word' id='word_1_129' title='bbox 90 2780 120 2829; x_wconf 74' lang='lat'>8.</span> <span class='ocrx_word' id='word_1_130' title='bbox 140 2777 194 2842; x_wconf 73' lang='lat' dir='ltr'>Orci</span> <span class='ocrx_word' id='word_1_131' title='bbox 203 2782 282 2831; x_wconf 74' lang='lat' dir='ltr'>a‘ccis</span> <span class='ocrx_word' id='word_1_132' title='bbox 299 2782 384 2832; x_wconf 77' lang='lat' dir='ltr'>emilie</span> <span class='ocrx_word' id='word_1_133' title='bbox 400 2787 522 2832; x_wconf 81' lang='lat' dir='ltr'>monstra</span> <span class='ocrx_word' id='word_1_134' title='bbox 539 2784 675 2843; x_wconf 81' lang='lat' dir='ltr'>notantia]</span> <span class='ocrx_word' id='word_1_135' title='bbox 686 2781 815 2846; x_wconf 81' lang='lat' dir='ltr'>Egregius</span> <span class='ocrx_word' id='word_1_136' title='bbox 825 2796 883 2832; x_wconf 83' lang='lat' dir='ltr'>vero</span> <span class='ocrx_word' id='word_1_137' title='bbox 893 2780 973 2841; x_wconf 87' lang='lat' dir='ltr'>loeus,</span> <span class='ocrx_word' id='word_1_138' title='bbox 983 2786 1045 2832; x_wconf 86' lang='lat' dir='ltr'>utet</span> <span class='ocrx_word' id='word_1_139' title='bbox 1057 2788 1139 2833; x_wconf 89' lang='lat' dir='ltr'>totum</span> 
     </span>
     <span class='ocr_line' id='line_1_29' title="bbox 96 2848 1139 2915; baseline 0.006 -20"><span class='ocrx_word' id='word_1_140' title='bbox 96 2862 198 2897; x_wconf 87' lang='lat' dir='ltr'>carmon</span> <span class='ocrx_word' id='word_1_141' title='bbox 222 2863 274 2898; x_wconf 89' lang='lat' dir='ltr'>nou</span> <span class='ocrx_word' id='word_1_142' title='bbox 301 2848 414 2914; x_wconf 86' lang='lat' dir='ltr'>vulgaria</span> <span class='ocrx_word' id='word_1_143' title='bbox 440 2853 480 2900; x_wconf 89' lang='lat' dir='ltr'>est</span> <span class='ocrx_word' id='word_1_144' title='bbox 502 2850 609 2915; x_wconf 86' lang='lat' dir='ltr'>spiritus</span> <span class='ocrx_word' id='word_1_145' title='bbox 633 2854 710 2914; x_wconf 87' lang='lat' dir='ltr'>atque</span> <span class='ocrx_word' id='word_1_146' title='bbox 727 2850 806 2899; x_wconf 84' lang='lat' dir='ltr'>artis:</span> <span class='ocrx_word' id='word_1_147' title='bbox 832 2854 877 2899; x_wconf 88' lang='lat' dir='ltr'>aut</span> <span class='ocrx_word' id='word_1_148' title='bbox 894 2852 978 2899; x_wconf 87' lang='lat' dir='ltr'>tamen</span> <span class='ocrx_word' id='word_1_149' title='bbox 996 2851 1082 2900; x_wconf 87' lang='lat' dir='ltr'>omnia</span> <span class='ocrx_word' id='word_1_150' title='bbox 1099 2867 1139 2902; x_wconf 88' lang='lat' dir='ltr'>me</span> 
     </span>
     <span class='ocr_line' id='line_1_30' title="bbox 91 2917 1140 2983; baseline 0.005 -20"><span class='ocrx_word' id='word_1_151' title='bbox 91 2921 116 2977; x_wconf 94' lang='lat' dir='ltr'>t,</span> <span class='ocrx_word' id='word_1_152' title='bbox 139 2920 186 2965; x_wconf 90' lang='lat' dir='ltr'>aut</span> <span class='ocrx_word' id='word_1_153' title='bbox 209 2920 282 2980; x_wconf 86' lang='lat' dir='ltr'>turpe</span> <span class='ocrx_word' id='word_1_154' title='bbox 300 2917 342 2967; x_wconf 91' lang='lat' dir='ltr'>hio</span> <span class='ocrx_word' id='word_1_155' title='bbox 360 2918 407 2968; x_wconf 88' lang='lat' dir='ltr'>sub</span> <span class='ocrx_word' id='word_1_156' title='bbox 424 2917 491 2982; x_wconf 90' lang='lat' dir='ltr'>pelle</span> <span class='ocrx_word' id='word_1_157' title='bbox 508 2917 601 2968; x_wconf 89' lang='lat' dir='ltr'>deeora</span> <span class='ocrx_word' id='word_1_158' title='bbox 616 2917 735 2969; x_wconf 87' lang='lat' dir='ltr'>mendum</span> <span class='ocrx_word' id='word_1_159' title='bbox 752 2917 887 2969; x_wconf 70' lang='lat' dir='ltr'>delitescit.</span> <span class='ocrx_word' id='word_1_160' title='bbox 922 2917 1059 2968; x_wconf 79' lang='lat' dir='ltr'>Videamus</span> <span class='ocrx_word' id='word_1_161' title='bbox 1077 2919 1140 2983; x_wconf 88' lang='lat' dir='ltr'>quid</span> 
     </span>
     <span class='ocr_line' id='line_1_31' title="bbox 89 2983 1140 3052; baseline 0.005 -21"><span class='ocrx_word' id='word_1_162' title='bbox 89 2987 114 3031; x_wconf 88' lang='lat' dir='ltr'>t:</span> <span class='ocrx_word' id='word_1_163' title='bbox 138 2983 203 3045; x_wconf 86' lang='lat' dir='ltr'>„llli</span> <span class='ocrx_word' id='word_1_164' title='bbox 225 2984 309 3037; x_wconf 80' lang='lat' dir='ltr'>roim·</span> <span class='ocrx_word' id='word_1_165' title='bbox 332 2991 360 3035; x_wconf 84' lang='lat' dir='ltr'>et</span> <span class='ocrx_word' id='word_1_166' title='bbox 376 3001 421 3037; x_wconf 79' lang='lat' dir='ltr'>aec</span> <span class='ocrx_word' id='word_1_167' title='bbox 439 2986 540 3052; x_wconf 74' lang='lat' dir='ltr'>triplam</span> <span class='ocrx_word' id='word_1_168' title='bbox 559 2983 637 3039; x_wconf 81' lang='lat' dir='ltr'>Circa</span> <span class='ocrx_word' id='word_1_169' title='bbox 653 2989 747 3051; x_wconf 83' lang='lat' dir='ltr'>pectas</span> <span class='ocrx_word' id='word_1_170' title='bbox 765 2990 838 3047; x_wconf 80' lang='lat' dir='ltr'>erat,</span> <span class='ocrx_word' id='word_1_171' title='bbox 856 2987 905 3049; x_wconf 79' lang='lat' dir='ltr'>qai</span> <span class='ocrx_word' id='word_1_172' title='bbox 920 2984 1049 3049; x_wconf 76' lang='lat' dir='ltr'>fragilem</span> <span class='ocrx_word' id='word_1_173' title='bbox 1067 2989 1140 3036; x_wconf 80' lang='lat' dir='ltr'>truci</span> 
     </span>
     <span class='ocr_line' id='line_1_32' title="bbox 90 3050 1140 3117; baseline 0.005 -18"><span class='ocrx_word' id='word_1_174' title='bbox 90 3052 147 3100; x_wconf 80' lang='lat' dir='ltr'>sirit</span> <span class='ocrx_word' id='word_1_175' title='bbox 163 3050 261 3116; x_wconf 80' lang='lat' dir='ltr'>pelago</span> <span class='ocrx_word' id='word_1_176' title='bbox 279 3058 364 3103; x_wconf 83' lang='lat' dir='ltr'>rotem</span> <span class='ocrx_word' id='word_1_177' title='bbox 381 3053 503 3115; x_wconf 47' lang='lat' dir='ltr'>Primum·</span> <span class='ocrx_word' id='word_1_178' title='bbox 520 3083 555 3092; x_wconf 79' lang='lat'>-</span> <span class='ocrx_word' id='word_1_179' title='bbox 566 3082 601 3091; x_wconf 92' lang='lat'>-</span> <span class='ocrx_word' id='word_1_180' title='bbox 618 3052 700 3116; x_wconf 73' lang='lat' dir='ltr'>(lesem</span> <span class='ocrx_word' id='word_1_181' title='bbox 718 3056 812 3103; x_wconf 78' lang='lat' dir='ltr'>mortis</span> <span class='ocrx_word' id='word_1_182' title='bbox 830 3055 920 3103; x_wconf 78' lang='lat' dir='ltr'>timuit</span> <span class='ocrx_word' id='word_1_183' title='bbox 934 3053 1066 3117; x_wconf 79' lang='lat' dir='ltr'>gradum,</span> <span class='ocrx_word' id='word_1_184' title='bbox 1087 3052 1140 3115; x_wconf 75' lang='lat' dir='ltr'>(leci</span> 
     </span>
     <span class='ocr_line' id='line_1_33' title="bbox 111 3117 1138 3185; baseline 0.005 -18"><span class='ocrx_word' id='word_1_185' title='bbox 111 3117 195 3168; x_wconf 90' lang='lat' dir='ltr'>oculis</span> <span class='ocrx_word' id='word_1_186' title='bbox 219 3125 340 3171; x_wconf 78' lang='lat' dir='ltr'>monstra</span> <span class='ocrx_word' id='word_1_187' title='bbox 369 3124 507 3185; x_wconf 81' lang='lat' dir='ltr'>natantia,</span> <span class='ocrx_word' id='word_1_188' title='bbox 540 3122 595 3185; x_wconf 78' lang='lat' dir='ltr'>Qui</span> <span class='ocrx_word' id='word_1_189' title='bbox 619 3121 688 3171; x_wconf 77' lang='lat' dir='ltr'>cidit</span> <span class='ocrx_word' id='word_1_190' title='bbox 711 3136 786 3171; x_wconf 84' lang='lat' dir='ltr'>mare</span> <span class='ocrx_word' id='word_1_191' title='bbox 811 3120 947 3170; x_wconf 81' lang='lat' dir='ltr'>turbidum</span> <span class='ocrx_word' id='word_1_192' title='bbox 970 3125 996 3170; x_wconf 85' lang='lat' dir='ltr'>et</span> <span class='ocrx_word' id='word_1_193' title='bbox 1019 3119 1138 3179; x_wconf 80' lang='lat' dir='ltr'>Infernae</span> 
     </span>
     <span class='ocr_line' id='line_1_34' title="bbox 92 3185 1139 3253; baseline 0.005 -19"><span class='ocrx_word' id='word_1_194' title='bbox 92 3185 132 3235; x_wconf 81' lang='lat' dir='ltr'>loc</span> <span class='ocrx_word' id='word_1_195' title='bbox 148 3186 373 3239; x_wconf 77' lang='lat' dir='ltr'>Acroceraunia?</span> <span class='ocrx_word' id='word_1_196' title='bbox 396 3187 447 3238; x_wconf 90' lang='lat' dir='ltr'>Ubi</span> <span class='ocrx_word' id='word_1_197' title='bbox 471 3194 539 3241; x_wconf 87' lang='lat' dir='ltr'>reete</span> <span class='ocrx_word' id='word_1_198' title='bbox 564 3189 719 3240; x_wconf 72' lang='lat' dir='ltr'>scholiastes</span> <span class='ocrx_word' id='word_1_199' title='bbox 745 3191 823 3239; x_wconf 74' lang='lat' dir='ltr'>ciceia</span> <span class='ocrx_word' id='word_1_200' title='bbox 847 3187 931 3239; x_wconf 77' lang='lat' dir='ltr'>oculis</span> <span class='ocrx_word' id='word_1_201' title='bbox 953 3187 1139 3253; x_wconf 80' lang='lat' dir='ltr'>interpretatur</span> 
     </span>
     <span class='ocr_line' id='line_1_35' title="bbox 90 3253 1137 3320; baseline 0.005 -17"><span class='ocrx_word' id='word_1_202' title='bbox 90 3253 218 3318; x_wconf 75' lang='lat' dir='ltr'>&#39;acrimie,</span> <span class='ocrx_word' id='word_1_203' title='bbox 242 3256 332 3306; x_wconf 80' lang='lat' dir='ltr'>testem</span> <span class='ocrx_word' id='word_1_204' title='bbox 355 3256 480 3307; x_wconf 79' lang='lat' dir='ltr'>advocans</span> <span class='ocrx_word' id='word_1_205' title='bbox 497 3257 645 3320; x_wconf 86' lang='lat' dir='ltr'>Lucanum,</span> <span class='ocrx_word' id='word_1_206' title='bbox 673 3256 719 3319; x_wconf 89' lang='lat' dir='ltr'>IX,</span> <span class='ocrx_word' id='word_1_207' title='bbox 748 3258 821 3309; x_wconf 78' lang='lat'>1044.</span> <span class='ocrx_word' id='word_1_208' title='bbox 855 3256 922 3320; x_wconf 76' lang='lat' dir='ltr'>„qai</span> <span class='ocrx_word' id='word_1_209' title='bbox 946 3255 1014 3305; x_wconf 86' lang='lat' dir='ltr'>sicco</span> <span class='ocrx_word' id='word_1_210' title='bbox 1040 3255 1137 3308; x_wconf 89' lang='lat' dir='ltr'>lumine</span> 
     </span>
     <span class='ocr_line' id='line_1_36' title="bbox 90 3320 1136 3388; baseline 0.003 -17"><span class='ocrx_word' id='word_1_211' title='bbox 90 3337 117 3371; x_wconf 74' lang='lat' dir='ltr'>aa</span> <span class='ocrx_word' id='word_1_212' title='bbox 140 3320 249 3373; x_wconf 79' lang='lat' dir='ltr'>Viderit</span> <span class='ocrx_word' id='word_1_213' title='bbox 270 3324 437 3375; x_wconf 72' lang='lat' dir='ltr'>Emathiae‘·</span> <span class='ocrx_word' id='word_1_214' title='bbox 473 3323 521 3374; x_wconf 81' lang='lat' dir='ltr'>(lui</span> <span class='ocrx_word' id='word_1_215' title='bbox 544 3324 622 3375; x_wconf 88' lang='lat' dir='ltr'>addas</span> <span class='ocrx_word' id='word_1_216' title='bbox 645 3324 707 3375; x_wconf 86' lang='lat' dir='ltr'>lieet</span> <span class='ocrx_word' id='word_1_217' title='bbox 724 3325 845 3375; x_wconf 85' lang='lat' dir='ltr'>Senecam</span> <span class='ocrx_word' id='word_1_218' title='bbox 867 3322 898 3373; x_wconf 88' lang='lat' dir='ltr'>da</span> <span class='ocrx_word' id='word_1_219' title='bbox 920 3321 1062 3388; x_wconf 77' lang='lat' dir='ltr'>tranquill</span> <span class='ocrx_word' id='word_1_220' title='bbox 1080 3323 1136 3374; x_wconf 86' lang='lat' dir='ltr'>XV.</span> 
     </span>
     <span class='ocr_line' id='line_1_37' title="bbox 90 3390 1138 3454; baseline 0.004 -15"><span class='ocrx_word' id='word_1_221' title='bbox 90 3391 150 3454; x_wconf 79' lang='lat' dir='ltr'>ique</span> <span class='ocrx_word' id='word_1_222' title='bbox 174 3394 245 3440; x_wconf 84' lang='lat' dir='ltr'>enim</span> <span class='ocrx_word' id='word_1_223' title='bbox 269 3391 388 3443; x_wconf 88' lang='lat' dir='ltr'>lacrimas</span> <span class='ocrx_word' id='word_1_224' title='bbox 410 3391 543 3454; x_wconf 74' lang='lat' dir='ltr'>fundunt,</span> <span class='ocrx_word' id='word_1_225' title='bbox 567 3397 599 3442; x_wconf 84' lang='lat' dir='ltr'>ut</span> <span class='ocrx_word' id='word_1_226' title='bbox 620 3392 778 3443; x_wconf 75' lang='lat' dir='ltr'>ostendant:</span> <span class='ocrx_word' id='word_1_227' title='bbox 806 3396 833 3441; x_wconf 87' lang='lat' dir='ltr'>et</span> <span class='ocrx_word' id='word_1_228' title='bbox 850 3394 926 3441; x_wconf 75' lang='lat' dir='ltr'>toties</span> <span class='ocrx_word' id='word_1_229' title='bbox 943 3390 1031 3442; x_wconf 83' lang='lat' dir='ltr'>siooos</span> <span class='ocrx_word' id='word_1_230' title='bbox 1050 3393 1138 3443; x_wconf 88' lang='lat' dir='ltr'>oculos</span> 
     </span>
     <span class='ocr_line' id='line_1_38' title="bbox 90 3459 1137 3525; baseline 0.005 -19"><span class='ocrx_word' id='word_1_231' title='bbox 90 3462 113 3520; x_wconf 86' lang='lat' dir='ltr'>t,</span> <span class='ocrx_word' id='word_1_232' title='bbox 132 3459 501 3524; x_wconf 76' lang='lat' dir='ltr'>chtiescpectatordefuit.“</span> <span class='ocrx_word' id='word_1_233' title='bbox 518 3461 635 3525; x_wconf 88' lang='lat' dir='ltr'>Propert.</span> <span class='ocrx_word' id='word_1_234' title='bbox 654 3460 676 3519; x_wconf 89' lang='lat' dir='ltr'>I,</span> <span class='ocrx_word' id='word_1_235' title='bbox 689 3462 729 3520; x_wconf 84' lang='lat' dir='ltr'>ll,</span> <span class='ocrx_word' id='word_1_236' title='bbox 741 3462 780 3511; x_wconf 88' lang='lat' dir='ltr'>ll.</span> <span class='ocrx_word' id='word_1_237' title='bbox 815 3459 874 3521; x_wconf 81' lang='lat' dir='ltr'>„An</span> <span class='ocrx_word' id='word_1_238' title='bbox 883 3461 984 3524; x_wconf 75' lang='lat' dir='ltr'>poteria</span> <span class='ocrx_word' id='word_1_239' title='bbox 993 3460 1069 3510; x_wconf 87' lang='lat' dir='ltr'>siccis</span> <span class='ocrx_word' id='word_1_240' title='bbox 1077 3476 1137 3511; x_wconf 83' lang='lat' dir='ltr'>mec</span> 
     </span>
     <span class='ocr_line' id='line_1_39' title="bbox 90 3527 1136 3592; baseline 0.005 -19"><span class='ocrx_word' id='word_1_241' title='bbox 90 3540 199 3575; x_wconf 73' lang='lat' dir='ltr'>resuere</span> <span class='ocrx_word' id='word_1_242' title='bbox 215 3527 322 3577; x_wconf 79' lang='lat' dir='ltr'>ocellis?</span> <span class='ocrx_word' id='word_1_243' title='bbox 379 3529 420 3577; x_wconf 92' lang='lat' dir='ltr'>lta</span> <span class='ocrx_word' id='word_1_244' title='bbox 436 3532 522 3578; x_wconf 76' lang='lat' dir='ltr'>siccos</span> <span class='ocrx_word' id='word_1_245' title='bbox 537 3544 636 3592; x_wconf 78' lang='lat' dir='ltr'>genas,</span> <span class='ocrx_word' id='word_1_246' title='bbox 663 3527 730 3591; x_wconf 87' lang='lat' dir='ltr'>quod</span> <span class='ocrx_word' id='word_1_247' title='bbox 752 3527 820 3577; x_wconf 87' lang='lat' dir='ltr'>idem</span> <span class='ocrx_word' id='word_1_248' title='bbox 843 3531 895 3586; x_wconf 83' lang='lat' dir='ltr'>ast,</span> <span class='ocrx_word' id='word_1_249' title='bbox 919 3531 1010 3592; x_wconf 85' lang='lat' dir='ltr'>poetae</span> <span class='ocrx_word' id='word_1_250' title='bbox 1026 3530 1136 3592; x_wconf 84' lang='lat' dir='ltr'>passim:</span> 
     </span>
     <span class='ocr_line' id='line_1_40' title="bbox 90 3591 1137 3662; baseline 0.003 -15"><span class='ocrx_word' id='word_1_251' title='bbox 90 3591 169 3644; x_wconf 78' lang='lat' dir='ltr'>Triet.</span> <span class='ocrx_word' id='word_1_252' title='bbox 179 3596 201 3659; x_wconf 86' lang='lat' dir='ltr'>I,</span> <span class='ocrx_word' id='word_1_253' title='bbox 214 3599 236 3659; x_wconf 85' lang='lat' dir='ltr'>l,</span> <span class='ocrx_word' id='word_1_254' title='bbox 244 3597 286 3651; x_wconf 80' lang='lat'>28.</span> <span class='ocrx_word' id='word_1_255' title='bbox 304 3593 450 3657; x_wconf 75' lang='lat' dir='ltr'>„Camino</span> <span class='ocrx_word' id='word_1_256' title='bbox 460 3610 509 3649; x_wconf 17' lang='lat' dir='ltr'>naec</span> <span class='ocrx_word' id='word_1_257' title='bbox 518 3596 593 3648; x_wconf 88' lang='lat' dir='ltr'>siccis</span> <span class='ocrx_word' id='word_1_258' title='bbox 602 3595 722 3662; x_wconf 74' lang='lat' dir='ltr'>perleget</span> <span class='ocrx_word' id='word_1_259' title='bbox 731 3598 787 3662; x_wconf 77' lang='lat' dir='ltr'>ipae</span> <span class='ocrx_word' id='word_1_260' title='bbox 799 3594 898 3662; x_wconf 80' lang='lat' dir='ltr'>genis.“</span> <span class='ocrx_word' id='word_1_261' title='bbox 907 3594 1035 3648; x_wconf 86' lang='lat' dir='ltr'>Martialis</span> <span class='ocrx_word' id='word_1_262' title='bbox 1044 3595 1104 3655; x_wconf 81' lang='lat' dir='ltr'>XII,</span> <span class='ocrx_word' id='word_1_263' title='bbox 1112 3599 1137 3657; x_wconf 84' lang='lat'>3,</span> 
     </span>
     <span class='ocr_line' id='line_1_41' title="bbox 94 3664 1137 3732; baseline -0.004 -14"><span class='ocrx_word' id='word_1_264' title='bbox 94 3664 150 3718; x_wconf 81' lang='lat' dir='ltr'>Nee</span> <span class='ocrx_word' id='word_1_265' title='bbox 167 3666 280 3719; x_wconf 79' lang='lat' dir='ltr'>nimium</span> <span class='ocrx_word' id='word_1_266' title='bbox 289 3666 365 3719; x_wconf 86' lang='lat' dir='ltr'>siccis</span> <span class='ocrx_word' id='word_1_267' title='bbox 381 3666 668 3732; x_wconf 79' lang='lat' dir='ltr'>perlegitipcegenis.“</span> <span class='ocrx_word' id='word_1_268' title='bbox 685 3665 707 3726; x_wconf 92' lang='lat' dir='ltr'>I,</span> <span class='ocrx_word' id='word_1_269' title='bbox 717 3667 757 3718; x_wconf 78' lang='lat'>79.</span> <span class='ocrx_word' id='word_1_270' title='bbox 784 3664 949 3730; x_wconf 76' lang='lat' dir='ltr'>„Sicoisipse</span> <span class='ocrx_word' id='word_1_271' title='bbox 962 3665 1137 3730; x_wconf 78' lang='lat' dir='ltr'>genislleater</span> 
     </span>
     <span class='ocr_line' id='line_1_42' title="bbox 90 3732 1136 3800; baseline -0.003 -15"><span class='ocrx_word' id='word_1_272' title='bbox 90 3739 133 3785; x_wconf 78' lang='lat' dir='ltr'>tua</span> <span class='ocrx_word' id='word_1_273' title='bbox 157 3735 285 3785; x_wconf 80' lang='lat' dir='ltr'>amicoc.“</span> <span class='ocrx_word' id='word_1_274' title='bbox 325 3734 375 3785; x_wconf 84' lang='lat' dir='ltr'>His</span> <span class='ocrx_word' id='word_1_275' title='bbox 399 3733 492 3800; x_wconf 87' lang='lat' dir='ltr'>positis</span> <span class='ocrx_word' id='word_1_276' title='bbox 515 3734 684 3798; x_wconf 84' lang='lat' dir='ltr'>expendamus</span> <span class='ocrx_word' id='word_1_277' title='bbox 707 3736 797 3798; x_wconf 80' lang='lat' dir='ltr'>poetae</span> <span class='ocrx_word' id='word_1_278' title='bbox 823 3732 984 3786; x_wconf 85' lang='lat' dir='ltr'>sententiam.</span> <span class='ocrx_word' id='word_1_279' title='bbox 1026 3733 1136 3791; x_wconf 80' lang='lat' dir='ltr'>Quanto,</span> 
     </span>
     <span class='ocr_line' id='line_1_43' title="bbox 97 3799 1136 3866; baseline -0.003 -14"><span class='ocrx_word' id='word_1_280' title='bbox 97 3839 104 3862; x_wconf 93' lang='lat'>,</span> <span class='ocrx_word' id='word_1_281' title='bbox 131 3801 215 3853; x_wconf 75' lang='lat' dir='ltr'>mimi</span> <span class='ocrx_word' id='word_1_282' title='bbox 239 3803 335 3854; x_wconf 81' lang='lat' dir='ltr'>robore</span> <span class='ocrx_word' id='word_1_283' title='bbox 351 3803 415 3863; x_wconf 84' lang='lat' dir='ltr'>luit,</span> <span class='ocrx_word' id='word_1_284' title='bbox 433 3818 507 3865; x_wconf 86' lang='lat' dir='ltr'>quem</span> <span class='ocrx_word' id='word_1_285' title='bbox 524 3801 614 3851; x_wconf 86' lang='lat' dir='ltr'>mortis</span> <span class='ocrx_word' id='word_1_286' title='bbox 631 3803 737 3865; x_wconf 64' lang='lat' dir='ltr'>gadum</span> <span class='ocrx_word' id='word_1_287' title='bbox 756 3801 851 3862; x_wconf 83' lang='lat' dir='ltr'>timuit,</span> <span class='ocrx_word' id='word_1_288' title='bbox 870 3801 916 3865; x_wconf 86' lang='lat' dir='ltr'>qni</span> <span class='ocrx_word' id='word_1_289' title='bbox 931 3801 1029 3866; x_wconf 87' lang='lat' dir='ltr'>primus</span> <span class='ocrx_word' id='word_1_290' title='bbox 1047 3799 1136 3864; x_wconf 81' lang='lat' dir='ltr'>fragili</span> 
     </span>
     <span class='ocr_line' id='line_1_44' title="bbox 89 3867 1135 3935; baseline -0.002 -16"><span class='ocrx_word' id='word_1_291' title='bbox 89 3871 98 3919; x_wconf 90' lang='lat' dir='ltr'>i</span> <span class='ocrx_word' id='word_1_292' title='bbox 117 3871 289 3935; x_wconf 86' lang='lat' dir='ltr'>committens,</span> <span class='ocrx_word' id='word_1_293' title='bbox 305 3875 461 3921; x_wconf 83' lang='lat' dir='ltr'>monstrosas</span> <span class='ocrx_word' id='word_1_294' title='bbox 477 3868 583 3931; x_wconf 87' lang='lat' dir='ltr'>belluas,</span> <span class='ocrx_word' id='word_1_295' title='bbox 601 3868 717 3919; x_wconf 89' lang='lat' dir='ltr'>turbidos</span> <span class='ocrx_word' id='word_1_296' title='bbox 734 3868 836 3930; x_wconf 85' lang='lat' dir='ltr'>fluetus,</span> <span class='ocrx_word' id='word_1_297' title='bbox 853 3868 971 3934; x_wconf 87' lang='lat' dir='ltr'>scopulos</span> <span class='ocrx_word' id='word_1_298' title='bbox 988 3867 1135 3929; x_wconf 86' lang='lat' dir='ltr'>horrendos,</span> 
     </span>
     <span class='ocr_line' id='line_1_45' title="bbox 90 3935 1135 4000; baseline -0.003 -13"><span class='ocrx_word' id='word_1_299' title='bbox 90 3937 177 3989; x_wconf 83' lang='lat' dir='ltr'>unium</span> <span class='ocrx_word' id='word_1_300' title='bbox 194 3939 303 3989; x_wconf 85' lang='lat' dir='ltr'>maxime</span> <span class='ocrx_word' id='word_1_301' title='bbox 321 3938 457 3999; x_wconf 83' lang='lat' dir='ltr'>terribiles,</span> <span class='ocrx_word' id='word_1_302' title='bbox 473 3940 531 3988; x_wconf 76' lang='lat' dir='ltr'>sine</span> <span class='ocrx_word' id='word_1_303' title='bbox 549 3938 670 3988; x_wconf 73' lang='lat' dir='ltr'>lacrimis</span> <span class='ocrx_word' id='word_1_304' title='bbox 685 3935 910 3988; x_wconf 87' lang='lat' dir='ltr'>videresustiuuit.</span> <span class='ocrx_word' id='word_1_305' title='bbox 936 3936 1047 4000; x_wconf 79' lang='lat' dir='ltr'>Egregie</span> <span class='ocrx_word' id='word_1_306' title='bbox 1059 3950 1135 3985; x_wconf 86' lang='lat' dir='ltr'>sane:</span> 
     </span>
     <span class='ocr_line' id='line_1_46' title="bbox 90 4002 1135 4070; baseline -0.004 -14"><span class='ocrx_word' id='word_1_307' title='bbox 90 4023 128 4056; x_wconf 79' lang='lat' dir='ltr'>aro</span> <span class='ocrx_word' id='word_1_308' title='bbox 151 4005 193 4057; x_wconf 87' lang='lat' dir='ltr'>vel</span> <span class='ocrx_word' id='word_1_309' title='bbox 210 4005 387 4058; x_wconf 84' lang='lat' dir='ltr'>meticulosum</span> <span class='ocrx_word' id='word_1_310' title='bbox 405 4005 533 4070; x_wconf 80' lang='lat' dir='ltr'>quemvis,</span> <span class='ocrx_word' id='word_1_311' title='bbox 556 4005 633 4056; x_wconf 88' lang='lat' dir='ltr'>etiam</span> <span class='ocrx_word' id='word_1_312' title='bbox 650 4004 769 4057; x_wconf 80' lang='lat' dir='ltr'>seminam</span> <span class='ocrx_word' id='word_1_313' title='bbox 787 4005 815 4055; x_wconf 91' lang='lat' dir='ltr'>id</span> <span class='ocrx_word' id='word_1_314' title='bbox 832 4020 906 4069; x_wconf 85' lang='lat' dir='ltr'>posse</span> <span class='ocrx_word' id='word_1_315' title='bbox 922 4006 1050 4068; x_wconf 87' lang='lat' dir='ltr'>praestare</span> <span class='ocrx_word' id='word_1_316' title='bbox 1067 4002 1135 4065; x_wconf 90' lang='lat' dir='ltr'>dico,</span> 
     </span>
     <span class='ocr_line' id='line_1_47' title="bbox 93 4073 1136 4139; baseline -0.002 -14"><span class='ocrx_word' id='word_1_317' title='bbox 93 4091 107 4125; x_wconf 91' lang='lat' dir='ltr'>e</span> <span class='ocrx_word' id='word_1_318' title='bbox 126 4075 248 4125; x_wconf 76' lang='lat' dir='ltr'>lacrimis</span> <span class='ocrx_word' id='word_1_319' title='bbox 265 4089 295 4124; x_wconf 88' lang='lat' dir='ltr'>ea</span> <span class='ocrx_word' id='word_1_320' title='bbox 312 4075 410 4134; x_wconf 81' lang='lat' dir='ltr'>rideat;</span> <span class='ocrx_word' id='word_1_321' title='bbox 434 4074 531 4139; x_wconf 84' lang='lat' dir='ltr'>quippe</span> <span class='ocrx_word' id='word_1_322' title='bbox 548 4088 612 4138; x_wconf 81' lang='lat' dir='ltr'>quae</span> <span class='ocrx_word' id='word_1_323' title='bbox 629 4073 657 4123; x_wconf 91' lang='lat' dir='ltr'>in</span> <span class='ocrx_word' id='word_1_324' title='bbox 676 4073 801 4127; x_wconf 80' lang='lat' dir='ltr'>eiusmodi</span> <span class='ocrx_word' id='word_1_325' title='bbox 818 4077 925 4133; x_wconf 78' lang='lat' dir='ltr'>terrore,</span> <span class='ocrx_word' id='word_1_326' title='bbox 949 4074 1026 4135; x_wconf 79' lang='lat' dir='ltr'>prout</span> <span class='ocrx_word' id='word_1_327' title='bbox 1043 4074 1136 4123; x_wconf 87' lang='lat' dir='ltr'>natura</span> 
     </span>
     <span class='ocr_line' id='line_1_48' title="bbox 108 4138 1136 4207; baseline -0.004 -15"><span class='ocrx_word' id='word_1_328' title='bbox 108 4142 252 4207; x_wconf 83' lang='lat' dir='ltr'>comparati</span> <span class='ocrx_word' id='word_1_329' title='bbox 270 4158 365 4202; x_wconf 85' lang='lat' dir='ltr'>sumus,</span> <span class='ocrx_word' id='word_1_330' title='bbox 381 4142 431 4193; x_wconf 88' lang='lat' dir='ltr'>atsi</span> <span class='ocrx_word' id='word_1_331' title='bbox 448 4141 556 4192; x_wconf 80' lang='lat' dir='ltr'>maxime</span> <span class='ocrx_word' id='word_1_332' title='bbox 573 4141 643 4203; x_wconf 85' lang='lat' dir='ltr'>velit,</span> <span class='ocrx_word' id='word_1_333' title='bbox 660 4140 790 4193; x_wconf 89' lang='lat' dir='ltr'>lacrimari</span> <span class='ocrx_word' id='word_1_334' title='bbox 800 4157 851 4191; x_wconf 87' lang='lat' dir='ltr'>uon</span> <span class='ocrx_word' id='word_1_335' title='bbox 869 4138 957 4205; x_wconf 86' lang='lat' dir='ltr'>possit.</span> <span class='ocrx_word' id='word_1_336' title='bbox 979 4141 1042 4191; x_wconf 85' lang='lat' dir='ltr'>Prae</span> <span class='ocrx_word' id='word_1_337' title='bbox 1059 4139 1136 4189; x_wconf 65' lang='lat' dir='ltr'>mise</span> 
     </span>
     <span class='ocr_line' id='line_1_49' title="bbox 89 4205 1138 4274; baseline -0.003 -14"><span class='ocrx_word' id='word_1_338' title='bbox 89 4211 115 4260; x_wconf 90' lang='lat' dir='ltr'>ia</span> <span class='ocrx_word' id='word_1_339' title='bbox 140 4210 259 4274; x_wconf 86' lang='lat' dir='ltr'>quidem,</span> <span class='ocrx_word' id='word_1_340' title='bbox 284 4210 327 4260; x_wconf 79' lang='lat' dir='ltr'>vel</span> <span class='ocrx_word' id='word_1_341' title='bbox 343 4226 434 4272; x_wconf 86' lang='lat' dir='ltr'>amore,</span> <span class='ocrx_word' id='word_1_342' title='bbox 453 4209 587 4270; x_wconf 77' lang='lat' dir='ltr'>desiderio,</span> <span class='ocrx_word' id='word_1_343' title='bbox 604 4209 710 4273; x_wconf 83' lang='lat' dir='ltr'>pudore,</span> <span class='ocrx_word' id='word_1_344' title='bbox 727 4208 761 4265; x_wconf 82' lang='lat' dir='ltr'>ad</span> <span class='ocrx_word' id='word_1_345' title='bbox 776 4208 831 4261; x_wconf 86' lang='lat' dir='ltr'>leve</span> <span class='ocrx_word' id='word_1_346' title='bbox 849 4205 990 4273; x_wconf 81' lang='lat' dir='ltr'>periculam</span> <span class='ocrx_word' id='word_1_347' title='bbox 1007 4222 1138 4272; x_wconf 85' lang='lat' dir='ltr'>praesens,</span> 
     </span>
    </p>
   </div>
   <div class='ocr_carea' id='block_1_9' title="bbox 0 0 1424 4762">
    <p class='ocr_par' dir='ltr' id='par_1_16' title="bbox 0 0 1424 4762">
     <span class='ocr_line' id='line_1_50' title="bbox 0 0 1424 4762; baseline 0 3"><span class='ocrx_word' id='word_1_348' title='bbox 0 0 1424 4762; x_wconf 95' lang='lat' dir='ltr'> </span> 
     </span>
    </p>
   </div>
  </div>
 </body>
</html>
