2840 4752
175 231 237 291 472
564 241 595 300 Q.
617 242 758 289 monnau
780 241 903 287 runem

239 377 420 444 Accedam?
448 396 488 439 au
511 374 618 460 potius
641 375 775 441 mediter
797 375 886 439 finire
908 377 1056 442 dolores?

238 461 397 537 Exclusit;
422 466 564 526 revocat:
588 461 739 526 redeam?
766 479 840 533 non,
862 460 891 525 si
913 461 1065 527 obsecret.
1111 482 1181 527 ecee

175 562 219 612 nur>
242 551 361 614 Servus
382 566 445 609 non
467 546 576 631 paullo
599 545 787 630 sapientior:
812 543 838 609 Ο
861 546 946 623 here,
969 566 1053 629 quae
1076 569 1127 612 res

239 636 307 698 Nee
329 630 458 696 modum
479 630 578 695 habet
599 650 703 714 neque
726 629 902 707 eonsilium,
925 633 1047 696 ratione
1069 633 1233 715 modoque

240 716 384 782 'Praetori
405 734 469 780 uon
490 716 566 780 volt.
610 716 642 780 in
664 735 773 781 amore
796 715 875 780 haee
897 724 971 781 sunt
992 718 1093 783 mala:
1116 719 1257 791 bellum,

239 807 309 870 Pax
330 821 467 867 rursum.
510 800 589 865 haec
612 799 640 866 si
663 801 735 882 quis
758 802 958 885 tempestatis
981 823 1081 888 prope
1104 804 1166 867 ritu

240 888 380 965 Mobilia,
403 892 435 952 et
456 904 551 951 caeca
573 885 730 950 fluitantia
753 891 848 966 sorte,
872 887 995 951 laboret

176 987 223 1038 tto
243 973 388 1039 Reddere
410 977 497 1036 certa
518 970 594 1048 sibi;
617 970 715 1034 nihilo
738 971 812 1056 plus
834 970 981 1056 explicet,
1004 993 1042 1037 ae
1064 973 1091 1037 si

241 1056 385 1124 Insanire
406 1061 499 1142 paret
521 1062 608 1120 certa
629 1055 751 1120 ratione
778 1055 946 1138 modoque.

242 1142 349 1221 Quint
370 1162 442 1206 cum
465 1141 589 1206 Picenis
612 1161 785 1226 excerpens
808 1142 930 1205 semina
952 1142 1064 1226 pomis,

242 1226 383 1301 Gaudes,
407 1225 434 1292 si
456 1246 614 1291 cameram
636 1226 776 1312 percusti
798 1226 895 1303 forte3
918 1246 1017 1312 penes
1040 1235 1071 1291 te
1093 1231 1151 1293 es‘l

243 1312 349 1391 Quid?
373 1331 445 1376 cum
467 1311 564 1376 balba
585 1310 670 1397 feris
683 1331 805 1377 annoso
828 1312 926 1395 verba
947 1312 1066 1396 palato,

178 1411 224 1461 ns
244 1397 441 1463 Aedificante
462 1395 632 1479 casas'qui
655 1396 786 1463 sanior?
814 1394 899 1461 adde
922 1416 1064 1461 cruorem

243 1481 413 1560 stultitiae,
436 1487 532 1563 atque
553 1480 664 1562 ignem
684 1482 792 1562 gladio
815 1488 967 1546 scrutare.
1005 1481 1110 1559 modo,
1134 1481 1286 1564 inquam,

243 1567 378 1633 Hellade
399 1566 705 1652 percussaMarius
728 1586 799 1631 cum
822 1567 1012 1652 praecipitat
1034 1585 1079 1644 se,

244 1651 386 1718 Oerritus
407 1652 491 1717 fuit?
520 1672 560 1715 an
584 1658 748 1716 conmotae
772 1651 902 1717 erimine
924 1651 1039 1717 mentis

243 1736 400 1803 Absolves
422 1736 595 1811 homiuem,
616 1744 649 1801 et
670 1737 799 1802 sceleris
822 1736 991 1802 damnabis
1013 1736 1160 1812 eundem,

179 1835 225 1886 aso
245 1824 294 1887 Ex
315 1841 403 1887 more
424 1821 580 1907 inponens
603 1828 740 1902 cognata
761 1822 917 1887 voeabula
940 1822 1060 1888 rebus?

243 1907 424 1974 Libertinos
447 1913 525 1980 erat,
548 1906 603 1989 qui
626 1906 744 1972 circum
766 1906 905 1991 compita
928 1907 1031 1973 siccus

246 1991 358 2059 Lautis
381 2012 474 2058 mane
496 2011 594 2057 senex
608 1993 764 2065 ¹manibus
786 1993 942 2068 currebat,
966 1999 1007 2067 et,
1031 1993 1137 2058 Unum

245 2078 343 2155 (Quid
365 2084 430 2142 tam
452 2078 628 2158 magnum?
650 2076 786 2154 addens)
810 2097 908 2143 unum
930 2097 982 2142 me
1004 2076 1126 2162 surpite
1147 2076 1241 2141 morti

246 2164 308 2229 Dis
330 2163 446 2229 etenim
469 2162 565 2229 facile
586 2168 645 2239 est,
668 2163 796 2242 orabat3
819 2182 918 2229 sanus
940 2163 1084 2246 utrisque
1158 2220 1163 2227 .

182 2297 266 2331 uersor
282 2280 391 2331 altro?“
409 2282 504 2332 Seneca
522 2279 552 2330 de
570 2279 655 2331 Bencf.
673 2279 731 2339 vn,
751 2281 792 2333 26.
811 2280 837 2345 [ξ
856 2282 881 2342 2]
908 2279 1037 2345 „Semper
1053 2278 1131 2330 illum
1147 2282 1309 2344 poenitebit,

181 2353 206 2399 si
230 2354 255 2400 tc
277 2364 309 2399 ne
332 2364 401 2399 nune
424 2348 530 2414 peridem
549 2349 694 2414 poenitet.“
735 2348 838 2398 Sallust.
863 2349 981 2412 Iugurth.
998 2352 1036 2400 31.
1071 2351 1096 2412 [l
1116 2350 1141 2409 3]
1178 2347 1251 2410 „Qua
1271 2363 1313 2399 ue

182 2432 250 2467 nune
274 2416 380 2481 quidem
404 2419 527 2467 obnoxiis
551 2418 667 2467 tobaleis
692 2418 865 2481 consurgitis‘*
900 2416 989 2466 Cicero
1012 2417 1097 2481 Epist.
1122 2416 1154 2465 ad
1179 2416 1308 2472 Quintum

182 2487 284 2535 fratrem
301 2485 356 2545 ΙΙΙ,
377 2487 398 2536 1.
418 2488 444 2550 [ς’
456 2487 497 2547 tt]
525 2483 726 2549 „Hiproclamas
743 2501 776 2534 ne
793 2499 862 2534 nunc
876 2485 1057 2550 quidernquid
1072 2484 1151 2533 celim
1168 2487 1311 2549 magnulf*

181 2552 305 2604 Paradcx.
323 2552 368 2605 IV.
393 2555 417 2617 [1
437 2554 454 2669 ἓ
473 2555 516 2614 29]
552 2590 569 2614 „
595 2567 645 2616 rgo
670 2567 719 2615 ego
743 2567 847 2618 semper·
870 2555 949 2603 einis:
977 2558 1006 2602 tu
1029 2567 1061 2605 ne
1085 2567 1154 2601 nune
1171 2551 1308 2616 quidemst

181 2622 267 2684 Epist.
286 2619 318 2669 ad
334 2621 405 2672 Fam.
423 2622 436 2670 I
451 2623 472 2685 I,
491 2624 515 2672 6.
542 2620 569 2684 [ξ
588 2622 613 2682 5]
648 2619 746 2683 ,maon
763 2636 792 2671 ne
810 2636 878 2670 nunc
896 2620 1002 2686 quidem
1020 2619 1157 2685 desperc.“
1192 2619 1263 2680 XIV,
1281 2622 1310 2672 9.

183 2684 271 2753 [XIV,
298 2689 339 2751 19]
376 2688 430 2738 Sed
445 2688 529 2753 multa
547 2703 589 2736 me
606 2688 801 2752 impedierunt,
829 2704 896 2753 queue
920 2703 951 2737 ne
969 2703 1036 2737 nnnc
1055 2688 1160 2752 peridem
1180 2688 1311 2752 eenedita

182 2757 269 2809 sanae
297 2757 413 2805 Eundem
430 2756 544 2806 Terentii
561 2754 646 2805 lecum
664 2757 788 2820 expressit
806 2756 882 2805 etiam
898 2755 999 2806 Persius
1010 2757 1062 2806 Sat.
1072 2755 1102 2816 V,
1124 2758 1180 2806 172.
1205 2756 1309 2819 ,‚Qae'd·

183 2839 247 2876 nam
263 2825 350 2888 igilm·
366 2824 488 2883 faciam?
505 2840 542 2872 nn
560 2838 640 2883 nunc,
659 2839 718 2874 ceam
732 2829 859 2885 ocemont,
878 2829 904 2874 et
914 2824 987 2874 altro
997 2823 1143 2889 Suppliect
1162 2825 1313 2874 accedam?

182 2894 209 2944 ri
225 2897 296 2943 totus·
315 2897 341 2942 et
357 2895 463 2957 integer
479 2892 556 2942 illiue
573 2890 706 2956 asterus,
732 2908 766 2942 ne
783 2893 881 2944 nune.“
915 2893 957 2941 Ita
974 2891 1108 2942 ediderunt
1125 2892 1174 2941 riri
1191 2893 1309 2952 maximi,

182 2961 304 3013 Pithoeus
322 2964 348 3009 et
365 2958 540 3013 casaubonus:
560 2958 627 3010 unde
645 2958 732 3024 quivis
749 2960 855 3023 colligat
878 2975 966 3009 vocar
982 2959 1011 3009 in
1028 2959 1136 3013 Horatio
1154 2959 1308 3023 legendum

183 3036 213 3080 ut
230 3028 272 3077 hie
292 3034 411 3078 accersat
428 3035 453 3079 et
469 3028 607 3093 supplicet.
640 3027 690 3077 Sed
708 3032 734 3078 et
750 3028 853 3079 Persius
871 3027 899 3077 in
917 3028 1007 3078 mendo
1025 3029 1108 3089 cubat,
1127 3026 1215 3078 eodem
1233 3029 1310 3077 modo

184 3096 362 3160 corrigendus:
381 3112 431 3158 „ne
448 3111 527 3159 necne,
547 3110 737 3155 eternaceerser,
756 3095 1015 3161 ctecltroSupplieat,
1034 3095 1177 3146 accedam?
1190 3099 1219 3144 si
1237 3102 1307 3145 toties

184 3170 210 3215 ct
233 3167 338 3227 inningen
361 3164 437 3213 illine
454 3163 577 3223 Eatenus,
601 3178 633 3212 ne
657 3167 752 3215 nune.“
790 3165 919 3213 Accensae
942 3164 1037 3214 habent
1061 3170 1111 3213 tras
1128 3165 1310 3229 manuscripti,

185 3231 324 3291 Galeanus,
350 3232 459 3295 Regius,
484 3236 508 3281 et
527 3230 634 3293 collegii
658 3231 809 3282 Trinitatis:
836 3232 986 3297 supplicat,
1011 3231 1152 3281 Galeanus:
1178 3247 1212 3280 ne
1235 3244 1310 3282 nunc

185 3297 337 3350 0011.T1in.
360 3304 385 3348 et
403 3299 550 3348 veterrimus
567 3298 676 3348 Pitheci.
713 3302 792 3350 Porro
816 3315 861 3363 pro
886 3316 918 3349 ne
936 3300 1031 3364 passim
1048 3300 1076 3349 in
1094 3299 1227 3364 quibusvis
1245 3300 1306 3349 seri·

184 3366 301 3434 ptoribus
311 3364 425 3416 Librarii
438 3366 562 3416 dederunt
572 3382 633 3416 uae:
653 3371 682 3416 ut
694 3366 786 3431 Virgil.
797 3367 888 3430 Georg.
898 3368 919 3428 l,
940 3369 996 3419 124.
1016 3369 1085 3430 [126]
1104 3366 1178 3430 „Nee
1195 3371 1309 3432 signare

203 3434 291 3485 uidem
315 3438 364 3483 aut
384 3437 488 3500 partiri
511 3435 593 3485 limile
619 3438 769 3500 earrrpanr.“
809 3436 850 3484 lta
875 3433 953 3485 habet
979 3440 1005 3485 et
1028 3436 1226 3499 castigatissima
1249 3436 1306 3485 Nic.

184 3453 289 3556 ileinsii
307 3501 398 3552 editio:
426 3504 470 3553 sed
494 3519 588 3569 repone
606 3518 636 3553 ex
654 3505 789 3553 veterrimo
810 3503 896 3552 codiee
914 3503 1028 3553 Romano
1047 3505 1114 3568 apud
1132 3504 1259 3564 Pierium,
1282 3512 1310 3552 ct

186 3589 216 3624 ex
233 3570 370 3621 Lactantio
388 3571 473 3622 Divin.
492 3572 555 3623 Inst.
574 3571 604 3633 V,
630 3574 653 3623 5.
681 3571 707 3637 [ξ
726 3573 752 3634 5]
789 3587 842 3635 „nn
865 3573 976 3635 signare
999 3571 1130 3635 peridem.“
1164 3571 1244 3621 Plura
1260 3571 1309 3622 hoe

203 3656 265 3691 enus
283 3643 366 3689 errata
384 3638 532 3690 detexerunt
549 3640 599 3689 viri
616 3639 708 3689 summi
718 3640 860 3690 Gronovius
878 3644 951 3703 pater
968 3643 994 3690 et
1011 3639 1135 3690 Graevius
1152 3638 1185 3690 ad
1203 3640 1306 3690 Sueten.

185 3657 317 3759 {ibenium
334 3724 355 3757 c.
374 3707 435 3769 XV;
454 3708 572 3774 quesibi
590 3708 646 3758 vide
665 3707 705 3770 [in
724 3707 786 3759 edit.
805 3721 826 3757 a.
853 3708 934 3768 16721.

255 3778 311 3827 283.
350 3774 421 3837 Ouid
438 3783 491 3826 tam
509 3778 656 3840 tanguam?
674 3775 784 3837 addens]
819 3774 882 3824 Cum
901 3774 928 3824 iu
947 3772 1103 3824 aditionibus
1121 3773 1214 3839 priscis
1230 3771 1308 3824 habe·

186 3850 256 3895 retur
275 3844 407 3908 Qniddam
426 3861 566 3909 magnum
593 3850 660 3893 reete
686 3844 728 3894 hie
752 3843 801 3892 viri
825 3842 919 3893 eruditi
944 3858 974 3892 ex
997 3842 1145 3893 melioribus
1168 3840 1307 3905 codicibus,

187 3910 634 3978 quibusaeceduntZulichemianus,
654 3910 823 3973 colbertinus,
842 3908 1040 3971 Lambethanus‚
1059 3915 1086 3959 et
1102 3910 1216 3977 aprima
1232 3925 1308 3963 manu

186 3980 345 4044 Baginensis,
364 3988 532 4044 reposuerunt
551 3979 621 4043 Qrtid
639 3985 693 4029 tarn
711 3981 857 4043 ariagnem?
893 3976 956 4028 Non
974 3993 1108 4042 rnegnam,
1127 3979 1173 4042 ait,
1190 3993 1246 4028 rem
1262 3993 1307 4043 pe·

186 4048 272 4107 stalo‚·
291 4051 323 4096 at
339 4062 422 4097 antem
439 4050 532 4098 saltent
551 4065 585 4099 ere
604 4053 642 4097 tot
659 4047 776 4103 anillitus
794 4048 876 4097 morti
893 4049 1031 4111 eripiatis:
1049 4047 1122 4097 vohis
1141 4051 1219 4109 carle,
1238 4062 1253 4095 e
1271 4044 1306 4108 di,

176 4116 238 4182 ‚hoe
262 4115 339 4174 factu
361 4112 522 4172 facillumum
546 4122 590 4166 est.
626 4116 730 4164 Poterat
753 4115 855 4180 quidem
879 4114 965 4165 eodem
990 4114 1064 4180 plone
1097 4130 1173 4164 sensu
1206 4113 1305 4167 dixisse,

189 4180 261 4243 Ouid
278 4188 332 4229 tam
348 4187 483 4245 paruum?
500 4187 528 4233 ut
545 4184 647 4234 Persius
660 4182 712 4233 Sat.
720 4183 751 4232 V.
769 4198 831 4233 vers.
845 4183 900 4234 120.
927 4180 993 4246 „Nil
1010 4183 1059 4231 tihi
1076 4183 1209 4233 concessit
1221 4185 1307 4232 ectio.-
