2840 4752
209 271 271 334 448
595 285 627 346 q.
649 285 792 332 nonaum
812 286 937 334 nascor

175 464 177 469 -
272 419 355 484 Nam
377 419 526 506 propriae
547 419 671 485 telluris
693 420 804 485 berum
824 426 940 485 natura
961 440 1066 504 neque
1087 420 1193 500 illum,⁴

210 515 255 567 130
275 504 345 570 Nec
366 524 428 584 mc,
450 525 509 571 nec
530 524 723 587 quemquam
746 505 867 572 statuit.
911 524 970 570 nos
992 505 1115 591 expulit
1135 508 1209 588 ille;

272 588 370 655 Illum
392 596 449 655 aut
469 589 628 672 nequities
650 596 706 654 aut
727 589 810 655 vafri
830 589 958 655 inscitia
978 592 1066 670 iuris,

271 674 472 740 Postremum
495 675 632 761 expellet
653 681 738 741 certe
760 675 899 740 vivacior
920 676 1024 743 heres.

271 760 365 825 Nunc
387 780 466 842 ager
486 759 638 826 Umbreni
661 760 721 825 sub
743 760 880 840 nomine,
902 780 1007 846 nuper
1028 760 1123 827 Ofelli

271 844 386 909 Dictus
408 851 491 910 erat:
515 845 592 908 nulli
616 846 783 931 proprius;
806 846 864 911 sed
886 846 970 910 cedit
991 846 1024 910 in
1047 866 1141 912 usum

210 939 254 991 135
275 930 368 995 Nunc
390 929 478 1008 mihi,
499 950 583 994 nunc
605 930 670 994 alii.
715 930 864 1013 quocirca
885 931 981 996 vivite
1003 931 1111 1011 fortes,

271 1013 444 1098 Fortiaque
466 1015 610 1081 adversis
632 1016 783 1101 opponite
804 1022 935 1101 pectora
956 1017 1063 1082 rebus.

600 1267 843 1336 ECLOGA
877 1270 936 1335 ΠΙ.

274 1439 309 1506 Si
331 1458 404 1504 raro
427 1437 556 1517 scribes,
580 1443 616 1502 ut
638 1443 703 1502 toto
725 1458 787 1503 non
810 1444 924 1521 quater
945 1458 1028 1504 anno

272 1525 491 1591 Membranam
513 1521 639 1608 poso'as,
663 1522 855 1608 scriptorum
877 1543 1024 1607 quaeque
1046 1527 1203 1601 retexens,

277 1657 300 1690 v.
321 1644 376 1693 132.
397 1640 473 1706 vulg.
490 1642 632 1692 Postremo.
685 1643 742 1692 134.
766 1640 836 1692 Eril.
855 1643 935 1692 cedet.
973 1645 995 1692 1.
1013 1641 1059 1693 Sic
1076 1657 1133 1691 raro
1150 1642 1253 1691 rcrr'die¹

210 1782 253 1829 tur
270 1791 298 1826 ac
315 1776 417 1831 bibunt.
450 1774 634 1840 Aristophanes
652 1775 679 1825 in
698 1777 777 1835 Pacc3
801 1792 826 1841 p.
844 1778 902 1828 411.
926 1766 996 1825 Edit.
1014 1777 1070 1826 Bas.
1090 1779 1122 1839 [v.
1143 1778 1209 1828 1078
1229 1778 1334 1840 (1143)]

213 1838 251 1898 oi
269 1841 323 1912 γάρ
342 1840 399 1895 ἐσθ’
421 1838 515 1906 ἥδιον,
543 1839 559 1905 ἢ
582 1845 673 1912 τυχεῖν
695 1841 748 1912 μὲν
765 1840 815 1905 ἤδη
830 1837 1000 1914 ’σπαρμὲνα,
1027 1840 1082 1893 Τὸν
1098 1840 1168 1895 θεὸν
1185 1840 1212 1893 d'
1233 1842 1333 1909 ἐπιψε·

208 1909 299 1972 κάζειν
322 1910 369 1962 καί
393 1907 443 1964 τιν’
464 1907 549 1963 εἰπεῖν
565 1909 684 1978 γείτονα,
704 1907 773 1962 Εἰπέ
788 1928 854 1980 μοι,
876 1911 903 1961 si
919 1913 1066 1973 τηνικαῦτα
1083 1910 1208 1979 δρῶμεν,
1225 1902 1251 1962 αἶ
1267 1915 1335 1962 Κω·

206 1977 345 2050 μαρχίδη,·
363 1982 481 2048 Εμπιεῖν
498 1973 599 2045 incip)
620 1973 734 2045 ἀρέσκει,
752 1981 802 2030 τοῦ
819 1982 887 2030 deod
905 1978 1027 2046 δρῶντος
1043 1979 1136 2035 καλῶς.

277 2050 334 2100 132.
370 2050 502 2099 Postremo
521 2048 644 2112 expellet]
672 2048 772 2110 Nescio,
798 2062 874 2112 quare
897 2053 955 2112 post
971 2048 1124 2098 Lambinum
1141 2051 1167 2097 et
1186 2049 1334 2113 Oraquium

208 2118 258 2167 iam
282 2132 367 2166 omnes
391 2117 442 2166 lere
467 2115 591 2165 editiones
610 2116 743 2167 Postremo
767 2116 809 2165 bic
833 2117 991 2182 praeferaut3
1016 2117 1127 2167 Venetae
1145 2116 1215 2166 enim
1233 2123 1260 2167 et
1276 2118 1332 2168 Lo·

208 2184 347 2247 sehericus,
371 2189 397 2233 et
413 2183 573 2234 membranae
590 2199 676 2233 omnes
694 2188 769 2234 notae
786 2185 898 2234 melioris
915 2185 1087 2234 Postremum.

276 2254 331 2304 134.
368 2252 432 2302 Erit
447 2251 517 2301 nielli
532 2254 674 2316 proprias,
693 2251 740 2301 aed
757 2252 830 2301 cedet
845 2256 874 2302 in
893 2255 978 2315 nrum]
1014 2253 1055 2301 Ita
1074 2267 1161 2302 omnes
1178 2256 1205 2301 et
1223 2252 1287 2303 olim
1305 2257 1334 2303 et

207 2336 289 2386 nuper
306 2320 383 2370 editi:
401 2335 482 2383 neque
500 2318 637 2385 quidquam
655 2335 686 2369 ex
702 2320 775 2369 libris
793 2320 845 2369 suis
863 2321 972 2370 afferunt
988 2320 1076 2383 magni
1092 2320 1259 2384 Interprctes.
1284 2321 1334 2371 So·

207 2389 247 2438 lus
270 2390 439 2438 Bersmannus
464 2389 491 2437 in
515 2387 612 2437 duobus
636 2391 707 2451 erat,
734 2388 762 2436 in
785 2402 836 2437 nno
862 2388 932 2437 cedit
952 2389 1075 2453 reperisse
1099 2404 1125 2437 se
1149 2392 1260 2438 testatus
1285 2394 1333 2439 est

208 2456 277 2520 Lege
294 2471 368 2520 ergo,
387 2462 412 2506 at
429 2456 571 2520 distinguc;
596 2453 693 2518 „Nunc
710 2470 777 2519 ager·
796 2453 920 2508 Umbreni
935 2456 983 2509 aab
1000 2459 1122 2519 nomine,
1140 2471 1229 2521 nospes·
1248 2456 1335 2518 Ofelli

208 2525 304 2575 Dictus
320 2530 390 2575 crat:
416 2525 488 2574 rualli
503 2526 644 2589 proprium
672 2523 719 2573 aad
736 2523 804 2573 cedit
821 2527 850 2573 in
868 2539 945 2573 mum
962 2521 1140 2586 clodomiri,
1158 2539 1232 2574 nunc
1251 2525 1332 2577 alii.“

206 2593 243 2641 Et
261 2592 330 2642 cedit
347 2593 447 2656 quidem
466 2593 624 2641 Battclianus
642 2596 740 2652 noster3
759 2592 967 2652 semiramide,
986 2595 1040 2640 tum
1057 2590 1201 2654 Galeanus,
1220 2592 1332 2656 Magda-

208 2660 327 2720 lenensis‚
347 2659 483 2710 societatis
500 2660 609 2722 Regiae,
628 2665 653 2709 et
671 2657 778 2723 Oollegii
796 2659 931 2709 Trinitatis
948 2660 1050 2709 habent.
1086 2658 1156 2714 Quae
1173 2660 1230 2709 sine
1249 2660 1333 2710 dubio

207 2728 311 2791 vulgata
335 2726 444 2777 lectione
467 2727 572 2777 meliora
596 2732 664 2778 sunt.
700 2728 728 2775 Si
752 2727 821 2776 cedit
844 2727 886 2777 hio
910 2727 1036 2788 admittis,
1063 2727 1181 2792 perpetui
1202 2729 1332 2794 temporis

210 2795 272 2855 em't3
300 2799 326 2844 et
344 2796 414 2844 cadit
429 2797 497 2844 milri
513 2796 589 2844 ctiam
613 2795 778 2859 praeteritum
801 2800 900 2860 tempus
923 2795 1050 2858 includet,
1075 2811 1130 2844 cum
1149 2795 1248 2846 Ofellus
1272 2796 1330 2861 agri

209 2863 329 2913 dominus
347 2869 407 2912 erat.
443 2863 478 2912 At
501 2863 523 2912 si
547 2862 621 2912 cedet
643 2863 722 2926 legis,
749 2869 802 2911 tum
825 2879 879 2912 non
902 2869 970 2913 recte
993 2863 1120 2913 addideris
1145 2865 1213 2913 milri
1232 2863 1330 2926 Ofello,

207 2935 296 2995 utpote
317 2932 369 2981 iam
385 2931 542 2996 possessione
560 2930 672 2995 depulso.
699 2931 840 2980 Dicendum
857 2930 945 2994 utique
962 2931 1047 2993 fuerit,
1065 2929 1145 2980 Nune
1163 2932 1235 2992 darie,
1254 2947 1331 2982 nunc

208 3000 271 3059 ulii3
296 2999 357 3049 huic
381 2998 479 3049 scilicet
496 2999 630 3048 Umbreno.
666 2998 749 3053 Quare
773 3003 841 3048 recte
864 2999 959 3048 habent
976 3004 1036 3049 erut
1051 3004 1077 3048 et
1095 2999 1171 3049 cedit.
1208 2998 1328 3049 Ceterum

208 3072 233 3117 et
256 3066 308 3116 alio
329 3067 404 3117 modo
427 3067 544 3117 ordinare
567 3065 641 3116 uerba
668 3073 693 3115 et
717 3072 862 3116 construere
886 3071 971 3131 potas;
997 3065 1099 3130 „Nunc
1113 3082 1181 3131 ager
1200 3065 1331 3119 Umbreni

207 3130 387 3198 antinomias,
406 3151 491 3200 nuper
502 3133 589 3196 Ofelli,
607 3135 702 3184 Dictus
720 3139 781 3184 erat
797 3135 867 3184 nulli
883 3136 1029 3199 propriua;
1044 3134 1092 3185 sed
1108 3134 1195 3184 cedid‘
1212 3139 1261 3186 eto.
1280 3134 1329 3185 nbi

208 3202 295 3252 dictur
313 3208 372 3253 arat
387 3206 517 3268 proprius
531 3202 637 3267 perinde
655 3204 703 3251 erit
720 3217 749 3251 ac
769 3201 855 3263 datare.
882 3203 1004 3267 mantus,
1022 3202 1136 3266 dicatur,
1154 3206 1326 3253 constitutus.

207 3269 300 3332 Virgil.
319 3272 380 3320 Aen.
399 3272 420 3329 Ι,
439 3273 479 3320 11.
506 3272 558 3332 [73]
593 3269 729 3333 „Conubia
753 3272 864 3334 iungam
881 3270 985 3333 stabili,
1010 3271 1189 3339 propriamque
1207 3269 1328 3321 dicabo.“

208 3337 253 3387 ubi
271 3341 344 3386 notat
360 3338 475 3399 Servius,
501 3344 552 3386 tarn
577 3353 593 3386 a
616 3338 673 3387 dico
697 3338 780 3401 dicas,
809 3337 926 3403 dicatur,
953 3353 1028 3402 quam
1047 3354 1062 3388 a
1079 3338 1136 3388 dico
1154 3337 1219 3388 dicis
1238 3339 1327 3389 dictus

209 3405 294 3455 eodem
312 3421 387 3454 sensu
404 3405 535 3471 usurpari3
553 3409 582 3453 ut
599 3405 627 3455 in
644 3406 690 3455 illo
708 3408 770 3457 Aen.
788 3406 832 3466 Vl,
853 3407 908 3458 138.
935 3407 1057 3469 ‚Aureus
1075 3412 1103 3455 et
1116 3405 1192 3467 soliis
1210 3411 1236 3456 et
1253 3407 1324 3457 hnic

208 3475 306 3523 vimine
322 3487 414 3523 romeos
432 3474 531 3523 Irsnoni
547 3472 670 3532 infernae
687 3472 770 3523 dictus
787 3476 889 3523 sacer.“
913 3473 1007 3537 dictus,
1026 3473 1120 3538 inquit,
1139 3474 1252 3525 dicatus.
1281 3475 1325 3525 Sic

208 3556 310 3605 agrum,
334 3540 482 3605 pecuniam,
506 3541 545 3590 vel
562 3540 632 3591 aliud
650 3540 712 3606 quid
729 3541 784 3591 doti
802 3542 904 3605 dicere,
923 3545 961 3591 est
978 3542 1139 3592 constituere.
1174 3543 1260 3606 Ergo,
1278 3543 1325 3606 ait,

207 3610 250 3659 hic
267 3624 327 3674 agar
344 3625 412 3659 nunc
430 3607 476 3658 sub
494 3608 630 3674 Umbreni,
657 3625 738 3672 nuper
755 3607 801 3658 sub
820 3609 896 3659 Olelli
918 3610 1036 3671 nomine,
1064 3609 1131 3659 nulli
1155 3610 1275 3676 proprius
1300 3615 1326 3661 et

208 3682 344 3743 perpetuus
362 3693 377 3727 a
394 3682 485 3727 natura
502 3678 609 3738 dicatus,
627 3678 782 3726 constitutus
799 3683 860 3727 erat.

279 3750 300 3796 1.
336 3745 381 3796 Sic
406 3761 470 3795 raro
496 3746 599 3808 scribes]
641 3745 783 3794 Permansit
808 3745 856 3794 hoe
882 3761 913 3795 ex
939 3745 1095 3797 editionibus
1120 3744 1223 3810 priscis.
1263 3744 1324 3795 Tres

208 3813 341 3863 Blandinii
358 3818 384 3864 et
401 3813 465 3863 alter
482 3816 550 3879 apud
567 3812 714 3877 Uruquium‚
734 3828 758 3862 s1
775 3828 840 3863 raro
857 3815 964 3863 acribia:
984 3813 1033 3863 duo
1051 3812 1196 3877 Pulmanui,
1215 3828 1240 3862 s1
1258 3829 1322 3864 raro

210 3897 328 3943 scurnum
351 3883 449 3932 scribes
466 3882 542 3931 etiam
560 3883 649 3931 tertius
667 3881 750 3930 habet.
785 3880 888 3946 Repone
905 3880 993 3946 igitur,
1012 3897 1055 3945 „s1
1072 3896 1138 3931 rare
1157 3896 1277 3943 scarane,
1294 3886 1324 3931 ut

209 3954 263 4000 tolo
281 3965 334 3999 non
353 3955 448 4014 quater
465 3966 535 3999 anne
553 3948 735 3999 Membrunum
751 3962 854 4013 porcas,
875 3953 1037 4014 scriptorum
1055 3964 1175 4015 quareque
1191 3954 1322 4013 reterens,

208 4012 299 4067 Iruim
317 4018 378 4080 1111,
405 4017 477 4082 quod
500 4020 557 4068 uini
578 4021 715 4082 somnique
740 4017 870 4081 benignus
885 4015 936 4067 Nil
960 4017 1071 4081 dignum
1087 4033 1208 4067 ammone
1226 4033 1322 4068 canas:

208 4084 276 4149 quid
296 4084 378 4146 fiet?“
412 4086 495 4147 Atque
518 4085 566 4135 hoc
592 4089 631 4134 cst
655 4085 721 4148 quod
746 4084 827 4134 voluit
849 4087 932 4134 Acron
950 4085 1118 4145 Scholiastes3
1146 4084 1238 4149 „Qum
1260 4085 1323 4148 fiet?

208 4151 409 4215 Hypertnton‚“
425 4151 524 4215 inquit,
542 4168 577 4215 „a
594 4152 791 4217 superioribus,
809 4155 834 4202 si
849 4168 914 4203 runo
931 4153 1026 4203 seritis
1042 4181 1076 4191 —
1093 4152 1160 4217 quid
1176 4152 1258 4213 fietd‘
1282 4154 1322 4203 lta

209 4217 342 4268 Terentius
359 4219 460 4269 Phorm.
478 4219 523 4282 IV,
540 4222 565 4269 4.
595 4222 627 4280 [v.
648 4221 689 4279 12]
716 4218 800 4283 „cedo
822 4234 895 4270 necne
914 4235 1014 4286 porro,
1038 4221 1163 4271 Phormio
1181 4221 1277 4272 Dotem
1298 4221 1321 4271 si
