<?xml version="1.0" encoding="UTF-8"?>
<!DOCTYPE html PUBLIC "-//W3C//DTD XHTML 1.0 Transitional//EN"
    "http://www.w3.org/TR/xhtml1/DTD/xhtml1-transitional.dtd">
<html xmlns="http://www.w3.org/1999/xhtml" xml:lang="en" lang="en">
 <head>
  <title>
</title>
<meta http-equiv="Content-Type" content="text/html;charset=utf-8" />
  <meta name='ocr-system' content='tesseract 3.04.00' />
  <meta name='ocr-capabilities' content='ocr_page ocr_carea ocr_par ocr_line ocrx_word'/>
</head>
<body>
  <div class='ocr_page' id='page_1' title='image "./qhoratiusflaccu02bentgoog_0103.png"; bbox 0 0 2818 4758; ppageno 0'>
   <div class='ocr_carea' id='block_1_1' title="bbox 176 250 907 319">
    <p class='ocr_par' dir='ltr' id='par_1_1' title="bbox 176 250 907 319">
     <span class='ocr_line' id='line_1_1' title="bbox 176 250 907 319; baseline -0.008 -8"><span class='ocrx_word' id='word_1_1' title='bbox 176 250 236 314; x_wconf 85' lang='lat'>108</span> <span class='ocrx_word' id='word_1_2' title='bbox 566 260 597 319; x_wconf 77' lang='lat' dir='ltr'>e.</span> <span class='ocrx_word' id='word_1_3' title='bbox 620 261 762 309; x_wconf 74' lang='lat' dir='ltr'>nostru</span> <span class='ocrx_word' id='word_1_4' title='bbox 783 257 907 309; x_wconf 78' lang='lat' dir='ltr'>runem</span> 
     </span>
    </p>
   </div>
   <div class='ocr_carea' id='block_1_2' title="bbox 260 395 999 717">
    <p class='ocr_par' dir='ltr' id='par_1_2' title="bbox 261 395 999 478">
     <span class='ocr_line' id='line_1_2' title="bbox 261 395 999 478; baseline -0.001 -16"><span class='ocrx_word' id='word_1_5' title='bbox 261 398 348 462; x_wconf 88' lang='lat' dir='ltr'>Num</span> <span class='ocrx_word' id='word_1_6' title='bbox 369 402 414 471; x_wconf 82' lang='lat' dir='ltr'>tu,</span> <span class='ocrx_word' id='word_1_7' title='bbox 438 414 521 478; x_wconf 92' lang='lat' dir='ltr'>quac</span> <span class='ocrx_word' id='word_1_8' title='bbox 544 395 646 461; x_wconf 76' lang='lat' dir='ltr'>tenerit</span> <span class='ocrx_word' id='word_1_9' title='bbox 667 396 757 461; x_wconf 84' lang='lat' dir='ltr'>dives</span> <span class='ocrx_word' id='word_1_10' title='bbox 779 396 999 461; x_wconf 83' lang='lat' dir='ltr'>Achaemenes</span> 
     </span>
    </p>

    <p class='ocr_par' dir='ltr' id='par_1_3' title="bbox 263 480 977 566">
     <span class='ocr_line' id='line_1_3' title="bbox 263 480 977 566; baseline 0.001 -21"><span class='ocrx_word' id='word_1_11' title='bbox 263 482 328 545; x_wconf 87' lang='lat' dir='ltr'>Aut</span> <span class='ocrx_word' id='word_1_12' title='bbox 348 481 479 566; x_wconf 85' lang='lat' dir='ltr'>pinguis</span> <span class='ocrx_word' id='word_1_13' title='bbox 500 480 662 564; x_wconf 82' lang='lat' dir='ltr'>Phrygiae</span> <span class='ocrx_word' id='word_1_14' title='bbox 684 481 876 564; x_wconf 84' lang='lat' dir='ltr'>Mygdonias</span> <span class='ocrx_word' id='word_1_15' title='bbox 898 501 977 566; x_wconf 90' lang='lat' dir='ltr'>opes</span> 
     </span>
    </p>

    <p class='ocr_par' dir='ltr' id='par_1_4' title="bbox 260 564 875 717">
     <span class='ocr_line' id='line_1_4' title="bbox 260 564 875 650; baseline -0.003 -18"><span class='ocrx_word' id='word_1_16' title='bbox 260 569 447 632; x_wconf 89' lang='lat' dir='ltr'>Permutare</span> <span class='ocrx_word' id='word_1_17' title='bbox 469 564 550 631; x_wconf 90' lang='lat' dir='ltr'>velis</span> <span class='ocrx_word' id='word_1_18' title='bbox 572 566 658 630; x_wconf 85' lang='lat' dir='ltr'>crine</span> <span class='ocrx_word' id='word_1_19' title='bbox 679 567 875 650; x_wconf 77' lang='lat' dir='ltr'>Licymniae,</span> 
     </span>
     <span class='ocr_line' id='line_1_5' title="bbox 344 652 862 717; baseline 0.002 -1"><span class='ocrx_word' id='word_1_20' title='bbox 344 652 462 717; x_wconf 86' lang='lat' dir='ltr'>Plenas</span> <span class='ocrx_word' id='word_1_21' title='bbox 484 657 541 716; x_wconf 90' lang='lat' dir='ltr'>aut</span> <span class='ocrx_word' id='word_1_22' title='bbox 562 652 706 715; x_wconf 88' lang='lat' dir='ltr'>Arabum</span> <span class='ocrx_word' id='word_1_23' title='bbox 727 652 862 717; x_wconf 79' lang='lat' dir='ltr'>domos?</span> 
     </span>
    </p>
   </div>
   <div class='ocr_carea' id='block_1_3' title="bbox 104 800 1305 2700">
    <p class='ocr_par' dir='ltr' id='par_1_5' title="bbox 104 800 1305 2700">
     <span class='ocr_line' id='line_1_6' title="bbox 147 800 1299 873; baseline -0.005 -19"><span class='ocrx_word' id='word_1_24' title='bbox 147 814 163 873; x_wconf 76' lang='lat' dir='ltr'>y,</span> <span class='ocrx_word' id='word_1_25' title='bbox 174 804 310 865; x_wconf 85' lang='lat' dir='ltr'>Honestas,</span> <span class='ocrx_word' id='word_1_26' title='bbox 331 818 374 851; x_wconf 89' lang='lat' dir='ltr'>seu</span> <span class='ocrx_word' id='word_1_27' title='bbox 392 802 511 865; x_wconf 83' lang='lat' dir='ltr'>Virgines</span> <span class='ocrx_word' id='word_1_28' title='bbox 530 819 574 852; x_wconf 88' lang='lat' dir='ltr'>seu</span> <span class='ocrx_word' id='word_1_29' title='bbox 590 802 730 865; x_wconf 80' lang='lat' dir='ltr'>Matronae,</span> <span class='ocrx_word' id='word_1_30' title='bbox 748 803 874 854; x_wconf 88' lang='lat' dir='ltr'>saltitasse</span> <span class='ocrx_word' id='word_1_31' title='bbox 891 803 1120 867; x_wconf 81' lang='lat' dir='ltr'>compertissimum</span> <span class='ocrx_word' id='word_1_32' title='bbox 1137 803 1189 850; x_wconf 85' lang='lat' dir='ltr'>est:</span> <span class='ocrx_word' id='word_1_33' title='bbox 1208 800 1299 849; x_wconf 82' lang='lat' dir='ltr'>Noster</span> 
     </span>
     <span class='ocr_line' id='line_1_7' title="bbox 104 867 1299 934; baseline -0.002 -13"><span class='ocrx_word' id='word_1_34' title='bbox 104 882 118 899; x_wconf 55' lang='lat'>‘¹</span> <span class='ocrx_word' id='word_1_35' title='bbox 175 872 203 921; x_wconf 93' lang='lat' dir='ltr'>in</span> <span class='ocrx_word' id='word_1_36' title='bbox 221 874 282 921; x_wconf 80' lang='lat' dir='ltr'>Arte</span> <span class='ocrx_word' id='word_1_37' title='bbox 299 887 322 921; x_wconf 83' lang='lat' dir='ltr'>v.</span> <span class='ocrx_word' id='word_1_38' title='bbox 341 872 400 934; x_wconf 78' lang='lat'>232,</span> <span class='ocrx_word' id='word_1_39' title='bbox 417 868 471 934; x_wconf 81' lang='lat' dir='ltr'>„tlt</span> <span class='ocrx_word' id='word_1_40' title='bbox 487 870 559 920; x_wconf 86' lang='lat' dir='ltr'>festis</span> <span class='ocrx_word' id='word_1_41' title='bbox 576 871 695 921; x_wconf 75' lang='lat' dir='ltr'>Matrona</span> <span class='ocrx_word' id='word_1_42' title='bbox 712 874 815 921; x_wconf 70' lang='lat' dir='ltr'>moueri</span> <span class='ocrx_word' id='word_1_43' title='bbox 831 874 903 920; x_wconf 80' lang='lat' dir='ltr'>incra</span> <span class='ocrx_word' id='word_1_44' title='bbox 922 871 1039 921; x_wconf 83' lang='lat' dir='ltr'>dicbus.“</span> <span class='ocrx_word' id='word_1_45' title='bbox 1074 874 1100 920; x_wconf 93' lang='lat' dir='ltr'>et</span> <span class='ocrx_word' id='word_1_46' title='bbox 1112 867 1194 918; x_wconf 85' lang='lat' dir='ltr'>Germ.</span> <span class='ocrx_word' id='word_1_47' title='bbox 1213 868 1258 932; x_wconf 87' lang='lat' dir='ltr'>IV,</span> <span class='ocrx_word' id='word_1_48' title='bbox 1276 869 1299 928; x_wconf 85' lang='grc'>6,</span> 
     </span>
     <span class='ocr_line' id='line_1_8' title="bbox 128 938 1299 1004; baseline -0.008 -12"><span class='ocrx_word' id='word_1_49' title='bbox 128 946 130 951; x_wconf 82' lang='grc'>’</span> <span class='ocrx_word' id='word_1_50' title='bbox 176 941 216 992; x_wconf 86' lang='grc'>31.</span> <span class='ocrx_word' id='word_1_51' title='bbox 252 938 415 1002; x_wconf 81' lang='lat' dir='ltr'>„Virginum</span> <span class='ocrx_word' id='word_1_52' title='bbox 435 941 554 1003; x_wconf 82' lang='lat' dir='ltr'>primae,</span> <span class='ocrx_word' id='word_1_53' title='bbox 577 942 708 1004; x_wconf 87' lang='lat' dir='ltr'>puerique</span> <span class='ocrx_word' id='word_1_54' title='bbox 732 939 813 989; x_wconf 74' lang='lat' dir='ltr'>elaris</span> <span class='ocrx_word' id='word_1_55' title='bbox 830 939 956 988; x_wconf 82' lang='lat' dir='ltr'>Patribus</span> <span class='ocrx_word' id='word_1_56' title='bbox 974 938 1055 987; x_wconf 86' lang='lat' dir='ltr'>orti.“</span> <span class='ocrx_word' id='word_1_57' title='bbox 1088 939 1142 987; x_wconf 92' lang='lat' dir='ltr'>Neo</span> <span class='ocrx_word' id='word_1_58' title='bbox 1160 942 1299 985; x_wconf 70' lang='lat' dir='ltr'>menonem</span> 
     </span>
     <span class='ocr_line' id='line_1_9' title="bbox 176 1002 1299 1072; baseline -0.004 -16"><span class='ocrx_word' id='word_1_59' title='bbox 176 1012 288 1067; x_wconf 91' lang='lat' dir='ltr'>tantum,</span> <span class='ocrx_word' id='word_1_60' title='bbox 312 1007 357 1055; x_wconf 87' lang='lat' dir='ltr'>sed</span> <span class='ocrx_word' id='word_1_61' title='bbox 380 1012 406 1056; x_wconf 90' lang='lat' dir='ltr'>et</span> <span class='ocrx_word' id='word_1_62' title='bbox 423 1005 533 1056; x_wconf 86' lang='lat' dir='ltr'>nobilem</span> <span class='ocrx_word' id='word_1_63' title='bbox 552 1011 578 1056; x_wconf 91' lang='lat' dir='ltr'>et</span> <span class='ocrx_word' id='word_1_64' title='bbox 600 1007 748 1071; x_wconf 87' lang='lat' dir='ltr'>primariam</span> <span class='ocrx_word' id='word_1_65' title='bbox 766 1006 812 1055; x_wconf 90' lang='lat' dir='ltr'>sub</span> <span class='ocrx_word' id='word_1_66' title='bbox 831 1007 979 1072; x_wconf 80' lang='lat' dir='ltr'>Licymniae</span> <span class='ocrx_word' id='word_1_67' title='bbox 997 1005 1074 1055; x_wconf 90' lang='lat' dir='ltr'>titulo</span> <span class='ocrx_word' id='word_1_68' title='bbox 1096 1004 1244 1055; x_wconf 80' lang='lat' dir='ltr'>delitescere</span> <span class='ocrx_word' id='word_1_69' title='bbox 1261 1002 1299 1052; x_wconf 85' lang='lat' dir='ltr'>vel</span> 
     </span>
     <span class='ocr_line' id='line_1_10' title="bbox 176 1070 1300 1139; baseline -0.005 -14"><span class='ocrx_word' id='word_1_70' title='bbox 176 1091 206 1125; x_wconf 87' lang='lat' dir='ltr'>ex</span> <span class='ocrx_word' id='word_1_71' title='bbox 224 1074 300 1124; x_wconf 87' lang='lat' dir='ltr'>verbo</span> <span class='ocrx_word' id='word_1_72' title='bbox 325 1074 370 1123; x_wconf 90' lang='lat' dir='ltr'>illo</span> <span class='ocrx_word' id='word_1_73' title='bbox 395 1073 519 1124; x_wconf 86' lang='lat' dir='ltr'>dedecuit</span> <span class='ocrx_word' id='word_1_74' title='bbox 541 1091 593 1124; x_wconf 91' lang='lat' dir='ltr'>non</span> <span class='ocrx_word' id='word_1_75' title='bbox 617 1075 722 1124; x_wconf 87' lang='lat' dir='ltr'>obscure</span> <span class='ocrx_word' id='word_1_76' title='bbox 748 1075 893 1139; x_wconf 82' lang='lat' dir='ltr'>intelligas3</span> <span class='ocrx_word' id='word_1_77' title='bbox 918 1073 1022 1138; x_wconf 77' lang='lat' dir='ltr'>„Quam</span> <span class='ocrx_word' id='word_1_78' title='bbox 1047 1090 1096 1124; x_wconf 88' lang='lat' dir='ltr'>nee</span> <span class='ocrx_word' id='word_1_79' title='bbox 1119 1073 1192 1133; x_wconf 77' lang='lat' dir='ltr'>ferre</span> <span class='ocrx_word' id='word_1_80' title='bbox 1207 1070 1300 1137; x_wconf 82' lang='lat' dir='ltr'>pedem</span> 
     </span>
     <span class='ocr_line' id='line_1_11' title="bbox 176 1140 1299 1208; baseline -0.005 -15"><span class='ocrx_word' id='word_1_81' title='bbox 176 1143 294 1193; x_wconf 85' lang='lat' dir='ltr'>dedecuit</span> <span class='ocrx_word' id='word_1_82' title='bbox 318 1144 434 1193; x_wconf 79' lang='lat' dir='ltr'>eboris.“</span> <span class='ocrx_word' id='word_1_83' title='bbox 469 1143 557 1206; x_wconf 87' lang='lat' dir='ltr'>Neque</span> <span class='ocrx_word' id='word_1_84' title='bbox 582 1143 650 1192; x_wconf 90' lang='lat' dir='ltr'>enim</span> <span class='ocrx_word' id='word_1_85' title='bbox 675 1142 818 1208; x_wconf 86' lang='lat' dir='ltr'>periculum</span> <span class='ocrx_word' id='word_1_86' title='bbox 836 1147 902 1204; x_wconf 89' lang='lat' dir='ltr'>erat,</span> <span class='ocrx_word' id='word_1_87' title='bbox 929 1158 961 1192; x_wconf 90' lang='lat' dir='ltr'>ne</span> <span class='ocrx_word' id='word_1_88' title='bbox 988 1143 1055 1191; x_wconf 89' lang='lat' dir='ltr'>inter</span> <span class='ocrx_word' id='word_1_89' title='bbox 1077 1143 1197 1204; x_wconf 80' lang='lat' dir='ltr'>uirginea</span> <span class='ocrx_word' id='word_1_90' title='bbox 1221 1140 1299 1189; x_wconf 83' lang='lat' dir='ltr'>lectae</span> 
     </span>
     <span class='ocr_line' id='line_1_12' title="bbox 176 1204 1300 1276; baseline -0.005 -16"><span class='ocrx_word' id='word_1_91' title='bbox 176 1212 268 1260; x_wconf 86' lang='lat' dir='ltr'>saltare</span> <span class='ocrx_word' id='word_1_92' title='bbox 291 1210 373 1259; x_wconf 87' lang='lat' dir='ltr'>cuivis</span> <span class='ocrx_word' id='word_1_93' title='bbox 398 1210 522 1260; x_wconf 77' lang='lat' dir='ltr'>foeminae</span> <span class='ocrx_word' id='word_1_94' title='bbox 549 1210 674 1260; x_wconf 84' lang='lat' dir='ltr'>dedecori</span> <span class='ocrx_word' id='word_1_95' title='bbox 698 1215 777 1275; x_wconf 89' lang='lat' dir='ltr'>esset,</span> <span class='ocrx_word' id='word_1_96' title='bbox 803 1216 909 1276; x_wconf 85' lang='lat' dir='ltr'>excepta</span> <span class='ocrx_word' id='word_1_97' title='bbox 933 1209 998 1260; x_wconf 81' lang='lat' dir='ltr'>forte</span> <span class='ocrx_word' id='word_1_98' title='bbox 1024 1209 1101 1259; x_wconf 87' lang='lat' dir='ltr'>Livia</span> <span class='ocrx_word' id='word_1_99' title='bbox 1125 1208 1235 1272; x_wconf 82' lang='lat' dir='ltr'>Augusti</span> <span class='ocrx_word' id='word_1_100' title='bbox 1262 1204 1300 1255; x_wconf 88' lang='lat' dir='ltr'>vel</span> 
     </span>
     <span class='ocr_line' id='line_1_13' title="bbox 176 1274 1300 1341; baseline -0.004 -14"><span class='ocrx_word' id='word_1_101' title='bbox 176 1278 296 1328; x_wconf 88' lang='lat' dir='ltr'>Terentia</span> <span class='ocrx_word' id='word_1_102' title='bbox 305 1278 468 1338; x_wconf 90' lang='lat' dir='ltr'>Maecenatis,</span> <span class='ocrx_word' id='word_1_103' title='bbox 487 1278 648 1338; x_wconf 86' lang='lat' dir='ltr'>veIOctavia,</span> <span class='ocrx_word' id='word_1_104' title='bbox 667 1279 748 1328; x_wconf 88' lang='lat' dir='ltr'>aliave</span> <span class='ocrx_word' id='word_1_105' title='bbox 767 1294 797 1327; x_wconf 87' lang='lat' dir='ltr'>ex</span> <span class='ocrx_word' id='word_1_106' title='bbox 813 1278 989 1341; x_wconf 88' lang='lat' dir='ltr'>nobilissimis,</span> <span class='ocrx_word' id='word_1_107' title='bbox 1007 1292 1113 1341; x_wconf 88' lang='lat' dir='ltr'>quarum</span> <span class='ocrx_word' id='word_1_108' title='bbox 1130 1277 1199 1325; x_wconf 86' lang='lat' dir='ltr'>infre</span> <span class='ocrx_word' id='word_1_109' title='bbox 1217 1274 1300 1339; x_wconf 81' lang='lat' dir='ltr'>digni·</span> 
     </span>
     <span class='ocr_line' id='line_1_14' title="bbox 176 1341 1300 1412; baseline -0.004 -16"><span class='ocrx_word' id='word_1_110' title='bbox 176 1351 256 1396; x_wconf 89' lang='lat' dir='ltr'>tatem</span> <span class='ocrx_word' id='word_1_111' title='bbox 272 1345 300 1394; x_wconf 93' lang='lat' dir='ltr'>id</span> <span class='ocrx_word' id='word_1_112' title='bbox 318 1362 370 1395; x_wconf 87' lang='lat' dir='ltr'>esse</span> <span class='ocrx_word' id='word_1_113' title='bbox 388 1346 556 1395; x_wconf 85' lang='lat' dir='ltr'>severioribus</span> <span class='ocrx_word' id='word_1_114' title='bbox 574 1346 656 1396; x_wconf 84' lang='lat' dir='ltr'>videri</span> <span class='ocrx_word' id='word_1_115' title='bbox 673 1347 766 1412; x_wconf 90' lang='lat' dir='ltr'>potuit.</span> <span class='ocrx_word' id='word_1_116' title='bbox 801 1347 903 1395; x_wconf 75' lang='lat' dir='ltr'>Pictum</span> <span class='ocrx_word' id='word_1_117' title='bbox 921 1347 1007 1410; x_wconf 89' lang='lat' dir='ltr'>itaque</span> <span class='ocrx_word' id='word_1_118' title='bbox 1025 1360 1117 1395; x_wconf 90' lang='lat' dir='ltr'>nomen</span> <span class='ocrx_word' id='word_1_119' title='bbox 1140 1348 1179 1394; x_wconf 93' lang='lat' dir='ltr'>est</span> <span class='ocrx_word' id='word_1_120' title='bbox 1195 1341 1300 1408; x_wconf 78' lang='lat' dir='ltr'>Licym-</span> 
     </span>
     <span class='ocr_line' id='line_1_15' title="bbox 176 1409 1302 1478; baseline -0.004 -15"><span class='ocrx_word' id='word_1_121' title='bbox 176 1417 238 1475; x_wconf 71' lang='grc' dir='ltr'>πίας</span> <span class='ocrx_word' id='word_1_122' title='bbox 263 1418 288 1462; x_wconf 92' lang='lat' dir='ltr'>et</span> <span class='ocrx_word' id='word_1_123' title='bbox 308 1411 458 1464; x_wconf 82' lang='lat' dir='ltr'>Terentiam</span> <span class='ocrx_word' id='word_1_124' title='bbox 482 1414 584 1478; x_wconf 90' lang='lat' dir='ltr'>quidem</span> <span class='ocrx_word' id='word_1_125' title='bbox 607 1414 723 1463; x_wconf 88' lang='lat' dir='ltr'>denotari</span> <span class='ocrx_word' id='word_1_126' title='bbox 740 1415 794 1464; x_wconf 83' lang='lat' dir='ltr'>veri</span> <span class='ocrx_word' id='word_1_127' title='bbox 817 1419 856 1464; x_wconf 89' lang='lat' dir='ltr'>est</span> <span class='ocrx_word' id='word_1_128' title='bbox 873 1414 1037 1463; x_wconf 90' lang='lat' dir='ltr'>simillimum.</span> <span class='ocrx_word' id='word_1_129' title='bbox 1074 1413 1124 1461; x_wconf 88' lang='lat' dir='ltr'>Sed</span> <span class='ocrx_word' id='word_1_130' title='bbox 1147 1409 1302 1462; x_wconf 85' lang='lat' dir='ltr'>observanda</span> 
     </span>
     <span class='ocr_line' id='line_1_16' title="bbox 177 1479 1301 1546; baseline -0.004 -15"><span class='ocrx_word' id='word_1_131' title='bbox 177 1486 237 1531; x_wconf 90' lang='lat' dir='ltr'>sunt</span> <span class='ocrx_word' id='word_1_132' title='bbox 262 1481 402 1546; x_wconf 83' lang='lat' dir='ltr'>imprimis,</span> <span class='ocrx_word' id='word_1_133' title='bbox 427 1496 491 1546; x_wconf 88' lang='lat' dir='ltr'>quae</span> <span class='ocrx_word' id='word_1_134' title='bbox 515 1481 649 1545; x_wconf 84' lang='lat' dir='ltr'>subiungit</span> <span class='ocrx_word' id='word_1_135' title='bbox 673 1482 841 1543; x_wconf 74' lang='lat' dir='ltr'>scholiastes,</span> <span class='ocrx_word' id='word_1_136' title='bbox 863 1481 983 1545; x_wconf 83' lang='lat' dir='ltr'>„Eodem</span> <span class='ocrx_word' id='word_1_137' title='bbox 1006 1496 1117 1530; x_wconf 86' lang='lat' dir='ltr'>numero</span> <span class='ocrx_word' id='word_1_138' title='bbox 1135 1479 1301 1545; x_wconf 74' lang='lat' dir='ltr'>syllabarum</span> 
     </span>
     <span class='ocr_line' id='line_1_17' title="bbox 177 1544 1301 1612; baseline -0.004 -13"><span class='ocrx_word' id='word_1_139' title='bbox 177 1552 408 1607; x_wconf 76' lang='lat' dir='ltr'>commutationem</span> <span class='ocrx_word' id='word_1_140' title='bbox 433 1552 571 1599; x_wconf 86' lang='lat' dir='ltr'>nominum</span> <span class='ocrx_word' id='word_1_141' title='bbox 594 1550 685 1611; x_wconf 76' lang='lat' dir='ltr'>fecit.“</span> <span class='ocrx_word' id='word_1_142' title='bbox 724 1550 801 1599; x_wconf 85' lang='lat' dir='ltr'>Recte</span> <span class='ocrx_word' id='word_1_143' title='bbox 825 1551 886 1600; x_wconf 88' lang='lat' dir='ltr'>hoo:</span> <span class='ocrx_word' id='word_1_144' title='bbox 910 1564 992 1612; x_wconf 92' lang='lat' dir='ltr'>neque</span> <span class='ocrx_word' id='word_1_145' title='bbox 1014 1549 1101 1598; x_wconf 85' lang='lat' dir='ltr'>eodem</span> <span class='ocrx_word' id='word_1_146' title='bbox 1127 1544 1301 1597; x_wconf 90' lang='lat' dir='ltr'>tantummodo</span> 
     </span>
     <span class='ocr_line' id='line_1_18' title="bbox 176 1613 1302 1683; baseline -0.004 -16"><span class='ocrx_word' id='word_1_147' title='bbox 176 1631 301 1680; x_wconf 78' lang='lat' dir='ltr'>nitraero,</span> <span class='ocrx_word' id='word_1_148' title='bbox 328 1617 371 1666; x_wconf 90' lang='lat' dir='ltr'>sed</span> <span class='ocrx_word' id='word_1_149' title='bbox 389 1622 415 1667; x_wconf 90' lang='lat' dir='ltr'>et</span> <span class='ocrx_word' id='word_1_150' title='bbox 432 1620 581 1682; x_wconf 84' lang='lat' dir='ltr'>quantitate</span> <span class='ocrx_word' id='word_1_151' title='bbox 598 1617 758 1683; x_wconf 88' lang='lat' dir='ltr'>syllabarum.</span> <span class='ocrx_word' id='word_1_152' title='bbox 794 1619 829 1667; x_wconf 89' lang='lat' dir='ltr'>Et</span> <span class='ocrx_word' id='word_1_153' title='bbox 847 1618 906 1667; x_wconf 86' lang='lat' dir='ltr'>data</span> <span class='ocrx_word' id='word_1_154' title='bbox 924 1617 1025 1681; x_wconf 90' lang='lat' dir='ltr'>quidem</span> <span class='ocrx_word' id='word_1_155' title='bbox 1042 1631 1119 1682; x_wconf 90' lang='lat' dir='ltr'>opera</span> <span class='ocrx_word' id='word_1_156' title='bbox 1142 1615 1169 1665; x_wconf 93' lang='lat' dir='ltr'>id</span> <span class='ocrx_word' id='word_1_157' title='bbox 1187 1631 1203 1664; x_wconf 89' lang='lat' dir='ltr'>a</span> <span class='ocrx_word' id='word_1_158' title='bbox 1219 1613 1302 1679; x_wconf 80' lang='lat' dir='ltr'>poetis</span> 
     </span>
     <span class='ocr_line' id='line_1_19' title="bbox 176 1683 1301 1749; baseline -0.004 -14"><span class='ocrx_word' id='word_1_159' title='bbox 176 1685 330 1744; x_wconf 85' lang='lat' dir='ltr'>lectitatum,</span> <span class='ocrx_word' id='word_1_160' title='bbox 348 1684 432 1749; x_wconf 91' lang='lat' dir='ltr'>utqui</span> <span class='ocrx_word' id='word_1_161' title='bbox 451 1684 505 1734; x_wconf 86' lang='lat' dir='ltr'>eius</span> <span class='ocrx_word' id='word_1_162' title='bbox 523 1686 561 1734; x_wconf 89' lang='lat' dir='ltr'>rei</span> <span class='ocrx_word' id='word_1_163' title='bbox 579 1686 675 1735; x_wconf 88' lang='lat' dir='ltr'>conscii</span> <span class='ocrx_word' id='word_1_164' title='bbox 693 1690 784 1746; x_wconf 88' lang='lat' dir='ltr'>essent,</span> <span class='ocrx_word' id='word_1_165' title='bbox 802 1691 836 1747; x_wconf 91' lang='lat' dir='ltr'>et,</span> <span class='ocrx_word' id='word_1_166' title='bbox 855 1685 923 1749; x_wconf 89' lang='lat' dir='ltr'>quod</span> <span class='ocrx_word' id='word_1_167' title='bbox 935 1686 1040 1746; x_wconf 88' lang='lat' dir='ltr'>dicitur,</span> <span class='ocrx_word' id='word_1_168' title='bbox 1058 1684 1159 1734; x_wconf 86' lang='lat' dir='ltr'>elavem</span> <span class='ocrx_word' id='word_1_169' title='bbox 1171 1683 1301 1743; x_wconf 88' lang='lat' dir='ltr'>haberent,</span> 
     </span>
     <span class='ocr_line' id='line_1_20' title="bbox 177 1750 1302 1818; baseline -0.004 -16"><span class='ocrx_word' id='word_1_170' title='bbox 177 1752 253 1802; x_wconf 88' lang='lat' dir='ltr'>lacile</span> <span class='ocrx_word' id='word_1_171' title='bbox 271 1767 317 1815; x_wconf 91' lang='lat' dir='ltr'>pro</span> <span class='ocrx_word' id='word_1_172' title='bbox 334 1752 393 1802; x_wconf 86' lang='lat' dir='ltr'>dcto</span> <span class='ocrx_word' id='word_1_173' title='bbox 411 1753 513 1802; x_wconf 90' lang='lat' dir='ltr'>nomine</span> <span class='ocrx_word' id='word_1_174' title='bbox 531 1769 617 1803; x_wconf 88' lang='lat' dir='ltr'>verum</span> <span class='ocrx_word' id='word_1_175' title='bbox 635 1753 789 1804; x_wconf 86' lang='lat' dir='ltr'>substituere</span> <span class='ocrx_word' id='word_1_176' title='bbox 807 1758 910 1818; x_wconf 86' lang='lat' dir='ltr'>possent</span> <span class='ocrx_word' id='word_1_177' title='bbox 927 1753 983 1803; x_wconf 89' lang='lat' dir='ltr'>sine</span> <span class='ocrx_word' id='word_1_178' title='bbox 1000 1768 1087 1802; x_wconf 84' lang='lat' dir='ltr'>versus</span> <span class='ocrx_word' id='word_1_179' title='bbox 1106 1750 1256 1815; x_wconf 80' lang='lat' dir='ltr'>dispendi03</span> <span class='ocrx_word' id='word_1_180' title='bbox 1272 1755 1302 1798; x_wconf 88' lang='lat' dir='ltr'>ut</span> 
     </span>
     <span class='ocr_line' id='line_1_21' title="bbox 176 1818 1302 1882; baseline -0.003 -12"><span class='ocrx_word' id='word_1_181' title='bbox 176 1821 227 1882; x_wconf 90' lang='lat' dir='ltr'>hic,</span> <span class='ocrx_word' id='word_1_182' title='bbox 245 1818 306 1881; x_wconf 82' lang='lat' dir='ltr'>„Me</span> <span class='ocrx_word' id='word_1_183' title='bbox 323 1820 413 1871; x_wconf 81' lang='lat' dir='ltr'>dulces</span> <span class='ocrx_word' id='word_1_184' title='bbox 425 1821 548 1871; x_wconf 83' lang='lat' dir='ltr'>dominae</span> <span class='ocrx_word' id='word_1_185' title='bbox 560 1837 635 1870; x_wconf 76' lang='lat' dir='ltr'>mitra</span> <span class='ocrx_word' id='word_1_186' title='bbox 645 1822 791 1872; x_wconf 83' lang='lat' dir='ltr'>Terentiae:</span> <span class='ocrx_word' id='word_1_187' title='bbox 810 1822 967 1871; x_wconf 70' lang='lat' dir='ltr'>Per-mutare</span> <span class='ocrx_word' id='word_1_188' title='bbox 981 1821 1045 1870; x_wconf 79' lang='lat' dir='ltr'>uelis</span> <span class='ocrx_word' id='word_1_189' title='bbox 1059 1821 1134 1870; x_wconf 85' lang='lat' dir='ltr'>crine</span> <span class='ocrx_word' id='word_1_190' title='bbox 1143 1818 1302 1869; x_wconf 86' lang='lat' dir='ltr'>Terentiae.“</span> 
     </span>
     <span class='ocr_line' id='line_1_22' title="bbox 178 1887 1301 1951; baseline -0.003 -14"><span class='ocrx_word' id='word_1_191' title='bbox 178 1889 220 1938; x_wconf 85' lang='lat' dir='ltr'>Sic</span> <span class='ocrx_word' id='word_1_192' title='bbox 239 1893 265 1938; x_wconf 90' lang='lat' dir='ltr'>et</span> <span class='ocrx_word' id='word_1_193' title='bbox 281 1887 347 1937; x_wconf 92' lang='lat' dir='ltr'>illud</span> <span class='ocrx_word' id='word_1_194' title='bbox 365 1889 460 1951; x_wconf 89' lang='lat' dir='ltr'>Persii,</span> <span class='ocrx_word' id='word_1_195' title='bbox 484 1890 650 1950; x_wconf 79' lang='lat' dir='ltr'>„Auriculae</span> <span class='ocrx_word' id='word_1_196' title='bbox 674 1892 746 1939; x_wconf 65' lang='lat' dir='ltr'>aunt</span> <span class='ocrx_word' id='word_1_197' title='bbox 762 1890 832 1940; x_wconf 88' lang='lat' dir='ltr'>Mida</span> <span class='ocrx_word' id='word_1_198' title='bbox 855 1905 905 1938; x_wconf 79' lang='lat' dir='ltr'>rea</span> <span class='ocrx_word' id='word_1_199' title='bbox 928 1889 1039 1938; x_wconf 68' lang='lat' dir='ltr'>babct‘:</span> <span class='ocrx_word' id='word_1_200' title='bbox 1064 1888 1109 1951; x_wconf 89' lang='lat' dir='ltr'>qui</span> <span class='ocrx_word' id='word_1_201' title='bbox 1126 1889 1220 1936; x_wconf 78' lang='lat' dir='ltr'>Poetae</span> <span class='ocrx_word' id='word_1_202' title='bbox 1243 1902 1301 1935; x_wconf 91' lang='lat' dir='ltr'>con·</span> 
     </span>
     <span class='ocr_line' id='line_1_23' title="bbox 177 1954 1302 2022; baseline -0.004 -16"><span class='ocrx_word' id='word_1_203' title='bbox 177 1957 262 2006; x_wconf 89' lang='lat' dir='ltr'>silium</span> <span class='ocrx_word' id='word_1_204' title='bbox 288 1963 424 2016; x_wconf 84' lang='lat' dir='ltr'>noverant,</span> <span class='ocrx_word' id='word_1_205' title='bbox 447 1961 544 2006; x_wconf 89' lang='lat' dir='ltr'>mutato</span> <span class='ocrx_word' id='word_1_206' title='bbox 571 1957 672 2006; x_wconf 89' lang='lat' dir='ltr'>nomine</span> <span class='ocrx_word' id='word_1_207' title='bbox 697 1958 780 2022; x_wconf 87' lang='lat' dir='ltr'>legere</span> <span class='ocrx_word' id='word_1_208' title='bbox 798 1961 931 2022; x_wconf 89' lang='lat' dir='ltr'>poterant,</span> <span class='ocrx_word' id='word_1_209' title='bbox 958 1956 1121 2019; x_wconf 79' lang='lat' dir='ltr'>„Auriculns</span> <span class='ocrx_word' id='word_1_210' title='bbox 1146 1957 1219 2004; x_wconf 82' lang='lat' dir='ltr'>asini</span> <span class='ocrx_word' id='word_1_211' title='bbox 1235 1954 1302 2003; x_wconf 89' lang='lat' dir='ltr'>Nero</span> 
     </span>
     <span class='ocr_line' id='line_1_24' title="bbox 177 2021 1302 2089; baseline -0.004 -14"><span class='ocrx_word' id='word_1_212' title='bbox 177 2041 227 2075; x_wconf 76' lang='lat' dir='ltr'>rem</span> <span class='ocrx_word' id='word_1_213' title='bbox 251 2025 354 2075; x_wconf 86' lang='lat' dir='ltr'>babet.“</span> <span class='ocrx_word' id='word_1_214' title='bbox 396 2025 455 2073; x_wconf 90' lang='lat' dir='ltr'>Non</span> <span class='ocrx_word' id='word_1_215' title='bbox 482 2025 525 2073; x_wconf 89' lang='lat' dir='ltr'>hic</span> <span class='ocrx_word' id='word_1_216' title='bbox 552 2025 791 2089; x_wconf 89' lang='lat' dir='ltr'>praetermittendus</span> <span class='ocrx_word' id='word_1_217' title='bbox 817 2029 856 2074; x_wconf 90' lang='lat' dir='ltr'>est</span> <span class='ocrx_word' id='word_1_218' title='bbox 880 2025 1027 2089; x_wconf 88' lang='lat' dir='ltr'>praeclarus</span> <span class='ocrx_word' id='word_1_219' title='bbox 1049 2023 1154 2089; x_wconf 77' lang='lat' dir='ltr'>Apuleii</span> <span class='ocrx_word' id='word_1_220' title='bbox 1177 2023 1249 2071; x_wconf 87' lang='lat' dir='ltr'>loeus</span> <span class='ocrx_word' id='word_1_221' title='bbox 1274 2021 1302 2070; x_wconf 88' lang='lat' dir='ltr'>in</span> 
     </span>
     <span class='ocr_line' id='line_1_25' title="bbox 176 2086 1304 2158; baseline -0.004 -16"><span class='ocrx_word' id='word_1_222' title='bbox 176 2093 302 2158; x_wconf 79' lang='lat' dir='ltr'>Apologia</span> <span class='ocrx_word' id='word_1_223' title='bbox 321 2095 354 2158; x_wconf 89' lang='lat' dir='ltr'>[p.</span> <span class='ocrx_word' id='word_1_224' title='bbox 374 2096 423 2144; x_wconf 80' lang='lat'>405</span> <span class='ocrx_word' id='word_1_225' title='bbox 442 2092 531 2155; x_wconf 82' lang='lat' dir='ltr'>Oud.]:</span> <span class='ocrx_word' id='word_1_226' title='bbox 566 2093 685 2154; x_wconf 78' lang='lat' dir='ltr'>„Eadem</span> <span class='ocrx_word' id='word_1_227' title='bbox 702 2095 790 2157; x_wconf 78' lang='lat' dir='ltr'>igitrm</span> <span class='ocrx_word' id='word_1_228' title='bbox 814 2109 897 2157; x_wconf 85' lang='lat' dir='ltr'>opera</span> <span class='ocrx_word' id='word_1_229' title='bbox 915 2097 1040 2142; x_wconf 80' lang='lat' dir='ltr'>accusent</span> <span class='ocrx_word' id='word_1_230' title='bbox 1058 2091 1207 2153; x_wconf 71' lang='lat' dir='ltr'>Cuballum,</span> <span class='ocrx_word' id='word_1_231' title='bbox 1232 2086 1304 2154; x_wconf 86' lang='lat' dir='ltr'>quod</span> 
     </span>
     <span class='ocr_line' id='line_1_26' title="bbox 176 2156 1303 2226; baseline -0.005 -15"><span class='ocrx_word' id='word_1_232' title='bbox 176 2160 298 2211; x_wconf 84' lang='lat' dir='ltr'>Lesbiam</span> <span class='ocrx_word' id='word_1_233' title='bbox 316 2177 366 2226; x_wconf 82' lang='lat' dir='ltr'>pro</span> <span class='ocrx_word' id='word_1_234' title='bbox 386 2159 479 2211; x_wconf 86' lang='lat' dir='ltr'>Clodia</span> <span class='ocrx_word' id='word_1_235' title='bbox 497 2163 662 2210; x_wconf 88' lang='lat' dir='ltr'>nominarit:</span> <span class='ocrx_word' id='word_1_236' title='bbox 680 2167 706 2210; x_wconf 89' lang='lat' dir='ltr'>ct</span> <span class='ocrx_word' id='word_1_237' title='bbox 726 2159 845 2211; x_wconf 79' lang='lat' dir='ltr'>Ticidam</span> <span class='ocrx_word' id='word_1_238' title='bbox 863 2161 1001 2221; x_wconf 80' lang='lat' dir='ltr'>similiter,</span> <span class='ocrx_word' id='word_1_239' title='bbox 1020 2159 1092 2224; x_wconf 86' lang='lat' dir='ltr'>quod</span> <span class='ocrx_word' id='word_1_240' title='bbox 1109 2175 1178 2223; x_wconf 88' lang='lat' dir='ltr'>quae</span> <span class='ocrx_word' id='word_1_241' title='bbox 1195 2156 1303 2207; x_wconf 85' lang='lat' dir='ltr'>Metella</span> 
     </span>
     <span class='ocr_line' id='line_1_27' title="bbox 177 2226 1303 2294; baseline -0.005 -15"><span class='ocrx_word' id='word_1_242' title='bbox 177 2233 250 2292; x_wconf 80' lang='lat' dir='ltr'>erat,</span> <span class='ocrx_word' id='word_1_243' title='bbox 273 2229 400 2279; x_wconf 82' lang='lat' dir='ltr'>Perillam</span> <span class='ocrx_word' id='word_1_244' title='bbox 418 2232 572 2293; x_wconf 81' lang='lat' dir='ltr'>scripserit.-</span> <span class='ocrx_word' id='word_1_245' title='bbox 596 2234 622 2278; x_wconf 82' lang='lat' dir='ltr'>et</span> <span class='ocrx_word' id='word_1_246' title='bbox 638 2229 822 2294; x_wconf 77' lang='lat' dir='ltr'>Propertium,</span> <span class='ocrx_word' id='word_1_247' title='bbox 845 2231 893 2294; x_wconf 86' lang='lat' dir='ltr'>qut</span> <span class='ocrx_word' id='word_1_248' title='bbox 911 2228 1052 2294; x_wconf 78' lang='lat' dir='ltr'>Cynthium</span> <span class='ocrx_word' id='word_1_249' title='bbox 1072 2227 1159 2289; x_wconf 84' lang='lat' dir='ltr'>dieat,</span> <span class='ocrx_word' id='word_1_250' title='bbox 1183 2226 1303 2275; x_wconf 80' lang='lat' dir='ltr'>Hostiam</span> 
     </span>
     <span class='ocr_line' id='line_1_28' title="bbox 177 2294 1303 2361; baseline -0.004 -15"><span class='ocrx_word' id='word_1_251' title='bbox 177 2297 340 2347; x_wconf 80' lang='lat' dir='ltr'>dissimulet:</span> <span class='ocrx_word' id='word_1_252' title='bbox 359 2302 384 2346; x_wconf 90' lang='lat' dir='ltr'>et</span> <span class='ocrx_word' id='word_1_253' title='bbox 405 2294 546 2360; x_wconf 82' lang='lat' dir='ltr'>Tibullum,</span> <span class='ocrx_word' id='word_1_254' title='bbox 565 2295 637 2361; x_wconf 85' lang='lat' dir='ltr'>quod</span> <span class='ocrx_word' id='word_1_255' title='bbox 654 2299 679 2345; x_wconf 87' lang='lat' dir='ltr'>ei</span> <span class='ocrx_word' id='word_1_256' title='bbox 694 2299 730 2345; x_wconf 81' lang='lat' dir='ltr'>sit</span> <span class='ocrx_word' id='word_1_257' title='bbox 748 2297 845 2346; x_wconf 86' lang='lat' dir='ltr'>Plania</span> <span class='ocrx_word' id='word_1_258' title='bbox 865 2297 919 2357; x_wconf 84' lang='lat' dir='ltr'>(alii</span> <span class='ocrx_word' id='word_1_259' title='bbox 938 2296 1046 2358; x_wconf 88' lang='lat' dir='ltr'>codices,</span> <span class='ocrx_word' id='word_1_260' title='bbox 1063 2294 1169 2356; x_wconf 82' lang='lat' dir='ltr'>Flauia,</span> <span class='ocrx_word' id='word_1_261' title='bbox 1187 2294 1303 2347; x_wconf 82' lang='lat' dir='ltr'>Plautiat</span> 
     </span>
     <span class='ocr_line' id='line_1_29' title="bbox 176 2360 1302 2428; baseline -0.005 -14"><span class='ocrx_word' id='word_1_262' title='bbox 176 2368 205 2414; x_wconf 90' lang='lat' dir='ltr'>in</span> <span class='ocrx_word' id='word_1_263' title='bbox 225 2367 330 2428; x_wconf 88' lang='lat' dir='ltr'>animo,</span> <span class='ocrx_word' id='word_1_264' title='bbox 353 2364 432 2414; x_wconf 85' lang='lat' dir='ltr'>Delia</span> <span class='ocrx_word' id='word_1_265' title='bbox 451 2368 480 2415; x_wconf 83' lang='lat' dir='ltr'>tn</span> <span class='ocrx_word' id='word_1_266' title='bbox 498 2369 602 2415; x_wconf 80' lang='lat' dir='ltr'>versu.“</span> <span class='ocrx_word' id='word_1_267' title='bbox 637 2364 715 2413; x_wconf 86' lang='lat' dir='ltr'>Vides</span> <span class='ocrx_word' id='word_1_268' title='bbox 740 2364 783 2414; x_wconf 92' lang='lat' dir='ltr'>hic</span> <span class='ocrx_word' id='word_1_269' title='bbox 802 2378 815 2413; x_wconf 88' lang='lat' dir='ltr'>a</span> <span class='ocrx_word' id='word_1_270' title='bbox 834 2364 940 2415; x_wconf 90' lang='lat' dir='ltr'>caeteris</span> <span class='ocrx_word' id='word_1_271' title='bbox 958 2364 1042 2428; x_wconf 82' lang='lat' dir='ltr'>po&#39;etis</span> <span class='ocrx_word' id='word_1_272' title='bbox 1060 2363 1171 2424; x_wconf 86' lang='lat' dir='ltr'>lactum,</span> <span class='ocrx_word' id='word_1_273' title='bbox 1190 2361 1259 2426; x_wconf 88' lang='lat' dir='ltr'>quod</span> <span class='ocrx_word' id='word_1_274' title='bbox 1275 2360 1302 2408; x_wconf 87' lang='lat' dir='ltr'>in</span> 
     </span>
     <span class='ocr_line' id='line_1_30' title="bbox 176 2432 1303 2496; baseline -0.004 -14"><span class='ocrx_word' id='word_1_275' title='bbox 176 2432 268 2482; x_wconf 84' lang='lat' dir='ltr'>Flacco</span> <span class='ocrx_word' id='word_1_276' title='bbox 292 2432 436 2482; x_wconf 84' lang='lat' dir='ltr'>observavit</span> <span class='ocrx_word' id='word_1_277' title='bbox 457 2434 554 2491; x_wconf 73' lang='lat' dir='ltr'>Acrem</span> <span class='ocrx_word' id='word_1_278' title='bbox 580 2437 735 2483; x_wconf 88' lang='lat' dir='ltr'>commutata</span> <span class='ocrx_word' id='word_1_279' title='bbox 758 2447 848 2496; x_wconf 90' lang='lat' dir='ltr'>nempe</span> <span class='ocrx_word' id='word_1_280' title='bbox 871 2448 925 2482; x_wconf 90' lang='lat' dir='ltr'>esse</span> <span class='ocrx_word' id='word_1_281' title='bbox 949 2432 1054 2482; x_wconf 88' lang='lat' dir='ltr'>nomina</span> <span class='ocrx_word' id='word_1_282' title='bbox 1079 2432 1169 2480; x_wconf 85' lang='lat' dir='ltr'>eodem</span> <span class='ocrx_word' id='word_1_283' title='bbox 1192 2442 1303 2479; x_wconf 81' lang='lat' dir='ltr'>numero</span> 
     </span>
     <span class='ocr_line' id='line_1_31' title="bbox 177 2497 1303 2566; baseline -0.004 -17"><span class='ocrx_word' id='word_1_284' title='bbox 177 2500 251 2563; x_wconf 80' lang='lat' dir='ltr'>(adde</span> <span class='ocrx_word' id='word_1_285' title='bbox 275 2504 300 2549; x_wconf 91' lang='lat' dir='ltr'>et</span> <span class='ocrx_word' id='word_1_286' title='bbox 326 2501 478 2563; x_wconf 77' lang='lat' dir='ltr'>quantitate)</span> <span class='ocrx_word' id='word_1_287' title='bbox 502 2501 667 2566; x_wconf 72' lang='lat' dir='ltr'>syllabarum</span> <span class='ocrx_word' id='word_1_288' title='bbox 674 2519 684 2562; x_wconf 89' lang='lat'><em>;</em></span> <span class='ocrx_word' id='word_1_289' title='bbox 708 2517 754 2564; x_wconf 90' lang='lat' dir='ltr'>pro</span> <span class='ocrx_word' id='word_1_290' title='bbox 778 2499 868 2550; x_wconf 84' lang='lat' dir='ltr'>Clodia</span> <span class='ocrx_word' id='word_1_291' title='bbox 890 2500 1005 2549; x_wconf 87' lang='lat' dir='ltr'>Lesbiam</span> <span class='ocrx_word' id='word_1_292' title='bbox 1031 2514 1084 2548; x_wconf 86' lang='lat' dir='ltr'>esse</span> <span class='ocrx_word' id='word_1_293' title='bbox 1107 2497 1232 2563; x_wconf 85' lang='lat' dir='ltr'>positam,</span> <span class='ocrx_word' id='word_1_294' title='bbox 1257 2510 1303 2560; x_wconf 88' lang='lat' dir='ltr'>pro</span> 
     </span>
     <span class='ocr_line' id='line_1_32' title="bbox 176 2565 1305 2633; baseline -0.004 -16"><span class='ocrx_word' id='word_1_295' title='bbox 176 2567 281 2617; x_wconf 90' lang='lat' dir='ltr'>Metella</span> <span class='ocrx_word' id='word_1_296' title='bbox 297 2568 431 2630; x_wconf 83' lang='lat' dir='ltr'>Perillam,</span> <span class='ocrx_word' id='word_1_297' title='bbox 455 2585 501 2632; x_wconf 90' lang='lat' dir='ltr'>pro</span> <span class='ocrx_word' id='word_1_298' title='bbox 519 2569 612 2618; x_wconf 87' lang='lat' dir='ltr'>Hostia</span> <span class='ocrx_word' id='word_1_299' title='bbox 629 2567 771 2633; x_wconf 80' lang='lat' dir='ltr'>Cynthium,</span> <span class='ocrx_word' id='word_1_300' title='bbox 789 2584 836 2633; x_wconf 86' lang='lat' dir='ltr'>pro</span> <span class='ocrx_word' id='word_1_301' title='bbox 854 2568 945 2617; x_wconf 89' lang='lat' dir='ltr'>Plania</span> <span class='ocrx_word' id='word_1_302' title='bbox 962 2584 1007 2618; x_wconf 93' lang='lat' dir='ltr'>seu</span> <span class='ocrx_word' id='word_1_303' title='bbox 1023 2566 1114 2617; x_wconf 83' lang='lat' dir='ltr'>Flavia</span> <span class='ocrx_word' id='word_1_304' title='bbox 1131 2567 1184 2616; x_wconf 85' lang='lat' dir='ltr'>sive</span> <span class='ocrx_word' id='word_1_305' title='bbox 1201 2565 1305 2614; x_wconf 85' lang='lat' dir='ltr'>Plautia</span> 
     </span>
     <span class='ocr_line' id='line_1_33' title="bbox 176 2632 1303 2700; baseline -0.003 -16"><span class='ocrx_word' id='word_1_306' title='bbox 176 2634 284 2684; x_wconf 88' lang='lat' dir='ltr'>Deliam.</span> <span class='ocrx_word' id='word_1_307' title='bbox 319 2635 393 2683; x_wconf 92' lang='lat' dir='ltr'>Unde</span> <span class='ocrx_word' id='word_1_308' title='bbox 412 2639 436 2683; x_wconf 91' lang='lat' dir='ltr'>et</span> <span class='ocrx_word' id='word_1_309' title='bbox 454 2635 687 2698; x_wconf 86' lang='lat' dir='ltr'>magniPasseratii</span> <span class='ocrx_word' id='word_1_310' title='bbox 705 2652 774 2686; x_wconf 89' lang='lat' dir='ltr'>error</span> <span class='ocrx_word' id='word_1_311' title='bbox 791 2636 926 2697; x_wconf 88' lang='lat' dir='ltr'>evincitur,</span> <span class='ocrx_word' id='word_1_312' title='bbox 945 2637 989 2699; x_wconf 92' lang='lat' dir='ltr'>qui</span> <span class='ocrx_word' id='word_1_313' title='bbox 1006 2651 1054 2700; x_wconf 93' lang='lat' dir='ltr'>pro</span> <span class='ocrx_word' id='word_1_314' title='bbox 1071 2635 1166 2684; x_wconf 89' lang='lat' dir='ltr'>Hostia</span> <span class='ocrx_word' id='word_1_315' title='bbox 1175 2632 1303 2698; x_wconf 91' lang='lat' dir='ltr'>Propertii</span> 
     </span>
    </p>
   </div>
   <div class='ocr_carea' id='block_1_4' title="bbox 177 2698 1396 2770">
    <p class='ocr_par' dir='ltr' id='par_1_6' title="bbox 177 2698 1396 2770">
     <span class='ocr_line' id='line_1_34' title="bbox 177 2698 1396 2770; baseline -0.002 -18"><span class='ocrx_word' id='word_1_316' title='bbox 177 2701 320 2752; x_wconf 79' lang='lat' dir='ltr'>Hostiliam</span> <span class='ocrx_word' id='word_1_317' title='bbox 337 2700 489 2751; x_wconf 91' lang='lat' dir='ltr'>substituere</span> <span class='ocrx_word' id='word_1_318' title='bbox 507 2702 604 2751; x_wconf 85' lang='lat' dir='ltr'>voluit:</span> <span class='ocrx_word' id='word_1_319' title='bbox 622 2719 704 2768; x_wconf 90' lang='lat' dir='ltr'>neque</span> <span class='ocrx_word' id='word_1_320' title='bbox 723 2705 789 2753; x_wconf 90' lang='lat' dir='ltr'>enim</span> <span class='ocrx_word' id='word_1_321' title='bbox 808 2705 927 2753; x_wconf 79' lang='lat' dir='ltr'>convenit</span> <span class='ocrx_word' id='word_1_322' title='bbox 944 2704 1097 2770; x_wconf 87' lang='lat' dir='ltr'>syllabarum</span> <span class='ocrx_word' id='word_1_323' title='bbox 1109 2718 1237 2751; x_wconf 85' lang='lat' dir='ltr'>numerus.</span> <span class='ocrx_word' id='word_1_324' title='bbox 1268 2700 1304 2749; x_wconf 88' lang='lat' dir='ltr'>Dc</span> <span class='ocrx_word' id='word_1_325' title='bbox 1395 2698 1396 2705; x_wconf 71' lang='grc'>’</span> 
     </span>
    </p>
   </div>
   <div class='ocr_carea' id='block_1_5' title="bbox 177 2767 1305 2834">
    <p class='ocr_par' dir='ltr' id='par_1_7' title="bbox 177 2767 1305 2834">
     <span class='ocr_line' id='line_1_35' title="bbox 177 2767 1305 2834; baseline -0.002 -15"><span class='ocrx_word' id='word_1_326' title='bbox 177 2768 282 2819; x_wconf 87' lang='lat' dir='ltr'>Metella</span> <span class='ocrx_word' id='word_1_327' title='bbox 298 2767 401 2818; x_wconf 89' lang='lat' dir='ltr'>Ticidae</span> <span class='ocrx_word' id='word_1_328' title='bbox 419 2770 493 2818; x_wconf 89' lang='lat' dir='ltr'>testis</span> <span class='ocrx_word' id='word_1_329' title='bbox 510 2769 585 2819; x_wconf 89' lang='lat' dir='ltr'>etiam</span> <span class='ocrx_word' id='word_1_330' title='bbox 610 2777 648 2820; x_wconf 90' lang='lat' dir='ltr'>est</span> <span class='ocrx_word' id='word_1_331' title='bbox 666 2772 771 2821; x_wconf 88' lang='lat' dir='ltr'>Ovidius</span> <span class='ocrx_word' id='word_1_332' title='bbox 789 2771 864 2821; x_wconf 87' lang='lat' dir='ltr'>Trist.</span> <span class='ocrx_word' id='word_1_333' title='bbox 884 2772 959 2834; x_wconf 82' lang='lat' dir='ltr'>11,v.</span> <span class='ocrx_word' id='word_1_334' title='bbox 978 2773 1037 2824; x_wconf 80' lang='lat'><strong>433.</strong></span> <span class='ocrx_word' id='word_1_335' title='bbox 1072 2769 1165 2834; x_wconf 64' lang='lat' dir='ltr'>„Qum</span> <span class='ocrx_word' id='word_1_336' title='bbox 1187 2768 1305 2830; x_wconf 78' lang='lat' dir='ltr'>referam</span> 
     </span>
    </p>
   </div>
   <div class='ocr_carea' id='block_1_6' title="bbox 177 2835 1396 2905">
    <p class='ocr_par' dir='ltr' id='par_1_8' title="bbox 177 2835 1396 2905">
     <span class='ocr_line' id='line_1_36' title="bbox 177 2835 1396 2905; baseline -0.002 -19"><span class='ocrx_word' id='word_1_337' title='bbox 177 2835 290 2895; x_wconf 85' lang='lat' dir='ltr'>Ticidae,</span> <span class='ocrx_word' id='word_1_338' title='bbox 309 2835 375 2899; x_wconf 84' lang='lat' dir='ltr'>quid</span> <span class='ocrx_word' id='word_1_339' title='bbox 391 2835 502 2886; x_wconf 81' lang='lat' dir='ltr'>Memmi</span> <span class='ocrx_word' id='word_1_340' title='bbox 516 2853 631 2903; x_wconf 83' lang='lat' dir='ltr'>carmen,</span> <span class='ocrx_word' id='word_1_341' title='bbox 651 2839 724 2903; x_wconf 85' lang='lat' dir='ltr'>apud</span> <span class='ocrx_word' id='word_1_342' title='bbox 741 2838 908 2905; x_wconf 74' lang='lat' dir='ltr'>puerilibus</span> <span class='ocrx_word' id='word_1_343' title='bbox 927 2842 1001 2890; x_wconf 82' lang='lat' dir='ltr'>abest</span> <span class='ocrx_word' id='word_1_344' title='bbox 1017 2853 1122 2903; x_wconf 76' lang='lat' dir='ltr'>uomere,</span> <span class='ocrx_word' id='word_1_345' title='bbox 1141 2837 1305 2888; x_wconf 78' lang='lat' dir='ltr'>nominibus·</span> <span class='ocrx_word' id='word_1_346' title='bbox 1395 2874 1396 2901; x_wconf 64' lang='lat'>,</span> 
     </span>
    </p>
   </div>
   <div class='ocr_carea' id='block_1_7' title="bbox 177 2901 1308 3853">
    <p class='ocr_par' dir='ltr' id='par_1_9' title="bbox 177 2901 1308 3853">
     <span class='ocr_line' id='line_1_37' title="bbox 178 2901 1304 2972; baseline 0.001 -19"><span class='ocrx_word' id='word_1_347' title='bbox 178 2920 229 2969; x_wconf 87' lang='lat' dir='ltr'>que</span> <span class='ocrx_word' id='word_1_348' title='bbox 251 2901 359 2967; x_wconf 82' lang='lat' dir='ltr'>pudor?</span> <span class='ocrx_word' id='word_1_349' title='bbox 396 2903 481 2954; x_wconf 86' lang='lat' dir='ltr'>Cinna</span> <span class='ocrx_word' id='word_1_350' title='bbox 504 2921 607 2971; x_wconf 86' lang='lat' dir='ltr'>quoqne</span> <span class='ocrx_word' id='word_1_351' title='bbox 633 2908 674 2956; x_wconf 81' lang='lat' dir='ltr'>bis</span> <span class='ocrx_word' id='word_1_352' title='bbox 700 2913 855 2970; x_wconf 76' lang='lat' dir='ltr'>comesset,</span> <span class='ocrx_word' id='word_1_353' title='bbox 880 2906 1019 2972; x_wconf 81' lang='lat' dir='ltr'>Cinnaque</span> <span class='ocrx_word' id='word_1_354' title='bbox 1039 2909 1186 2972; x_wconf 81' lang='lat' dir='ltr'>procacior</span> <span class='ocrx_word' id='word_1_355' title='bbox 1208 2905 1304 2967; x_wconf 77' lang='lat' dir='ltr'>Anser,</span> 
     </span>
     <span class='ocr_line' id='line_1_38' title="bbox 177 2970 1305 3039; baseline 0 -19"><span class='ocrx_word' id='word_1_356' title='bbox 177 2972 214 3021; x_wconf 80' lang='lat' dir='ltr'>Et</span> <span class='ocrx_word' id='word_1_357' title='bbox 233 2971 287 3021; x_wconf 81' lang='lat' dir='ltr'>teve</span> <span class='ocrx_word' id='word_1_358' title='bbox 300 2970 435 3036; x_wconf 79' lang='lat' dir='ltr'>Cornifiei,</span> <span class='ocrx_word' id='word_1_359' title='bbox 451 2989 557 3039; x_wconf 81' lang='lat' dir='ltr'>parque</span> <span class='ocrx_word' id='word_1_360' title='bbox 576 2974 684 3025; x_wconf 80' lang='lat' dir='ltr'>Catonis</span> <span class='ocrx_word' id='word_1_361' title='bbox 702 2990 786 3039; x_wconf 76' lang='lat' dir='ltr'>optas:</span> <span class='ocrx_word' id='word_1_362' title='bbox 804 2975 841 3024; x_wconf 85' lang='lat' dir='ltr'>Et</span> <span class='ocrx_word' id='word_1_363' title='bbox 858 2991 972 3039; x_wconf 86' lang='lat' dir='ltr'>quorum</span> <span class='ocrx_word' id='word_1_364' title='bbox 991 2976 1067 3025; x_wconf 80' lang='lat' dir='ltr'>libris</span> <span class='ocrx_word' id='word_1_365' title='bbox 1084 2974 1162 3023; x_wconf 76' lang='lat' dir='ltr'>niodo</span> <span class='ocrx_word' id='word_1_366' title='bbox 1182 2974 1305 3023; x_wconf 81' lang='lat' dir='ltr'>dissimu-</span> 
     </span>
     <span class='ocr_line' id='line_1_39' title="bbox 179 3039 1305 3106; baseline -0.001 -17"><span class='ocrx_word' id='word_1_367' title='bbox 179 3039 234 3089; x_wconf 88' lang='lat' dir='ltr'>lata</span> <span class='ocrx_word' id='word_1_368' title='bbox 247 3039 362 3100; x_wconf 85' lang='lat' dir='ltr'>Perillae,</span> <span class='ocrx_word' id='word_1_369' title='bbox 380 3039 494 3091; x_wconf 85' lang='lat' dir='ltr'>Nomine</span> <span class='ocrx_word' id='word_1_370' title='bbox 511 3058 584 3092; x_wconf 77' lang='lat' dir='ltr'>necne</span> <span class='ocrx_word' id='word_1_371' title='bbox 602 3043 702 3106; x_wconf 77' lang='lat' dir='ltr'>legitur</span> <span class='ocrx_word' id='word_1_372' title='bbox 720 3042 799 3106; x_wconf 85' lang='lat' dir='ltr'>dicta,</span> <span class='ocrx_word' id='word_1_373' title='bbox 817 3043 927 3105; x_wconf 86' lang='lat' dir='ltr'>Metelle,</span> <span class='ocrx_word' id='word_1_374' title='bbox 946 3045 1018 3092; x_wconf 87' lang='lat' dir='ltr'>tuo.“</span> <span class='ocrx_word' id='word_1_375' title='bbox 1052 3040 1104 3091; x_wconf 89' lang='lat' dir='ltr'>Ubi</span> <span class='ocrx_word' id='word_1_376' title='bbox 1120 3057 1173 3091; x_wconf 90' lang='lat' dir='ltr'>non</span> <span class='ocrx_word' id='word_1_377' title='bbox 1189 3039 1305 3090; x_wconf 83' lang='lat' dir='ltr'>Ticidam</span> 
     </span>
     <span class='ocr_line' id='line_1_40' title="bbox 177 3106 1306 3172; baseline 0 -16"><span class='ocrx_word' id='word_1_378' title='bbox 177 3106 265 3167; x_wconf 87' lang='lat' dir='ltr'>modo,</span> <span class='ocrx_word' id='word_1_379' title='bbox 289 3108 333 3158; x_wconf 91' lang='lat' dir='ltr'>sed</span> <span class='ocrx_word' id='word_1_380' title='bbox 350 3108 509 3172; x_wconf 89' lang='lat' dir='ltr'>Memmium,</span> <span class='ocrx_word' id='word_1_381' title='bbox 529 3110 649 3172; x_wconf 80' lang='lat' dir='ltr'>Cinnam,</span> <span class='ocrx_word' id='word_1_382' title='bbox 668 3113 800 3170; x_wconf 73' lang='lat' dir='ltr'>Anserem,</span> <span class='ocrx_word' id='word_1_383' title='bbox 826 3110 1005 3172; x_wconf 86' lang='lat' dir='ltr'>Cornificium,</span> <span class='ocrx_word' id='word_1_384' title='bbox 1030 3110 1165 3170; x_wconf 84' lang='lat' dir='ltr'>Catonem,</span> <span class='ocrx_word' id='word_1_385' title='bbox 1191 3109 1306 3171; x_wconf 85' lang='lat' dir='ltr'>aliosque</span> 
     </span>
     <span class='ocr_line' id='line_1_41' title="bbox 177 3173 1306 3241; baseline 0 -17"><span class='ocrx_word' id='word_1_386' title='bbox 177 3181 312 3237; x_wconf 87' lang='lat' dir='ltr'>memorat,</span> <span class='ocrx_word' id='word_1_387' title='bbox 337 3177 381 3241; x_wconf 93' lang='lat' dir='ltr'>qui</span> <span class='ocrx_word' id='word_1_388' title='bbox 405 3178 452 3228; x_wconf 91' lang='lat' dir='ltr'>sub</span> <span class='ocrx_word' id='word_1_389' title='bbox 476 3178 539 3229; x_wconf 81' lang='lat' dir='ltr'>falso</span> <span class='ocrx_word' id='word_1_390' title='bbox 557 3178 665 3228; x_wconf 88' lang='lat' dir='ltr'>Perillae</span> <span class='ocrx_word' id='word_1_391' title='bbox 683 3181 785 3227; x_wconf 89' lang='lat' dir='ltr'>nomine</span> <span class='ocrx_word' id='word_1_392' title='bbox 803 3192 899 3228; x_wconf 87' lang='lat' dir='ltr'>amores</span> <span class='ocrx_word' id='word_1_393' title='bbox 917 3195 975 3228; x_wconf 88' lang='lat' dir='ltr'>snos</span> <span class='ocrx_word' id='word_1_394' title='bbox 994 3194 1051 3228; x_wconf 91' lang='lat' dir='ltr'>cum</span> <span class='ocrx_word' id='word_1_395' title='bbox 1068 3177 1171 3227; x_wconf 88' lang='lat' dir='ltr'>Metella</span> <span class='ocrx_word' id='word_1_396' title='bbox 1190 3173 1306 3226; x_wconf 90' lang='lat' dir='ltr'>versibus</span> 
     </span>
     <span class='ocr_line' id='line_1_42' title="bbox 178 3242 1306 3311; baseline 0.002 -21"><span class='ocrx_word' id='word_1_397' title='bbox 178 3243 355 3306; x_wconf 86' lang='lat' dir='ltr'>vulgaverant:</span> <span class='ocrx_word' id='word_1_398' title='bbox 381 3250 456 3309; x_wconf 90' lang='lat' dir='ltr'>atque</span> <span class='ocrx_word' id='word_1_399' title='bbox 479 3246 506 3295; x_wconf 90' lang='lat' dir='ltr'>id</span> <span class='ocrx_word' id='word_1_400' title='bbox 530 3246 656 3311; x_wconf 87' lang='lat' dir='ltr'>imprimis</span> <span class='ocrx_word' id='word_1_401' title='bbox 680 3245 821 3295; x_wconf 89' lang='lat' dir='ltr'>notandum</span> <span class='ocrx_word' id='word_1_402' title='bbox 845 3246 931 3308; x_wconf 89' lang='lat' dir='ltr'>addit,</span> <span class='ocrx_word' id='word_1_403' title='bbox 957 3263 1043 3296; x_wconf 84' lang='lat' dir='ltr'>verum</span> <span class='ocrx_word' id='word_1_404' title='bbox 1067 3245 1168 3295; x_wconf 89' lang='lat' dir='ltr'>tandem</span> <span class='ocrx_word' id='word_1_405' title='bbox 1185 3242 1306 3293; x_wconf 83' lang='lat' dir='ltr'>Metellae</span> 
     </span>
     <span class='ocr_line' id='line_1_43' title="bbox 179 3310 1306 3377; baseline 0.002 -19"><span class='ocrx_word' id='word_1_406' title='bbox 179 3326 269 3358; x_wconf 89' lang='lat' dir='ltr'>nomen</span> <span class='ocrx_word' id='word_1_407' title='bbox 294 3314 362 3375; x_wconf 88' lang='lat' dir='ltr'>(post</span> <span class='ocrx_word' id='word_1_408' title='bbox 385 3328 470 3362; x_wconf 91' lang='lat' dir='ltr'>eorum</span> <span class='ocrx_word' id='word_1_409' title='bbox 494 3314 568 3362; x_wconf 89' lang='lat' dir='ltr'>oredo</span> <span class='ocrx_word' id='word_1_410' title='bbox 594 3313 689 3375; x_wconf 74' lang='lat' dir='ltr'>obitus)</span> <span class='ocrx_word' id='word_1_411' title='bbox 714 3330 729 3362; x_wconf 90' lang='lat' dir='ltr'>a</span> <span class='ocrx_word' id='word_1_412' title='bbox 752 3313 879 3364; x_wconf 87' lang='lat' dir='ltr'>Librariis</span> <span class='ocrx_word' id='word_1_413' title='bbox 909 3315 1048 3377; x_wconf 90' lang='lat' dir='ltr'>repositum</span> <span class='ocrx_word' id='word_1_414' title='bbox 1075 3329 1142 3372; x_wconf 89' lang='lat' dir='ltr'>esse,</span> <span class='ocrx_word' id='word_1_415' title='bbox 1169 3312 1230 3361; x_wconf 89' lang='lat' dir='ltr'>ficto</span> <span class='ocrx_word' id='word_1_416' title='bbox 1259 3310 1306 3361; x_wconf 90' lang='lat' dir='ltr'>illo</span> 
     </span>
     <span class='ocr_line' id='line_1_44' title="bbox 179 3376 1306 3447; baseline 0.004 -23"><span class='ocrx_word' id='word_1_417' title='bbox 179 3376 280 3425; x_wconf 90' lang='lat' dir='ltr'>reiecto.</span> <span class='ocrx_word' id='word_1_418' title='bbox 316 3377 448 3428; x_wconf 86' lang='lat' dir='ltr'>Caeterum</span> <span class='ocrx_word' id='word_1_419' title='bbox 466 3380 532 3429; x_wconf 90' lang='lat' dir='ltr'>nihil</span> <span class='ocrx_word' id='word_1_420' title='bbox 550 3397 614 3444; x_wconf 88' lang='lat' dir='ltr'>opus</span> <span class='ocrx_word' id='word_1_421' title='bbox 632 3386 682 3441; x_wconf 86' lang='lat' dir='ltr'>est,</span> <span class='ocrx_word' id='word_1_422' title='bbox 706 3386 737 3429; x_wconf 91' lang='lat' dir='ltr'>ut</span> <span class='ocrx_word' id='word_1_423' title='bbox 754 3398 811 3431; x_wconf 91' lang='lat' dir='ltr'>cum</span> <span class='ocrx_word' id='word_1_424' title='bbox 829 3383 867 3447; x_wconf 77' lang='grc' dir='ltr'>τῷ</span> <span class='ocrx_word' id='word_1_425' title='bbox 885 3378 957 3430; x_wconf 81' lang='grc' dir='ltr'><em>πάνυ</em></span> <span class='ocrx_word' id='word_1_426' title='bbox 974 3383 1082 3431; x_wconf 87' lang='lat' dir='ltr'>Nicolao</span> <span class='ocrx_word' id='word_1_427' title='bbox 1100 3381 1209 3430; x_wconf 87' lang='lat' dir='ltr'>Heinsio</span> <span class='ocrx_word' id='word_1_428' title='bbox 1227 3380 1306 3429; x_wconf 88' lang='lat' dir='ltr'>versi·</span> 
     </span>
     <span class='ocr_line' id='line_1_45' title="bbox 179 3443 1308 3513; baseline 0.004 -21"><span class='ocrx_word' id='word_1_429' title='bbox 179 3444 264 3492; x_wconf 86' lang='lat' dir='ltr'>culum</span> <span class='ocrx_word' id='word_1_430' title='bbox 281 3443 399 3493; x_wconf 89' lang='lat' dir='ltr'>ultimum</span> <span class='ocrx_word' id='word_1_431' title='bbox 423 3447 460 3494; x_wconf 89' lang='lat' dir='ltr'>sic</span> <span class='ocrx_word' id='word_1_432' title='bbox 477 3447 642 3512; x_wconf 86' lang='lat' dir='ltr'>refingamus,</span> <span class='ocrx_word' id='word_1_433' title='bbox 668 3448 758 3498; x_wconf 84' lang='lat' dir='ltr'>invitis</span> <span class='ocrx_word' id='word_1_434' title='bbox 783 3449 926 3513; x_wconf 89' lang='lat' dir='ltr'>codicibus,</span> <span class='ocrx_word' id='word_1_435' title='bbox 953 3449 1086 3512; x_wconf 82' lang='lat' dir='ltr'>„Nomine</span> <span class='ocrx_word' id='word_1_436' title='bbox 1108 3463 1181 3498; x_wconf 88' lang='lat' dir='ltr'>nunc</span> <span class='ocrx_word' id='word_1_437' title='bbox 1205 3447 1308 3511; x_wconf 68' lang='lat' dir='ltr'>tegitur</span> 
     </span>
     <span class='ocr_line' id='line_1_46' title="bbox 180 3510 1307 3587; baseline 0.003 -26"><span class='ocrx_word' id='word_1_438' title='bbox 180 3511 252 3561; x_wconf 86' lang='lat' dir='ltr'>dicta</span> <span class='ocrx_word' id='word_1_439' title='bbox 270 3510 373 3587; x_wconf 84' lang='lat' dir='ltr'>Metella</span> <span class='ocrx_word' id='word_1_440' title='bbox 391 3515 462 3560; x_wconf 85' lang='lat' dir='ltr'>suo.“</span> <span class='ocrx_word' id='word_1_441' title='bbox 496 3514 598 3579; x_wconf 79' lang='lat' dir='ltr'>Quippe</span> <span class='ocrx_word' id='word_1_442' title='bbox 623 3516 700 3566; x_wconf 89' lang='lat' dir='ltr'>lectio</span> <span class='ocrx_word' id='word_1_443' title='bbox 718 3516 822 3580; x_wconf 84' lang='lat' dir='ltr'>vulgata</span> <span class='ocrx_word' id='word_1_444' title='bbox 848 3517 933 3567; x_wconf 91' lang='lat' dir='ltr'>eodem</span> <span class='ocrx_word' id='word_1_445' title='bbox 955 3517 1032 3582; x_wconf 88' lang='lat' dir='ltr'>plane</span> <span class='ocrx_word' id='word_1_446' title='bbox 1055 3516 1134 3575; x_wconf 88' lang='lat' dir='ltr'>redit,</span> <span class='ocrx_word' id='word_1_447' title='bbox 1159 3515 1307 3580; x_wconf 89' lang='lat' dir='ltr'>etquidem</span> 
     </span>
     <span class='ocr_line' id='line_1_47' title="bbox 179 3579 1306 3650; baseline 0.003 -21"><span class='ocrx_word' id='word_1_448' title='bbox 179 3580 320 3643; x_wconf 80' lang='lat' dir='ltr'>elegantior</span> <span class='ocrx_word' id='word_1_449' title='bbox 338 3585 388 3627; x_wconf 88' lang='lat' dir='ltr'>est:</span> <span class='ocrx_word' id='word_1_450' title='bbox 414 3579 486 3629; x_wconf 81' lang='lat' dir='ltr'>dicta</span> <span class='ocrx_word' id='word_1_451' title='bbox 503 3585 610 3631; x_wconf 86' lang='lat' dir='ltr'>nomine</span> <span class='ocrx_word' id='word_1_452' title='bbox 627 3583 743 3645; x_wconf 65' lang='lat' dir='ltr'>Metella·</span> <span class='ocrx_word' id='word_1_453' title='bbox 761 3586 808 3633; x_wconf 88' lang='lat' dir='ltr'>hoc</span> <span class='ocrx_word' id='word_1_454' title='bbox 826 3586 911 3650; x_wconf 86' lang='lat' dir='ltr'>ipsum</span> <span class='ocrx_word' id='word_1_455' title='bbox 929 3591 980 3645; x_wconf 89' lang='lat' dir='ltr'>est,</span> <span class='ocrx_word' id='word_1_456' title='bbox 1000 3586 1072 3635; x_wconf 85' lang='lat' dir='ltr'>dicta</span> <span class='ocrx_word' id='word_1_457' title='bbox 1090 3583 1206 3634; x_wconf 87' lang='lat' dir='ltr'>Metella.</span> <span class='ocrx_word' id='word_1_458' title='bbox 1241 3583 1306 3632; x_wconf 83' lang='lat' dir='ltr'>Fae·</span> 
     </span>
     <span class='ocr_line' id='line_1_48' title="bbox 178 3645 1306 3723; baseline 0.004 -27"><span class='ocrx_word' id='word_1_459' title='bbox 178 3647 263 3696; x_wconf 88' lang='lat' dir='ltr'>minae</span> <span class='ocrx_word' id='word_1_460' title='bbox 287 3646 353 3723; x_wconf 83' lang='lat' dir='ltr'>enim</span> <span class='ocrx_word' id='word_1_461' title='bbox 378 3645 493 3696; x_wconf 90' lang='lat' dir='ltr'>inomni</span> <span class='ocrx_word' id='word_1_462' title='bbox 516 3649 613 3698; x_wconf 89' lang='lat' dir='ltr'>familia</span> <span class='ocrx_word' id='word_1_463' title='bbox 630 3666 646 3700; x_wconf 89' lang='lat' dir='ltr'>a</span> <span class='ocrx_word' id='word_1_464' title='bbox 663 3651 775 3701; x_wconf 89' lang='lat' dir='ltr'>maribus</span> <span class='ocrx_word' id='word_1_465' title='bbox 792 3653 897 3702; x_wconf 87' lang='lat' dir='ltr'>nomina</span> <span class='ocrx_word' id='word_1_466' title='bbox 919 3657 1086 3719; x_wconf 79' lang='lat' dir='ltr'>acceperunt3</span> <span class='ocrx_word' id='word_1_467' title='bbox 1111 3653 1139 3701; x_wconf 92' lang='lat' dir='ltr'>iu</span> <span class='ocrx_word' id='word_1_468' title='bbox 1158 3650 1306 3700; x_wconf 83' lang='lat' dir='ltr'>clodiorum</span> 
     </span>
     <span class='ocr_line' id='line_1_49' title="bbox 178 3712 1305 3782; baseline 0.003 -18"><span class='ocrx_word' id='word_1_469' title='bbox 178 3720 254 3780; x_wconf 80' lang='lat' dir='ltr'>gente</span> <span class='ocrx_word' id='word_1_470' title='bbox 272 3712 377 3762; x_wconf 82' lang='lat' dir='ltr'>Clodiae</span> <span class='ocrx_word' id='word_1_471' title='bbox 395 3718 475 3775; x_wconf 88' lang='lat' dir='ltr'>erant,</span> <span class='ocrx_word' id='word_1_472' title='bbox 493 3715 521 3764; x_wconf 92' lang='lat' dir='ltr'>in</span> <span class='ocrx_word' id='word_1_473' title='bbox 538 3717 688 3767; x_wconf 90' lang='lat' dir='ltr'>Hostiorum</span> <span class='ocrx_word' id='word_1_474' title='bbox 705 3719 821 3781; x_wconf 86' lang='lat' dir='ltr'>Hostiae,</span> <span class='ocrx_word' id='word_1_475' title='bbox 839 3720 867 3769; x_wconf 95' lang='lat' dir='ltr'>in</span> <span class='ocrx_word' id='word_1_476' title='bbox 884 3719 1044 3770; x_wconf 88' lang='lat' dir='ltr'>Metellorum</span> <span class='ocrx_word' id='word_1_477' title='bbox 1053 3720 1180 3770; x_wconf 85' lang='lat' dir='ltr'>Metellae.</span> <span class='ocrx_word' id='word_1_478' title='bbox 1216 3718 1305 3782; x_wconf 86' lang='lat' dir='ltr'>Neque</span> 
     </span>
     <span class='ocr_line' id='line_1_50' title="bbox 178 3779 1307 3853; baseline 0.002 -20"><span class='ocrx_word' id='word_1_479' title='bbox 178 3799 238 3833; x_wconf 81' lang='lat' dir='ltr'>vero</span> <span class='ocrx_word' id='word_1_480' title='bbox 254 3781 358 3841; x_wconf 86' lang='lat' dir='ltr'>melius,</span> <span class='ocrx_word' id='word_1_481' title='bbox 382 3779 434 3829; x_wconf 92' lang='lat' dir='ltr'>imo</span> <span class='ocrx_word' id='word_1_482' title='bbox 456 3782 531 3846; x_wconf 79' lang='lat' dir='ltr'>longe</span> <span class='ocrx_word' id='word_1_483' title='bbox 548 3784 658 3834; x_wconf 89' lang='lat' dir='ltr'>deterius</span> <span class='ocrx_word' id='word_1_484' title='bbox 683 3788 805 3837; x_wconf 86' lang='lat' dir='ltr'>successit</span> <span class='ocrx_word' id='word_1_485' title='bbox 821 3788 876 3836; x_wconf 84' lang='lat' dir='ltr'>viro</span> <span class='ocrx_word' id='word_1_486' title='bbox 900 3804 1005 3853; x_wconf 82' lang='lat' dir='ltr'>magn03</span> <span class='ocrx_word' id='word_1_487' title='bbox 1030 3805 1088 3838; x_wconf 90' lang='lat' dir='ltr'>cum</span> <span class='ocrx_word' id='word_1_488' title='bbox 1105 3787 1307 3851; x_wconf 84' lang='lat' dir='ltr'>Rottendorphii</span> 
     </span>
    </p>
   </div>
   <div class='ocr_carea' id='block_1_8' title="bbox 178 3848 1305 4255">
    <p class='ocr_par' dir='ltr' id='par_1_10' title="bbox 178 3848 1305 4255">
     <span class='ocr_line' id='line_1_51' title="bbox 180 3848 1305 3921; baseline 0.003 -21"><span class='ocrx_word' id='word_1_489' title='bbox 180 3851 220 3900; x_wconf 86' lang='lat' dir='ltr'>sui</span> <span class='ocrx_word' id='word_1_490' title='bbox 238 3848 439 3901; x_wconf 88' lang='lat' dir='ltr'>emendationem</span> <span class='ocrx_word' id='word_1_491' title='bbox 457 3854 565 3912; x_wconf 90' lang='lat' dir='ltr'>secutus,</span> <span class='ocrx_word' id='word_1_492' title='bbox 582 3851 778 3904; x_wconf 87' lang='lat' dir='ltr'>reclamantibus</span> <span class='ocrx_word' id='word_1_493' title='bbox 790 3854 953 3917; x_wconf 89' lang='lat' dir='ltr'>Membranis,</span> <span class='ocrx_word' id='word_1_494' title='bbox 971 3856 999 3905; x_wconf 91' lang='lat' dir='ltr'>in</span> <span class='ocrx_word' id='word_1_495' title='bbox 1017 3857 1074 3921; x_wconf 89' lang='lat' dir='ltr'>ipso</span> <span class='ocrx_word' id='word_1_496' title='bbox 1092 3859 1165 3906; x_wconf 85' lang='lat' dir='ltr'>textu</span> <span class='ocrx_word' id='word_1_497' title='bbox 1180 3854 1305 3919; x_wconf 89' lang='lat' dir='ltr'>reposuit,</span> 
     </span>
     <span class='ocr_line' id='line_1_52' title="bbox 178 3913 1304 3989; baseline 0.003 -21"><span class='ocrx_word' id='word_1_498' title='bbox 178 3935 252 3969; x_wconf 79' lang='lat' dir='ltr'>versu</span> <span class='ocrx_word' id='word_1_499' title='bbox 270 3915 393 3977; x_wconf 85' lang='lat' dir='ltr'>secunde,</span> <span class='ocrx_word' id='word_1_500' title='bbox 418 3913 520 3977; x_wconf 78' lang='lat' dir='ltr'>„liebus</span> <span class='ocrx_word' id='word_1_501' title='bbox 538 3919 612 3968; x_wconf 81' lang='lat' dir='ltr'>abeat</span> <span class='ocrx_word' id='word_1_502' title='bbox 627 3922 708 3970; x_wconf 90' lang='lat' dir='ltr'>omnis</span> <span class='ocrx_word' id='word_1_503' title='bbox 726 3923 929 3988; x_wconf 79' lang='lat' dir='ltr'>nominibusque</span> <span class='ocrx_word' id='word_1_504' title='bbox 950 3923 1067 3989; x_wconf 85' lang='lat' dir='ltr'>pudor.“</span> <span class='ocrx_word' id='word_1_505' title='bbox 1101 3922 1180 3974; x_wconf 86' lang='lat' dir='ltr'>Nibil</span> <span class='ocrx_word' id='word_1_506' title='bbox 1196 3925 1304 3983; x_wconf 76' lang='lat' dir='ltr'>certitas,</span> 
     </span>
     <span class='ocr_line' id='line_1_53' title="bbox 179 3985 1305 4055; baseline 0.002 -19"><span class='ocrx_word' id='word_1_507' title='bbox 179 3987 278 4050; x_wconf 91' lang='lat' dir='ltr'>inquit,</span> <span class='ocrx_word' id='word_1_508' title='bbox 305 4001 337 4035; x_wconf 88' lang='lat' dir='ltr'>ea</span> <span class='ocrx_word' id='word_1_509' title='bbox 364 3985 527 4038; x_wconf 81' lang='lat' dir='ltr'>coniectura.</span> <span class='ocrx_word' id='word_1_510' title='bbox 570 3987 624 4036; x_wconf 93' lang='lat' dir='ltr'>Imo</span> <span class='ocrx_word' id='word_1_511' title='bbox 650 3989 718 4038; x_wconf 90' lang='lat' dir='ltr'>nihil</span> <span class='ocrx_word' id='word_1_512' title='bbox 744 4006 772 4040; x_wconf 87' lang='lat' dir='ltr'>ea</span> <span class='ocrx_word' id='word_1_513' title='bbox 796 3989 938 4042; x_wconf 81' lang='lat' dir='ltr'>infelicius:</span> <span class='ocrx_word' id='word_1_514' title='bbox 965 3991 1033 4041; x_wconf 91' lang='lat' dir='ltr'>nihil</span> <span class='ocrx_word' id='word_1_515' title='bbox 1058 3995 1161 4055; x_wconf 87' lang='lat' dir='ltr'>recepta</span> <span class='ocrx_word' id='word_1_516' title='bbox 1188 3989 1305 4040; x_wconf 86' lang='lat' dir='ltr'>codicum</span> 
     </span>
     <span class='ocr_line' id='line_1_54' title="bbox 178 4052 1304 4124; baseline 0.004 -21"><span class='ocrx_word' id='word_1_517' title='bbox 178 4054 287 4104; x_wconf 88' lang='lat' dir='ltr'>lectione</span> <span class='ocrx_word' id='word_1_518' title='bbox 305 4052 413 4111; x_wconf 84' lang='lat' dir='ltr'>certius,</span> <span class='ocrx_word' id='word_1_519' title='bbox 432 4053 609 4118; x_wconf 82' lang='lat' dir='ltr'>argutiusque,</span> <span class='ocrx_word' id='word_1_520' title='bbox 629 4060 653 4104; x_wconf 91' lang='lat' dir='ltr'>et</span> <span class='ocrx_word' id='word_1_521' title='bbox 671 4057 751 4120; x_wconf 84' lang='lat' dir='ltr'>magis</span> <span class='ocrx_word' id='word_1_522' title='bbox 769 4057 959 4117; x_wconf 79' lang='lat' dir='ltr'>Nasonienum3</span> <span class='ocrx_word' id='word_1_523' title='bbox 986 4058 1089 4124; x_wconf 78' lang='lat' dir='ltr'>„liebus</span> <span class='ocrx_word' id='word_1_524' title='bbox 1113 4061 1187 4109; x_wconf 79' lang='lat' dir='ltr'>abest</span> <span class='ocrx_word' id='word_1_525' title='bbox 1203 4073 1304 4118; x_wconf 90' lang='lat' dir='ltr'>nomen,</span> 
     </span>
     <span class='ocr_line' id='line_1_55' title="bbox 179 4119 1305 4190; baseline 0.003 -19"><span class='ocrx_word' id='word_1_526' title='bbox 179 4124 382 4185; x_wconf 83' lang='lat' dir='ltr'>nominibusque</span> <span class='ocrx_word' id='word_1_527' title='bbox 403 4119 520 4183; x_wconf 46' lang='lat' dir='ltr'>pudore</span> <span class='ocrx_word' id='word_1_528' title='bbox 554 4119 654 4186; x_wconf 78' lang='lat' dir='ltr'>liebus,</span> <span class='ocrx_word' id='word_1_529' title='bbox 677 4124 725 4173; x_wconf 89' lang='lat' dir='ltr'>hoe</span> <span class='ocrx_word' id='word_1_530' title='bbox 747 4130 798 4187; x_wconf 92' lang='lat' dir='ltr'>est,</span> <span class='ocrx_word' id='word_1_531' title='bbox 821 4131 984 4189; x_wconf 85' lang='lat' dir='ltr'>argumento,</span> <span class='ocrx_word' id='word_1_532' title='bbox 1008 4127 1115 4177; x_wconf 86' lang='lat' dir='ltr'>materie</span> <span class='ocrx_word' id='word_1_533' title='bbox 1131 4128 1230 4190; x_wconf 88' lang='lat' dir='ltr'>operis:</span> <span class='ocrx_word' id='word_1_534' title='bbox 1249 4126 1259 4176; x_wconf 92' lang='lat' dir='ltr'>i</span> <span class='ocrx_word' id='word_1_535' title='bbox 1279 4139 1305 4174; x_wconf 88' lang='lat' dir='ltr'>se</span> 
     </span>
     <span class='ocr_line' id='line_1_56' title="bbox 179 4186 1305 4255; baseline 0.002 -16"><span class='ocrx_word' id='word_1_536' title='bbox 179 4191 254 4239; x_wconf 85' lang='lat' dir='ltr'>Pont</span> <span class='ocrx_word' id='word_1_537' title='bbox 273 4189 294 4249; x_wconf 92' lang='lat' dir='ltr'>I,</span> <span class='ocrx_word' id='word_1_538' title='bbox 315 4191 336 4238; x_wconf 90' lang='grc'>1.</span> <span class='ocrx_word' id='word_1_539' title='bbox 357 4189 388 4249; x_wconf 88' lang='lat' dir='ltr'>[v.</span> <span class='ocrx_word' id='word_1_540' title='bbox 409 4187 450 4247; x_wconf 79' lang='lat' dir='ltr'>tt]</span> <span class='ocrx_word' id='word_1_541' title='bbox 486 4186 638 4251; x_wconf 80' lang='lat' dir='ltr'>„lnueaies,</span> <span class='ocrx_word' id='word_1_542' title='bbox 662 4194 782 4255; x_wconf 79' lang='lat' dir='ltr'>qrtamoir</span> <span class='ocrx_word' id='word_1_543' title='bbox 804 4208 858 4242; x_wconf 89' lang='lat' dir='ltr'>non</span> <span class='ocrx_word' id='word_1_544' title='bbox 877 4199 917 4243; x_wconf 85' lang='lat' dir='ltr'>cet</span> <span class='ocrx_word' id='word_1_545' title='bbox 938 4194 1098 4245; x_wconf 64' lang='lat' dir='ltr'>miserabilis</span> <span class='ocrx_word' id='word_1_546' title='bbox 1117 4194 1215 4253; x_wconf 75' lang='lat' dir='ltr'>ladem,</span> <span class='ocrx_word' id='word_1_547' title='bbox 1270 4207 1305 4242; x_wconf 87' lang='lat' dir='ltr'>on</span> 
     </span>
    </p>
   </div>
   <div class='ocr_carea' id='block_1_9' title="bbox 0 0 1421 4756">
    <p class='ocr_par' dir='ltr' id='par_1_11' title="bbox 0 0 1421 4756">
     <span class='ocr_line' id='line_1_57' title="bbox 0 0 1421 4756; baseline 0 0"><span class='ocrx_word' id='word_1_548' title='bbox 0 0 1421 4756; x_wconf 95' lang='lat' dir='ltr'> </span> 
     </span>
    </p>
   </div>
  </div>
 </body>
</html>
