2818 4758
224 241 266 305 62
618 252 650 314 o.
672 252 813 300 norrun
834 248 958 300 nascor

308 387 426 455 Aridas
441 387 564 454 frondis
586 386 701 453 hiemis
724 382 827 452 sodali

266 486 298 536 ao
462 471 599 539 Dedioet
619 472 715 537 Euro.

575 606 597 639 r.
619 588 753 654 ao.Ve1g.
774 587 868 640 iletre.

223 725 384 776 ablativusue
401 725 436 775 sit
453 740 485 775 an
504 724 612 776 dativus.
647 724 744 774 Unicus
762 723 893 774 dumtaxat
909 723 981 774 iocus
999 729 1045 786 est,
1067 725 1156 789 quiin
1175 725 1278 775 turbam
1297 728 1354 792 cogi

223 799 308 859 negat,
319 792 400 843 Oarm.
411 793 446 855 ΙΙ,
458 795 498 855 19,
509 796 532 845 b.
550 793 646 858 „Eam
653 793 751 843 receuti
761 807 835 842 mene
845 792 1070 857 trepidaemeta.“
1087 794 1186 859 respuit
1197 794 1268 844 enim
1280 796 1352 843 metri

222 863 303 922 ratio,
329 866 481 913 atterente
497 867 642 927 reponatur.
678 860 772 911 Verum
788 860 836 910 hoe
854 861 953 910 Nomen
970 865 1023 921 est,
1048 875 1099 910 non
1117 861 1305 927 Perticipium:
1328 871 1354 911 et

222 929 331 996 proinde
348 929 400 979 alia
416 929 501 989 huius,
520 929 572 979 alia
588 934 727 980 ceterorum
744 929 813 978 ratio
831 928 920 978 haberi
937 927 1017 978 debet

295 999 332 1050 ia.
358 995 459 1048 Aridus
481 996 592 1058 frendes
617 998 711 1047 Metuis
739 995 828 1046 sodali
850 996 961 1047 Dedicat
984 995 1079 1059 Hebro]
1106 996 1172 1047 Vera
1199 997 1278 1048 huius
1302 996 1352 1047 loci

222 1065 402 1132 interpretatio
426 1071 452 1115 et
468 1064 545 1115 lectio
564 1065 594 1115 de
612 1062 787 1132 superioribus
809 1063 917 1129 pendet,
943 1062 1136 1129 „bestowed
1151 1067 1236 1131 prebes
1253 1065 1352 1115 aedera

222 1137 326 1185 virente
336 1131 466 1197 Gaudeat,
482 1133 876 1199 proilamagiralquemyrto:“
910 1131 1014 1197 Quippe
1030 1133 1092 1182 baec
1101 1133 1230 1183 sententia
1247 1141 1295 1195 est,
1313 1135 1352 1184 uti

222 1208 290 1252 recte
299 1200 365 1251 vidit
375 1215 481 1265 magm
490 1201 631 1252 Salmnius
639 1201 672 1251 ad
680 1201 796 1250 Setinum
807 1201 841 1264 [p.
852 1202 939 1262 atari
949 1202 1056 1250 Iuvenes
1067 1201 1149 1265 magis
1157 1201 1268 1265 gaudere
1278 1201 1352 1252 arbe·

221 1271 293 1320 ribus
312 1261 468 1340 ᾴιιφῦλλοις
484 1284 582 1335 semper
596 1268 745 1328 virentibus,
764 1267 851 1332 quales
868 1267 1165 1335 hederaatquemyrtus:
1184 1268 1353 1320 aridaantem

222 1337 359 1388 etcaduca
377 1336 440 1386 lolia
456 1337 533 1387 nihili
552 1338 692 1388 aestimare.
728 1335 763 1384 Ut
780 1335 848 1385 euim
866 1338 955 1385 virerre
973 1335 1071 1386 hedera
1102 1337 1138 1386 sic
1164 1337 1255 1387 itidem
1272 1338 1351 1402 pulla

222 1411 328 1471 myriae
346 1410 468 1470 perpetuo
485 1405 528 1454 hic
546 1404 660 1469 epitheto
678 1404 780 1454 dieitur.
816 1403 919 1469 Quippe
937 1403 1034 1454 bicolor
1051 1410 1090 1453 est
1106 1410 1216 1470 myrtus3
1240 1404 1308 1465 ciba,
1326 1411 1352 1455 et

223 1475 298 1538 nigra
315 1472 367 1522 sive
386 1470 469 1538 pulla,
495 1473 556 1537 quia
573 1487 603 1522 ex
621 1472 698 1522 viridi
721 1471 851 1536 nigrescit.
888 1471 931 1522 Sic
949 1471 1112 1522 Dioscorides
1134 1477 1161 1522 et
1178 1472 1269 1523 Graeci
1294 1473 1350 1533 alii,

222 1538 350 1609 Μυρσὶνη
367 1538 483 1608 μέλαινα
507 1547 533 1590 et
548 1534 632 1601 leuari.
663 1539 734 1590 Ouid.
759 1540 788 1589 in
811 1541 872 1589 Arte
890 1540 1031 1600 AmatllI,
1048 1541 1107 1593 OOO-
1141 1539 1235 1603 „Silua
1258 1555 1351 1591 nemas

222 1625 276 1659 non
295 1608 351 1658 alla
368 1608 451 1669 facit:
470 1610 538 1673 teg-it
552 1611 665 1658 artatae
682 1608 809 1658 bertam:
827 1605 991 1670 Ronmanis,
1008 1612 1034 1657 et
1051 1607 1132 1671 lauri,
1150 1608 1275 1674 nigraque
1284 1625 1350 1675 myr-

222 1685 264 1726 tas
282 1676 381 1727 olent“
414 1676 519 1726 Frustra
535 1675 617 1741 igitur
634 1674 759 1735 laborant
778 1677 821 1739 qui
839 1676 1053 1739 comparationem
1071 1676 1114 1725 hie
1132 1691 1185 1726 esse
1202 1676 1293 1726 volunt
1310 1677 1350 1726 in·

222 1751 262 1794 ter
278 1745 401 1794 virentem
419 1750 535 1809 myrtum,
562 1751 588 1794 et
605 1744 712 1808 nigrum.
747 1743 844 1793 Eadem
861 1744 930 1793 enisu
947 1747 973 1793 et
990 1744 1075 1793 virens
1092 1748 1131 1793 eat
1148 1749 1174 1793 et
1192 1743 1281 1809 nigra:
1307 1761 1349 1794 ne·

222 1828 271 1877 que
288 1812 364 1876 nigra
380 1818 477 1878 myrtus
498 1813 584 1862 minus
608 1811 736 1862 iuventuti
760 1811 788 1861 in
814 1810 914 1861 deliciis
937 1817 989 1872 est,
1013 1825 1088 1875 quam
1106 1810 1171 1863 alba.
1206 1810 1350 1861 Infeliciter

221 1895 332 1945 quoque,
348 1883 378 1929 ut
394 1880 436 1930 hie
455 1878 527 1940 solet,
545 1878 638 1929 Daniel
654 1879 779 1930 Heinsius
797 1879 911 1944 corrigit,
930 1877 1073 1942 „Gaudeat
1086 1879 1164 1944 palla
1181 1875 1286 1943 magis:
1310 1886 1349 1930 at·

223 1964 274 2012 que
290 1950 375 2014 myrti
391 1946 491 1998 Aridus
507 1947 618 2008 frondes
636 1947 730 1997 hiemis
746 1946 835 1997 sodali
851 1945 987 1997 Βιαιὶὶοοικ
1022 1947 1077 1996 lmo
1094 1963 1153 1996 vero
1170 1946 1257 1997 aridae
1279 1947 1349 1998 fron·

221 2016 265 2067 des
282 2015 540 2081 planelopponuntur
557 2013 690 2065 frondibus
707 2015 814 2064 hederae
831 2014 954 2082 temys-ti,
972 2014 1072 2065 seilicet
1088 2029 1153 2080 quae
1169 2029 1220 2065 non
1230 2021 1349 2066 manat

220 2085 311 2147 hiems,
329 2083 373 2133 sed
390 2088 514 2149 perpetuo
530 2082 622 2133 virent
656 2084 740 2148 Atque
758 2083 799 2132 his
815 2083 853 2132 sic
872 2082 1019 2146 explicatis,
1044 2082 1096 2133 iam
1119 2082 1204 2133 facilis
1221 2083 1267 2133 via
1284 2098 1347 2149 pau-

221 2153 299 2215 ditur‚
318 2167 381 2216 quae
399 2151 431 2200 ad
448 2150 523 2201 illurn
540 2152 635 2201 hiemis
650 2150 768 2202 sodalem
785 2166 832 2201 nos
850 2151 974 2215 perducat
1016 2151 1081 2200 Nam
1108 2151 1163 2201 sine
1189 2150 1268 2201 dubio
1292 2167 1347 2201 eum

220 2221 262 2271 hic
280 2228 367 2270 noster
388 2218 527 2284 inteiligit,
552 2220 597 2285 qui
614 2218 725 2279 frondes
742 2219 859 2269 arborum
878 2214 1056 2285 φυλλοβόλων
1073 2219 1166 2269 aridae
1189 2223 1215 2268 et
1238 2220 1346 2270 caducas

220 2289 291 2339 iacit.
326 2288 453 2344 Quorsum
470 2289 551 2353 igitur
569 2287 673 2338 Hebro?
707 2289 780 2336 Anne
796 2285 899 2336 Hebrus
922 2286 1059 2351 quicquam
1087 2287 1115 2336 in
1140 2301 1218 2336 causa
1242 2294 1295 2349 est,
1319 2294 1347 2337 ut

219 2357 283 2407 solia
300 2360 447 2407 exarescant
464 2363 490 2405 ct
507 2355 645 2406 decidant?
662 2354 737 2405 Nihil
754 2355 846 2404 minus.
873 2353 1041 2411 Quamobrem
1059 2370 1136 2420 porro
1150 2354 1252 2405 Hebrus
1270 2355 1345 2406 soda-

221 2425 254 2474 lis
271 2425 365 2474 hiemis
382 2418 441 2475 esti
457 2424 597 2488 Eleganter
614 2422 716 2488 quidem
735 2421 890 2472 Claudianus
908 2420 1054 2472 Danubium
1072 2428 1097 2472 et
1115 2423 1232 2472 Rhenum
1251 2422 1346 2473 Martis

220 2497 247 2542 et
263 2491 366 2542 Boreae
388 2491 493 2542 sodales
515 2496 602 2551 vocat,
629 2490 660 2541 de
677 2490 750 2541 Bello
767 2491 857 2540 Getico
874 2506 897 2539 r.
914 2492 974 2543 339.
1010 2490 1113 2553 ‚Amba
1140 2490 1241 2540 nabiles
1258 2492 1346 2554 rernm,

221 2562 297 2610 aruba
314 2560 445 2624 glacialia
461 2562 528 2609 secti
547 2560 634 2623 Terga
652 2562 733 2621 rots'e,
756 2559 832 2609 ambo
850 2557 954 2609 Boreae
970 2556 1120 2623 Martisque
1140 2556 1272 2609 eodales.“
1308 2560 1347 2608 lta

219 2636 287 2677 reete
304 2634 355 2677 tres
374 2626 475 2677 codices
492 2626 560 2691 apud
577 2627 634 2675 Nic.
643 2627 789 2688 Heinsinm,
807 2625 921 2689 Martis5
938 2641 1011 2690 quem
1029 2627 1109 2676 miror
1126 2626 1241 2690 equidem
1257 2625 1345 2687 Marti,

220 2694 287 2759 quod
305 2695 332 2744 in
350 2693 410 2744 aliis
427 2693 541 2755 invenit,
567 2693 642 2744 alteri
659 2693 765 2745 lectioni
782 2693 947 2759 praetulisse:
993 2692 1044 2743 uod
1062 2693 1102 2743 vei
1119 2693 1161 2743 hic
1187 2694 1243 2759 ipse
1261 2693 1347 2744 Flacci

219 2763 298 2823 locus,
316 2762 338 2811 si
347 2761 402 2811 eius
411 2762 574 2822 meminisset,
582 2760 717 2827 probibere
728 2763 822 2828 potuit,
839 2769 870 2812 ut
879 2766 904 2812 et
912 2709 1067 2812 elumbem.
1080 2762 1128 2823 ΙΙΙ,
1139 2762 1180 2822 18,
1188 2764 1211 2814 6.
1236 2761 1346 2826 „Larga

219 2845 268 2880 aec
285 2829 383 2880 desunt
397 2829 504 2879 Veneris
520 2829 602 2879 sodali
620 2828 692 2880 Vina
710 2833 856 2881 craterae.“
882 2830 1029 2895 Eleganter,
1046 2829 1159 2894 inquam,
1177 2827 1345 2880 Claudianus:

219 2898 330 3016 parique}
344 2897 509 3015 {Intemelionrff
527 2899 582 2977 iure
593 2896 708 3015 {ebrum
725 2897 942 3016 ditxeripassgrsae
959 2896 1098 3016 etTpllasitis
1115 2897 1249 3015 mmm:
1268 2898 1347 3015 :iqui-

237 2981 277 3015 am
300 2982 317 3015 u
373 2980 448 3015 erus
507 2980 590 3016 rastas
625 2982 700 3016 umus
723 2982 774 3021 es.
801 2983 810 3015 r
885 2981 968 3016 oream
1025 2980 1132 3015 reorum
1157 2980 1171 3015 e
1241 2980 1346 3016 reorum

219 3035 328 3084 Martem
345 3033 440 3099 passim
457 3033 526 3099 apud
544 3035 635 3085 Poetae
651 3034 730 3099 legas.
748 3035 844 3085 Vereor
861 3038 945 3084 tamen
962 3037 992 3083 ut
1009 3032 1128 3083 similiter
1144 3033 1245 3082 Hieraie
1269 3034 1347 3084 eoda-

221 3103 253 3152 lie
271 3101 323 3153 dici
340 3103 436 3167 possit:
455 3102 507 3152 nisi
525 3102 548 3151 si
565 3101 630 3152 forte
648 3106 783 3168 perpetuas
801 3101 839 3153 ibi
858 3102 961 3162 hiemes,
978 3101 1142 3165 Hebrumque
1160 3105 1266 3151 aeterna
1280 3101 1346 3153 uiris

219 3171 339 3237 oompede
355 3170 470 3220 vinctum
488 3184 541 3220 esse
567 3170 688 3221 audacter
710 3170 821 3221 finxeris.
855 3170 906 3221 Sed
932 3174 1069 3233 utcumque
1092 3169 1140 3218 hcc
1167 3167 1276 3228 habeat3
1304 3170 1347 3234 qul

218 3254 311 3303 quaeso
339 3241 466 3298 convenit,
493 3242 523 3287 ut
539 3239 662 3288 Iuventus
679 3239 773 3289 Romae
800 3239 893 3303 degens
919 3236 1020 3298 Hebro,
1047 3237 1091 3301 qui
1117 3236 1192 3301 longe
1218 3235 1347 3302 longeque

218 3306 304 3366 abest,
328 3306 390 3356 folia
408 3306 525 3356 dedicet?
560 3305 684 3357 Dediaare
702 3312 741 3357 est
757 3307 831 3367 dare,
859 3312 885 3355 et
900 3305 1008 3371 proinde
1034 3305 1078 3369 qui
1095 3304 1195 3354 absenti
1213 3304 1269 3354 Deo
1287 3305 1346 3370 quid
1407 3340 1408 3347 ι

219 3374 332 3435 dedicat,
360 3374 427 3424 dono
444 3373 472 3423 id
490 3373 513 3423 ei
531 3374 627 3434 mittit,
655 3379 685 3423 ut
708 3375 821 3424 Earinus
848 3374 927 3424 Statii
953 3371 1074 3438 oapilium
1102 3387 1176 3422 suurn
1193 3373 1347 3437 Aesculapio

221 3444 376 3504 Pergamum.
411 3444 451 3492 An
469 3457 529 3506 ergo
547 3446 572 3491 et
590 3442 693 3492 iuvenes
711 3442 840 3493 dedicatas
858 3441 916 3491 illas
933 3441 1035 3491 frondes
1052 3440 1187 3490 Thraciam
1205 3456 1288 3505 usquc
1305 3444 1346 3491 de·

219 3509 351 3558 tulerunt?
377 3508 475 3574 Nugae.
510 3509 620 3559 Omnino
638 3509 698 3560 talis
721 3510 800 3560 hiemi
818 3508 975 3575 quaerendus
993 3514 1032 3559 est
1048 3507 1150 3569 sodalis,
1177 3508 1223 3572 qui
1241 3514 1268 3558 et
1285 3508 1346 3558 folia

218 3576 333 3627 decidere
350 3575 442 3638 iaciat,
472 3584 498 3627 et
515 3578 610 3628 Romae
627 3593 727 3642 quoque
744 3593 863 3643 praesens
881 3577 922 3627 sit.
957 3578 984 3626 le
1001 3591 1060 3626 uero
1086 3575 1138 3626 iam
1162 3580 1265 3642 praesto
1283 3577 1344 3635 erit3
1406 3604 1408 3621 ι

218 3645 242 3694 si
259 3660 305 3709 pro
321 3643 404 3708 Eira,
421 3649 451 3695 nt
468 3645 496 3695 in
515 3646 622 3695 vetustis
639 3645 713 3696 libris
731 3647 786 3697 sine
804 3645 959 3709 aspiratione
977 3644 1125 3710 plerumque
1142 3643 1251 3708 legitur,
1271 3643 1345 3694 Euro

218 3728 342 3777 reponas,
367 3712 486 3776 ,Aridus
502 3713 613 3774 frondes
639 3715 733 3763 hiemis
758 3713 846 3764 sodali
862 3712 974 3763 Dedicat
989 3713 1088 3763 Euro.“
1128 3711 1165 3761 Ut
1182 3712 1250 3762 enim
1277 3715 1346 3763 ueris

219 3783 325 3831 cornices
343 3784 403 3830 sunt
410 3781 529 3847 Zephyri,
547 3779 627 3830 Oarm.
638 3782 681 3842 lV,
693 3784 733 3843 12,
745 3785 766 3832 1.
795 3781 872 3844 ‚dam
889 3781 955 3830 veris
973 3781 1086 3841 comites,
1105 3782 1266 3844 qaac‘mare
1285 3785 1346 3829 tem·
1407 3768 1408 3799 ³

214 3853 322 3915 perant,
341 3847 485 3913 impellant
500 3851 608 3899 arsinoae
626 3849 709 3900 lintea
730 3848 899 3900 Thraciaer“
922 3853 948 3898 et
967 3848 1074 3899 Orionis
1097 3862 1182 3898 omnes
1206 3852 1246 3897 est
1262 3848 1345 3897 Notus

218 3917 298 3968 Carm.
310 3918 332 3979 Ι,
344 3917 385 3977 28,
395 3919 436 3968 ai.
464 3916 527 3979 „Ma
544 3931 648 3981 qaoque
666 3918 762 3967 densam
777 3916 891 3982 rapidas
908 3932 991 3967 comes
1009 3916 1111 3965 Orionis
1121 3915 1242 3981 Illyricis
1258 3913 1345 3966 Notus

218 3985 308 4035 obruit
332 3984 446 4035 andis:“
473 3990 498 4034 et
520 3985 640 4034 Aestatis
664 3985 907 4044 armitenentes,
934 3983 1037 4035 Lucret.
1047 3984 1078 4045 V,
1093 3985 1150 4035 740.
1185 3982 1271 4045 „Inde
1294 3983 1346 4033 loci

216 4056 338 4117 sequitat»
356 4051 431 4103 calor
448 4052 557 4114 aridas,
585 4057 610 4103 et
628 4068 709 4103 comes
727 4070 782 4103 rena
797 4052 987 4103 Puslcsraleuta
1006 4051 1091 4114 Cerea,
1109 4056 1135 4101 et
1151 4050 1240 4101 Etesia
1256 4052 1345 4112 llabra

217 4120 416 4185 aquilonarem
433 4120 471 4170 ita
488 4121 573 4169 Eurus
591 4126 658 4170 recte
676 4121 776 4171 Hiemis
792 4120 892 4171 sodalis
909 4119 962 4169 dici
979 4120 1094 4185 poterite
1111 4134 1170 4168 nam
1187 4119 1271 4169 hieme
1290 4133 1345 4170 oum

215 4188 324 4239 maxime
340 4187 400 4238 flat:
424 4194 455 4238 ut
471 4187 598 4252 Virgilius
624 4189 715 4253 Georg.
733 4190 769 4249 ll,
789 4189 846 4241 339.
882 4202 947 4250 „uer
969 4187 1129 4251 illuderet,
1157 4201 1204 4236 uer
1229 4200 1345 4251 magnas
