2842 4758
347 240 531 288 sunuouun
552 242 619 289 uns.
634 243 657 288 r.
679 234 705 289 2.
1024 228 1088 290 355

98 381 133 425 tae
150 374 279 426 codicibus
296 375 444 438 inventum,
461 380 491 425 ut
508 376 536 425 in
555 377 663 438 nostris,
681 375 817 437 Leidensi,
836 375 992 439 Graeciano,
1010 377 1087 441 Regi·

98 445 172 508 isque.
206 445 237 493 In
255 443 369 508 margine
388 443 530 492 Grueviano
553 460 569 493 a
590 459 668 492 manu
693 450 776 493 vetere
800 444 836 495 sie
861 451 1011 494 annotatum
1035 451 1087 495 est:

104 511 245 577 pmdcntc'u
264 511 404 574 callentes,
423 526 482 560 cum
500 526 579 575 equos
598 515 702 570 emunt,
720 517 821 576 opertos
840 510 1029 574 considerent,·
1055 529 1088 562 ne

113 580 297 644 magnitudine
314 579 423 628 illorum
441 579 631 644 decipiuntur:
658 595 756 645 ceper
779 581 830 628 lece
851 583 942 644 peuce
966 580 1088 644 ungulam

98 646 239 709 eciderunt,
258 652 414 697 utrumnam
431 646 520 697 mellic
545 647 707 697 habeaturf·
741 647 907 708 Rectissime3
931 657 958 698 et
981 648 1022 698 his
1045 664 1088 712 ge-

98 714 197 764 shabes
219 715 288 780 apud
306 719 429 764 Acronem
453 719 479 764 et
495 714 704 780 Porphyrionem.
738 716 836 780 Nempe
854 716 901 766 hoo
918 715 993 765 modo
1011 732 1086 780 ergu-

112 782 248 833 Horatius:
274 785 406 832 Amatores
431 782 508 831 stulte
527 798 579 831 rem
597 799 668 831 suam
685 798 785 846 gerere:
811 784 907 848 quippe
929 783 1007 832 amuti
1030 799 1087 834 cor·

97 850 199 900 ,chriora
216 855 315 900 tuntum
333 849 445 901 membra
463 850 636 906 considerare;
664 856 748 899 cetera
771 849 793 899 si
816 866 867 914 qua
889 850 942 900 sint
965 850 1087 901 deformia

97 921 179 968 ittere:
205 920 233 969 in
256 920 389 978 brachiis,
412 918 435 967 si
458 917 538 981 torte,
561 917 678 967 candidis
701 924 727 968 et
749 918 837 982 pluma
860 918 1033 979 mollioribus,
1058 919 1086 968 in

97 991 134 1036 cto
153 992 178 1036 et
195 986 317 1037 teretibus
335 986 415 1046 suris,
433 985 527 1035 defixos
545 991 660 1051 stupere:
685 993 760 1051 atque
784 1001 878 1036 aarum
902 986 1005 1036 interim
1028 1001 1087 1051 pra·

97 1054 198 1115 limium,
217 1054 288 1104 lutus
305 1053 380 1103 breve
397 1059 549 1115 etcertum,
564 1053 659 1119 pedem
675 1053 780 1118 longum
797 1058 823 1104 et
836 1069 962 1104 enormem
980 1055 1085 1104 minime

100 1129 172 1173 rtere.
204 1122 287 1171 Multo
305 1128 389 1172 autem
406 1123 502 1171 rectius
519 1136 607 1186 sapere
625 1122 763 1188 principes,
782 1136 840 1171 oum
856 1138 991 1187 generosos
1008 1138 1086 1186 equos

97 1191 125 1239 n’e
143 1206 206 1255 opus
225 1191 267 1239 sit.
302 1189 396 1240 Carere
413 1190 489 1249 enirn,
507 1205 539 1239 ne
557 1189 733 1254 pulchriorum
757 1190 816 1253 eqni
840 1190 952 1256 partium
976 1190 1085 1240 admira-

97 1260 153 1323 epti
169 1258 299 1323 pravioree
315 1274 367 1308 uon
384 1258 495 1321 videant,
511 1263 556 1307 aut
570 1257 686 1308 videntes
700 1258 842 1322 ignoscant.
872 1257 986 1314 Quonam
1002 1266 1084 1308 autem

103 1326 153 1375 sibi
170 1326 278 1376 curent?
303 1325 401 1390 Nempe
418 1325 518 1389 reliquo
535 1326 595 1390 equi
614 1341 719 1389 corpore
736 1325 857 1389 stragulis
875 1326 1001 1390 tantisper
1018 1332 1086 1376 tecto

98 1393 197 1457 ‚pedes
215 1403 332 1458 (quorum
356 1394 492 1458 praecipue
516 1391 632 1443 habenda
655 1398 694 1443 est
719 1394 795 1448 ratior
820 1392 956 1458 diligenter
979 1394 1086 1459 inspici·

96 1462 187 1525 ungula
204 1462 258 1511 alta
275 1462 310 1511 sit
326 1466 353 1510 et
369 1476 489 1522 concava,
513 1461 584 1511 brevi
601 1466 628 1511 et
643 1461 754 1511 rotundo
772 1466 798 1511 et
815 1461 897 1511 solido
915 1477 1008 1512 cornu:
1033 1469 1086 1512 tum

96 1530 121 1578 ,is
130 1530 252 1593 probatis,
271 1534 369 1578 coetera
386 1529 493 1590 nudent,
511 1534 537 1578 et
554 1529 761 1595 contemplentur
778 1535 861 1595 eaput
876 1530 950 1580 breve
969 1536 995 1579 et
1012 1545 1087 1593 argu·

96 1600 172 1647 cicccc
188 1597 290 1647 mollem
308 1605 333 1646 et
350 1596 488 1658 excelsam,
512 1596 603 1647 clunes
621 1597 744 1647 rotundos
767 1603 793 1647 et
816 1603 929 1660 torosos,
952 1603 1086 1661 ceteraque

104 1665 186 1715 nobili
203 1681 268 1729 equo
286 1664 505 1728 pulchritudinem
529 1663 675 1714 absolvunt.
709 1665 778 1721 Quid
802 1666 829 1715 in
854 1666 901 1715 hac
926 1666 1086 1730 expositione

99 1733 156 1782 dum
176 1733 218 1791 eit,
235 1732 352 1797 equidem
370 1732 457 1783 nullus
481 1732 562 1782 video.
597 1732 707 1797 Magnus
732 1739 814 1782 temen
833 1733 939 1798 Lipsius
958 1733 991 1782 ad
1008 1734 1086 1784 Sene·

95 1810 109 1849 t.
128 1800 234 1852 LXXX.
254 1799 320 1867 [not.
339 1800 384 1866 24]
404 1806 511 1866 apertur
527 1799 570 1850 hic
588 1800 657 1866 apud
675 1801 794 1851 Flaccum
812 1799 889 1864 legit3
914 1800 1031 1861 Scilicet,
1057 1808 1088 1850 ut

95 1885 114 1917 u
133 1868 159 1934 [ξ
177 1871 218 1931 91,
236 1884 350 1933 „equam
368 1873 500 1929 erctum,
524 1868 593 1919 cclcc·
616 1870 690 1918 iubes
712 1874 844 1928 stratum
868 1869 987 1918 dete-alcis
1009 1872 1087 1918 ucch-

95 1938 225 1996 cuulilcue,
247 1952 335 2001 nequa
360 1938 426 1985 vitiu
450 1941 572 2000 corporis
596 1936 723 1986 lutcaw
757 1936 892 1987 etiterum
909 1936 960 2000 Ep.
977 1933 1085 1985 XLVII.

95 2004 191 2054 itultcu
208 2009 254 2066 est,
273 2007 321 2069 qui
369 2019 433 2053 euru
450 2008 578 2063 emtum,
597 2019 651 2054 non
671 2007 757 2070 ipsum
774 2006 892 2068 impicc't,
909 2004 957 2053 scd
970 2009 1087 2053 stratum

95 2070 209 2121 ”renor‘e
228 2087 293 2137 quae
310 2020 387 2120 velia
405 2077 431 2121 et
448 2071 522 2136 plura
540 2070 633 2121 ibidem
645 2088 691 2122 suo
705 2087 772 2122 more
787 2073 924 2121 suffuratus
939 2077 978 2121 eet
988 2071 1086 2121 Maero-

95 2156 140 2188 rrn.
159 2141 182 2203 1,
202 2142 240 2190 ll.
259 2140 286 2203 [ξ
300 2141 340 2202 10]
376 2139 500 2205 Apuleius
517 2138 548 2188 de
566 2139 613 2189 deo
628 2140 742 2190 Socratis
759 2139 828 2190 circa
845 2139 920 2190 tinem
938 2141 973 2204 [p.
992 2141 1033 2200 54,
1052 2141 1084 2190 27

95 2208 159 2272 lpsio
178 2206 256 2257 etiam
273 2208 407 2271 laudatps3
430 2205 554 2272 „Qecippe
571 2223 625 2257 ccccc
644 2208 786 2272 iutelligit,
810 2223 893 2272 acque
911 2207 1005 2257 divites
1029 2222 1087 2271 cpe·

94 2292 142 2339 cre,
161 2280 192 2325 ut
210 2290 291 2340 equor
307 2291 466 2327 coercemur.
493 2274 587 2339 Neque
601 2279 671 2326 enim
688 2278 717 2325 in
735 2275 851 2325 mendic
869 2277 943 2340 equis
958 2275 1087 2339 plecterer

94 2359 172 2404 renue,
191 2349 219 2392 et
235 2343 317 2393 baltei
331 2343 465 2409 polimina
483 2344 655 2408 inspicimus,
672 2348 699 2392 ct
715 2345 903 2393 ornatissimae
919 2344 1029 2392 ceruicis
1047 2343 1087 2391 cr·-

94 2411 285 2476 ctemptamurr
304 2439 332 2447 -
353 2411 401 2460 ced
417 2412 475 2461 ecc
498 2411 619 2460 omnibus
636 2413 741 2461 euuviir
759 2410 876 2461 amolite'r
892 2425 988 2475 equum
999 2412 1087 2476 ipsum

98 2485 124 2528 et
139 2480 227 2529 ectum
245 2494 344 2544 corpur
366 2481 423 2528 eius
446 2485 473 2529 ct
496 2482 617 2529 animum
641 2478 877 2539 conternnlamur.“
912 2478 981 2534 Quid
1006 2478 1086 2542 ergo?

94 2545 872 2664 'litt,ttzt‘ttittctttt‘dicitlicit
885 2545 1087 2663 iiiiii

94 2681 236 2746 nepiciunt,
254 2683 380 2746 tantisper
397 2682 457 2731 dum
475 2681 553 2747 pedes
570 2683 725 2749 probantum
743 2688 798 2731 turn
807 2681 917 2745 denique
927 2687 994 2732 totos
1003 2681 1086 2732 nudos

94 2766 117 2799 rs
141 2750 312 2800 considerant.
348 2753 432 2815 Atque
455 2751 523 2800 huuc
547 2765 648 2799 sensum
670 2749 741 2800 locus
765 2750 820 2816 ipse
844 2754 870 2799 et
892 2749 1004 2799 auctoris
1028 2766 1086 2814 pro·

96 2817 173 2881 plane
191 2818 324 2882 efflagitat.
359 2818 418 2867 Non
436 2818 505 2868 enirn
522 2823 646 2868 amatores
664 2818 705 2868 hio
724 2817 865 2882 redarguit,
881 2817 949 2881 quod
967 2818 1083 2882 eorporis

94 2886 127 2934 tit
144 2888 254 2936 omnirco
271 2886 376 2935 videant
393 2887 429 2948 (et
446 2890 546 2948 tamen,
564 2885 587 2935 si
604 2892 711 2950 apertos
728 2885 834 2949 legeris,
858 2885 886 2935 id
903 2885 969 2935 soret
993 2885 1086 2935 admit·

94 2953 136 3002 sed
153 2953 222 3017 quod
237 2953 292 3003 sola
306 2956 428 3018 corperis
442 2957 544 3019 optima
560 2952 777 3018 contemplentur,
806 2953 827 3002 0
845 2968 914 3016 mcc,
933 2968 948 3003 o
967 2954 1086 3015 tractio,

94 3028 144 3069 tes:
170 3021 199 3070 in
216 3020 288 3070 vitiis
306 3021 409 3071 interim
428 3021 591 3086 explorandis
607 3021 726 3086 Hypsaea
743 3021 878 3072 caeciores.
913 3021 982 3077 Quos
999 3020 1087 3085 potius

94 3105 187 3149 sorum,
206 3089 250 3152 qui
269 3104 346 3152 equos
364 3096 516 3150 mereantur,
533 3089 616 3139 faeere
633 3090 757 3139 hortatur.
790 3089 826 3137 Ut
843 3088 911 3138 euim
928 3088 969 3137 illi
986 3088 1086 3152 specio-

94 3163 182 3221 partes
201 3162 293 3221 tegunt
310 3163 336 3206 et
352 3157 480 3274 operiunt,
499 3173 549 3221 quo
567 3157 675 3221 pedibus
700 3157 755 3206 eius
779 3156 923 3206 scrutandis
946 3155 1084 3205 fideliorem

95 3241 155 3274 'cmc
182 3225 220 3274 ita
238 3240 290 3285 vos,
309 3225 353 3284 eit,
382 3225 475 3275 audata
493 3224 539 3274 illa
556 3240 638 3275 crura
657 3231 683 3275 et
700 3225 811 3275 trachia
830 3224 957 3288 tantisper
973 3228 1086 3288 praeter·

94 3299 116 3340 rt
133 3292 164 3342 de
183 3294 246 3342 naci
263 3298 289 3341 et
314 3293 405 3342 lateris
420 3298 446 3343 et
459 3293 556 3358 pedum
565 3292 725 3343 deformitate
739 3292 823 3343 verius
841 3291 955 3341 iudicare
972 3292 1085 3356 possitis.

94 3360 114 3408 d
123 3359 260 3410 absurdam
269 3360 345 3425 plane
354 3360 469 3415 efficiunt
478 3361 638 3422 sententiam,
646 3362 691 3425 qui
700 3366 807 3425 apertos
815 3358 1086 3426 substituuntiApcr·
1185 3366 1191 3381 ⁶

94 3433 119 3477 et
137 3430 287 3492 inspiciunt
304 3443 398 3492 equos,
416 3445 450 3478 ne
466 3427 591 3478 mollities
608 3429 705 3494 pedam
724 3428 807 3478 lateat
825 3433 850 3477 et
866 3428 949 3489 fellat
966 3434 1085 3478 emtores.

103 3496 206 3545 cautela
223 3495 290 3545 nihil
307 3496 350 3546 hie
371 3497 450 3547 iuvat.
486 3496 521 3545 Ut
538 3496 607 3546 enim
624 3502 732 3546 stratum
750 3496 902 3556 detraxeris,
927 3501 953 3545 et
970 3503 1086 3559 apertum

94 3579 218 3627 coquum
235 3564 345 3622 etiteris3
369 3580 420 3614 non
438 3564 495 3613 ideo
520 3564 620 3614 occulta
637 3563 729 3629 pedum
748 3563 813 3613 vitia
830 3563 1010 3628 deprehendas.
1046 3563 1085 3613 Ad

94 3632 167 3681 unda
191 3631 243 3681 alia
266 3639 319 3682 erte
344 3647 408 3695 opus
432 3639 478 3681 est.
513 3631 603 3696 Neque
625 3648 684 3681 vero
709 3632 844 3696 quiequam
867 3632 983 3681 venditor
1005 3631 1086 3697 pedes

94 3699 151 3749 lere
168 3699 234 3748 solet
251 3706 296 3748 aut
313 3704 409 3762 potest:
436 3705 466 3748 ut
482 3699 514 3748 ed
532 3701 597 3749 hanc
615 3715 666 3749 rem
691 3714 874 3764 supervacuum
898 3714 1001 3763 prorsus
1025 3713 1084 3748 con·

94 3767 146 3816 ;de
165 3784 231 3831 equo
250 3767 402 3823 aperiendo.
439 3767 568 3830 Denique,
593 3774 622 3817 ut
640 3769 691 3817 iam
709 3783 739 3817 ex
757 3768 853 3817 Seneca
877 3772 903 3815 et
919 3765 1028 3831 Apuleio
1047 3765 1085 3813 vi-

94 3835 167 3884 ultuc
184 3835 289 3884 omnino
307 3840 333 3884 et
350 3834 443 3885 bardus
461 3835 495 3884 eit
512 3840 627 3900 oportet,
650 3836 693 3900 qui
713 3850 804 3899 equum
822 3837 948 3896 emturus,
967 3849 1018 3882 non
1037 3848 1084 3881 nu-

95 3908 222 3967 apertum
248 3902 368 3967 inspicit:
398 3918 495 3963 omnes,
522 3904 673 3969 quicumque
700 3919 778 3967 equos
803 3917 958 3962 mereamur,
986 3900 1084 3950 exuviis

96 3987 198 4036 corpur
215 3974 303 4034 iprum
326 3970 521 4020 consideramus.
556 3972 684 4027 Quorsum
707 3972 795 4035 itaque
820 3970 881 4020 solis
905 3970 1013 4033 regibus
1037 3970 1083 4017 tri-

94 4046 154 4099 erat,
181 4039 227 4103 qui
250 4039 362 4088 omnium
386 4055 440 4088 mos
464 4040 520 4089 esti
546 4040 684 4089 Enimvero
708 4044 815 4104 apertos
839 4052 917 4102 equos
940 4036 1085 4101 inspiciunt

94 4113 194 4171 cpertoe
213 4106 262 4156 soli
279 4122 351 4171 reges
369 4114 394 4155 et
416 4108 561 4172 principes:
587 4107 689 4172 Quippe
706 4107 748 4156 his
771 4122 823 4156 uon
848 4105 900 4154 nisi
918 4104 1085 4170 pulcherrimi

94 4176 135 4226 ‚les
152 4180 343 4242 proponuntur,
361 4173 445 4238 „Quin
462 4176 593 4242 pulchrae
610 4176 713 4236 clunes,
743 4177 820 4225 breve
838 4170 898 4238 quic
922 4178 1017 4240 ceput,
1040 4188 1085 4222 ac·
1144 4212 1147 4217 .

824 4258 880 4310 23*
