<?xml version="1.0" encoding="UTF-8"?>
<!DOCTYPE html PUBLIC "-//W3C//DTD XHTML 1.0 Transitional//EN"
    "http://www.w3.org/TR/xhtml1/DTD/xhtml1-transitional.dtd">
<html xmlns="http://www.w3.org/1999/xhtml" xml:lang="en" lang="en">
 <head>
  <title>
</title>
<meta http-equiv="Content-Type" content="text/html;charset=utf-8" />
  <meta name='ocr-system' content='tesseract 3.04.00' />
  <meta name='ocr-capabilities' content='ocr_page ocr_carea ocr_par ocr_line ocrx_word'/>
</head>
<body>
  <div class='ocr_page' id='page_1' title='image "./qhoratiusflaccu02bentgoog_0150.png"; bbox 0 0 2810 4764; ppageno 0'>
   <div class='ocr_carea' id='block_1_1' title="bbox 403 284 786 336">
    <p class='ocr_par' dir='ltr' id='par_1_1' title="bbox 403 284 786 336">
     <span class='ocr_line' id='line_1_1' title="bbox 403 284 786 336; baseline 0.005 -2"><span class='ocrx_word' id='word_1_1' title='bbox 403 285 583 335; x_wconf 68' lang='lat' dir='ltr'><strong>clamart</strong></span> <span class='ocrx_word' id='word_1_2' title='bbox 601 287 668 335; x_wconf 86' lang='lat' dir='ltr'>LIB.</span> <span class='ocrx_word' id='word_1_3' title='bbox 690 288 739 335; x_wconf 89' lang='lat'>111.</span> <span class='ocrx_word' id='word_1_4' title='bbox 761 284 786 336; x_wconf 71' lang='grc'><strong>8.·</strong></span> 
     </span>
    </p>
   </div>
   <div class='ocr_carea' id='block_1_2' title="bbox 85 418 764 675">
    <p class='ocr_par' dir='ltr' id='par_1_2' title="bbox 85 418 764 675">
     <span class='ocr_line' id='line_1_2' title="bbox 131 418 664 489; baseline 0.008 -4"><span class='ocrx_word' id='word_1_5' title='bbox 131 418 245 486; x_wconf 89' lang='lat' dir='ltr'><strong>Medus</strong></span> <span class='ocrx_word' id='word_1_6' title='bbox 266 418 393 485; x_wconf 86' lang='lat' dir='ltr'><strong>infestis</strong></span> <span class='ocrx_word' id='word_1_7' title='bbox 414 419 478 486; x_wconf 87' lang='lat' dir='ltr'><strong>sibi</strong></span> <span class='ocrx_word' id='word_1_8' title='bbox 498 420 664 489; x_wconf 88' lang='lat' dir='ltr'><strong>luctuosus</strong></span> 
     </span>
     <span class='ocr_line' id='line_1_3' title="bbox 85 503 525 571; baseline 0.007 -3"><span class='ocrx_word' id='word_1_9' title='bbox 85 516 120 568; x_wconf 77' lang='lat'><strong>20</strong></span> <span class='ocrx_word' id='word_1_10' title='bbox 246 503 392 570; x_wconf 80' lang='lat' dir='ltr'><strong>Dissidet</strong></span> <span class='ocrx_word' id='word_1_11' title='bbox 412 505 525 571; x_wconf 85' lang='lat' dir='ltr'><strong>armis:</strong></span> 
     </span>
     <span class='ocr_line' id='line_1_4' title="bbox 133 589 764 675; baseline 0.003 -20"><span class='ocrx_word' id='word_1_12' title='bbox 133 589 238 655; x_wconf 82' lang='lat' dir='ltr'><strong>Servit</strong></span> <span class='ocrx_word' id='word_1_13' title='bbox 259 590 424 675; x_wconf 82' lang='lat' dir='ltr'>Hispanae</span> <span class='ocrx_word' id='word_1_14' title='bbox 446 596 538 658; x_wconf 88' lang='lat' dir='ltr'><strong>vetus</strong></span> <span class='ocrx_word' id='word_1_15' title='bbox 565 590 667 657; x_wconf 89' lang='lat' dir='ltr'><strong>bostis</strong></span> <span class='ocrx_word' id='word_1_16' title='bbox 688 611 764 657; x_wconf 88' lang='lat' dir='ltr'><strong>orae</strong></span> 
     </span>
    </p>
   </div>
   <div class='ocr_carea' id='block_1_3' title="bbox 83 674 873 1183">
    <p class='ocr_par' dir='ltr' id='par_1_3' title="bbox 83 674 873 1183">
     <span class='ocr_line' id='line_1_5' title="bbox 132 674 709 754; baseline 0.003 -14"><span class='ocrx_word' id='word_1_17' title='bbox 132 674 302 754; x_wconf 78' lang='lat' dir='ltr'>Cantaber,</span> <span class='ocrx_word' id='word_1_18' title='bbox 325 694 398 740; x_wconf 86' lang='lat' dir='ltr'><strong>sera</strong></span> <span class='ocrx_word' id='word_1_19' title='bbox 419 675 559 741; x_wconf 91' lang='lat' dir='ltr'><strong>domitus</strong></span> <span class='ocrx_word' id='word_1_20' title='bbox 580 681 709 742; x_wconf 86' lang='lat' dir='ltr'><strong>catena:</strong></span> 
     </span>
     <span class='ocr_line' id='line_1_6' title="bbox 130 759 770 829; baseline 0.005 -3"><span class='ocrx_word' id='word_1_21' title='bbox 130 761 202 826; x_wconf 87' lang='lat' dir='ltr'><strong>Iam</strong></span> <span class='ocrx_word' id='word_1_22' title='bbox 223 760 264 826; x_wconf 87' lang='lat' dir='ltr'><strong>Sc</strong></span> <span class='ocrx_word' id='word_1_23' title='bbox 288 759 362 827; x_wconf 85' lang='lat' dir='ltr'><strong>thas</strong></span> <span class='ocrx_word' id='word_1_24' title='bbox 382 760 457 826; x_wconf 85' lang='lat' dir='ltr'><strong>laxo</strong></span> <span class='ocrx_word' id='word_1_25' title='bbox 477 760 672 829; x_wconf 81' lang='lat' dir='ltr'><strong>meditantur</strong></span> <span class='ocrx_word' id='word_1_26' title='bbox 692 782 770 829; x_wconf 85' lang='lat' dir='ltr'><strong>arcu</strong></span> 
     </span>
     <span class='ocr_line' id='line_1_7' title="bbox 272 844 519 932; baseline 0 -21"><span class='ocrx_word' id='word_1_27' title='bbox 272 844 367 912; x_wconf 91' lang='lat' dir='ltr'><strong>edere</strong></span> <span class='ocrx_word' id='word_1_28' title='bbox 388 845 519 932; x_wconf 88' lang='lat' dir='ltr'><strong>campis.</strong></span> 
     </span>
     <span class='ocr_line' id='line_1_8' title="bbox 83 929 791 1021; baseline 0.003 -27"><span class='ocrx_word' id='word_1_29' title='bbox 83 942 118 994; x_wconf 75' lang='lat' dir='ltr'><strong>aa</strong></span> <span class='ocrx_word' id='word_1_30' title='bbox 133 929 328 1013; x_wconf 83' lang='lat' dir='ltr'><strong>Neglegens,</strong></span> <span class='ocrx_word' id='word_1_31' title='bbox 349 949 391 996; x_wconf 90' lang='lat' dir='ltr'><strong>ne</strong></span> <span class='ocrx_word' id='word_1_32' title='bbox 412 949 478 1012; x_wconf 87' lang='lat' dir='ltr'><strong>qua</strong></span> <span class='ocrx_word' id='word_1_33' title='bbox 498 931 637 1021; x_wconf 90' lang='lat' dir='ltr'><strong>populus</strong></span> <span class='ocrx_word' id='word_1_34' title='bbox 659 931 791 1011; x_wconf 88' lang='lat' dir='ltr'><strong>laboret,</strong></span> 
     </span>
     <span class='ocr_line' id='line_1_9' title="bbox 130 1015 705 1101; baseline -0.003 -19"><span class='ocrx_word' id='word_1_35' title='bbox 130 1017 232 1082; x_wconf 82' lang='lat' dir='ltr'><strong>Parce</strong></span> <span class='ocrx_word' id='word_1_36' title='bbox 253 1015 398 1101; x_wconf 88' lang='lat' dir='ltr'><strong>privatus</strong></span> <span class='ocrx_word' id='word_1_37' title='bbox 418 1015 552 1081; x_wconf 90' lang='lat' dir='ltr'><strong>nimium</strong></span> <span class='ocrx_word' id='word_1_38' title='bbox 573 1035 705 1083; x_wconf 83' lang='lat' dir='ltr'><strong>cavere:</strong></span> 
     </span>
     <span class='ocr_line' id='line_1_10' title="bbox 341 1116 873 1183; baseline 0 -16"><span class='ocrx_word' id='word_1_39' title='bbox 341 1135 364 1168; x_wconf 85' lang='lat' dir='ltr'><strong>v.</strong></span> <span class='ocrx_word' id='word_1_40' title='bbox 385 1119 425 1170; x_wconf 81' lang='lat' dir='ltr'><strong>ts.</strong></span> <span class='ocrx_word' id='word_1_41' title='bbox 443 1117 519 1183; x_wconf 82' lang='lat' dir='ltr'><strong>Vulg.</strong></span> <span class='ocrx_word' id='word_1_42' title='bbox 537 1117 653 1178; x_wconf 73' lang='lat' dir='ltr'><strong>Infestus</strong></span> <span class='ocrx_word' id='word_1_43' title='bbox 670 1116 721 1168; x_wconf 89' lang='lat' dir='ltr'><strong>eibi</strong></span> <span class='ocrx_word' id='word_1_44' title='bbox 739 1118 873 1169; x_wconf 72' lang='lat' dir='ltr'><strong>iuewasis.</strong></span> 
     </span>
    </p>
   </div>
   <div class='ocr_carea' id='block_1_4' title="bbox 30 1234 1227 4298">
    <p class='ocr_par' dir='ltr' id='par_1_4' title="bbox 39 1234 1167 1764">
     <span class='ocr_line' id='line_1_11' title="bbox 41 1234 1166 1301; baseline 0.003 -15"><span class='ocrx_word' id='word_1_45' title='bbox 41 1238 116 1287; x_wconf 76' lang='lat' dir='ltr'><strong>titus</strong></span> <span class='ocrx_word' id='word_1_46' title='bbox 143 1237 297 1299; x_wconf 73' lang='lat' dir='ltr'><strong>inhaerent,</strong></span> <span class='ocrx_word' id='word_1_47' title='bbox 321 1234 451 1286; x_wconf 75' lang='lat' dir='ltr'><strong>Cotisonis</strong></span> <span class='ocrx_word' id='word_1_48' title='bbox 473 1237 546 1300; x_wconf 78' lang='lat' dir='ltr'><strong>regis</strong></span> <span class='ocrx_word' id='word_1_49' title='bbox 575 1237 715 1300; x_wconf 67' lang='lat' dir='ltr'><strong>imperiaf‘</strong></span> <span class='ocrx_word' id='word_1_50' title='bbox 748 1236 889 1287; x_wconf 78' lang='lat' dir='ltr'><strong>Frontinus</strong></span> <span class='ocrx_word' id='word_1_51' title='bbox 913 1235 1021 1301; x_wconf 83' lang='lat' dir='ltr'><strong>Strateg.</strong></span> <span class='ocrx_word' id='word_1_52' title='bbox 1040 1236 1066 1297; x_wconf 94' lang='lat' dir='ltr'><strong>l,</strong></span> <span class='ocrx_word' id='word_1_53' title='bbox 1084 1235 1123 1297; x_wconf 86' lang='lat' dir='ltr'><strong>X,</strong></span> <span class='ocrx_word' id='word_1_54' title='bbox 1142 1239 1166 1289; x_wconf 77' lang='lat' dir='ltr'><strong>l.</strong></span> 
     </span>
     <span class='ocr_line' id='line_1_12' title="bbox 43 1303 1167 1371; baseline 0 -16"><span class='ocrx_word' id='word_1_55' title='bbox 43 1303 180 1370; x_wconf 76' lang='lat' dir='ltr'><strong>„Scoryla</strong></span> <span class='ocrx_word' id='word_1_56' title='bbox 199 1304 256 1354; x_wconf 81' lang='lat' dir='ltr'><strong>duur</strong></span> <span class='ocrx_word' id='word_1_57' title='bbox 269 1304 415 1362; x_wconf 81' lang='lat' dir='ltr'><strong>Dacamm,</strong></span> <span class='ocrx_word' id='word_1_58' title='bbox 435 1318 495 1354; x_wconf 86' lang='lat' dir='ltr'><strong>cum</strong></span> <span class='ocrx_word' id='word_1_59' title='bbox 512 1306 594 1354; x_wconf 79' lang='lat' dir='ltr'><strong>sciret</strong></span> <span class='ocrx_word' id='word_1_60' title='bbox 610 1303 782 1354; x_wconf 68' lang='lat' dir='ltr'><strong>nunciatum</strong></span> <span class='ocrx_word' id='word_1_61' title='bbox 799 1306 882 1355; x_wconf 72' lang='lat' dir='ltr'><strong>amnis</strong></span> <span class='ocrx_word' id='word_1_62' title='bbox 900 1305 1021 1354; x_wconf 82' lang='lat' dir='ltr'><strong>ciuilibus</strong></span> <span class='ocrx_word' id='word_1_63' title='bbox 1037 1305 1167 1371; x_wconf 84' lang='lat' dir='ltr'><strong>papulum</strong></span> 
     </span>
     <span class='ocr_line' id='line_1_13' title="bbox 41 1370 1166 1438; baseline 0 -16"><span class='ocrx_word' id='word_1_64' title='bbox 41 1371 196 1422; x_wconf 78' lang='lat' dir='ltr'><strong>Romanum</strong></span> <span class='ocrx_word' id='word_1_65' title='bbox 213 1376 279 1424; x_wconf 86' lang='lat' dir='ltr'><strong>eto.“</strong></span> <span class='ocrx_word' id='word_1_66' title='bbox 301 1370 347 1421; x_wconf 91' lang='lat' dir='ltr'><strong>ubi</strong></span> <span class='ocrx_word' id='word_1_67' title='bbox 370 1388 416 1436; x_wconf 89' lang='lat' dir='ltr'><strong>pro</strong></span> <span class='ocrx_word' id='word_1_68' title='bbox 435 1371 549 1438; x_wconf 79' lang='lat' dir='ltr'><strong>Scaryia</strong></span> <span class='ocrx_word' id='word_1_69' title='bbox 572 1372 744 1437; x_wconf 87' lang='lat' dir='ltr'><strong>reponendum</strong></span> <span class='ocrx_word' id='word_1_70' title='bbox 769 1371 874 1423; x_wconf 78' lang='lat' dir='ltr'><strong>fortasse</strong></span> <span class='ocrx_word' id='word_1_71' title='bbox 894 1371 988 1423; x_wconf 78' lang='lat' dir='ltr'><strong>Getica.</strong></span> <span class='ocrx_word' id='word_1_72' title='bbox 1025 1372 1166 1437; x_wconf 77' lang='lat' dir='ltr'><strong>Utcumque</strong></span> 
     </span>
     <span class='ocr_line' id='line_1_14' title="bbox 41 1438 1166 1506; baseline 0.001 -17"><span class='ocrx_word' id='word_1_73' title='bbox 41 1441 95 1500; x_wconf 85' lang='lat' dir='ltr'><strong>sit;</strong></span> <span class='ocrx_word' id='word_1_74' title='bbox 113 1456 146 1490; x_wconf 87' lang='lat' dir='ltr'><strong>ex</strong></span> <span class='ocrx_word' id='word_1_75' title='bbox 164 1456 193 1489; x_wconf 91' lang='lat' dir='ltr'><strong>eo</strong></span> <span class='ocrx_word' id='word_1_76' title='bbox 212 1438 279 1504; x_wconf 86' lang='lat' dir='ltr'><strong>quod</strong></span> <span class='ocrx_word' id='word_1_77' title='bbox 297 1439 410 1505; x_wconf 73' lang='lat' dir='ltr'><strong>Scorpio</strong></span> <span class='ocrx_word' id='word_1_78' title='bbox 428 1439 524 1490; x_wconf 82' lang='lat' dir='ltr'><strong>dixerit</strong></span> <span class='ocrx_word' id='word_1_79' title='bbox 539 1456 590 1490; x_wconf 91' lang='lat' dir='ltr'><strong>non</strong></span> <span class='ocrx_word' id='word_1_80' title='bbox 610 1439 743 1506; x_wconf 75' lang='lat' dir='ltr'><strong>Scor-ylen</strong></span> <span class='ocrx_word' id='word_1_81' title='bbox 761 1455 821 1490; x_wconf 88' lang='lat' dir='ltr'><strong>casu</strong></span> <span class='ocrx_word' id='word_1_82' title='bbox 838 1444 916 1501; x_wconf 88' lang='lat' dir='ltr'><strong>recto,</strong></span> <span class='ocrx_word' id='word_1_83' title='bbox 935 1439 997 1490; x_wconf 87' lang='lat' dir='ltr'><strong>satis</strong></span> <span class='ocrx_word' id='word_1_84' title='bbox 1014 1446 1122 1506; x_wconf 89' lang='lat' dir='ltr'><strong>apparet</strong></span> <span class='ocrx_word' id='word_1_85' title='bbox 1137 1440 1166 1490; x_wconf 93' lang='lat' dir='ltr'><strong>in</strong></span> 
     </span>
     <span class='ocr_line' id='line_1_15' title="bbox 42 1507 1166 1573; baseline 0.001 -16"><span class='ocrx_word' id='word_1_86' title='bbox 42 1507 161 1572; x_wconf 89' lang='lat' dir='ltr'><strong>obliquis</strong></span> <span class='ocrx_word' id='word_1_87' title='bbox 178 1524 229 1557; x_wconf 91' lang='lat' dir='ltr'><strong>non</strong></span> <span class='ocrx_word' id='word_1_88' title='bbox 248 1510 319 1558; x_wconf 67' lang='lat' dir='ltr'><strong>anus</strong></span> <span class='ocrx_word' id='word_1_89' title='bbox 335 1523 403 1557; x_wconf 90' lang='lat' dir='ltr'><strong>more</strong></span> <span class='ocrx_word' id='word_1_90' title='bbox 420 1508 531 1568; x_wconf 86' lang='lat' dir='ltr'><strong>Graeco,</strong></span> <span class='ocrx_word' id='word_1_91' title='bbox 555 1507 599 1558; x_wconf 89' lang='lat' dir='ltr'><strong>sed</strong></span> <span class='ocrx_word' id='word_1_92' title='bbox 622 1510 682 1558; x_wconf 69' lang='lat' dir='ltr'><strong>anes</strong></span> <span class='ocrx_word' id='word_1_93' title='bbox 704 1507 886 1559; x_wconf 83' lang='lat' dir='ltr'><strong>inflectendum</strong></span> <span class='ocrx_word' id='word_1_94' title='bbox 903 1524 966 1558; x_wconf 88' lang='lat' dir='ltr'><strong>sese.</strong></span> <span class='ocrx_word' id='word_1_95' title='bbox 1000 1509 1089 1573; x_wconf 81' lang='lat' dir='ltr'><strong>Neque</strong></span> <span class='ocrx_word' id='word_1_96' title='bbox 1107 1524 1166 1558; x_wconf 90' lang='lat' dir='ltr'><strong>vero</strong></span> 
     </span>
     <span class='ocr_line' id='line_1_16' title="bbox 39 1576 1165 1637; baseline 0 -12"><span class='ocrx_word' id='word_1_97' title='bbox 39 1576 99 1627; x_wconf 90' lang='lat' dir='ltr'><strong>nlla</strong></span> <span class='ocrx_word' id='word_1_98' title='bbox 118 1591 207 1625; x_wconf 84' lang='lat' dir='ltr'><strong>caussa</strong></span> <span class='ocrx_word' id='word_1_99' title='bbox 224 1580 278 1627; x_wconf 86' lang='lat' dir='ltr'><strong>crat</strong></span> <span class='ocrx_word' id='word_1_100' title='bbox 295 1576 423 1637; x_wconf 86' lang='lat' dir='ltr'><strong>Romanis,</strong></span> <span class='ocrx_word' id='word_1_101' title='bbox 441 1591 487 1625; x_wconf 89' lang='lat' dir='ltr'><strong>cur</strong></span> <span class='ocrx_word' id='word_1_102' title='bbox 504 1577 600 1626; x_wconf 83' lang='lat' dir='ltr'><strong>Danum</strong></span> <span class='ocrx_word' id='word_1_103' title='bbox 617 1591 710 1626; x_wconf 88' lang='lat' dir='ltr'><strong>nomen</strong></span> <span class='ocrx_word' id='word_1_104' title='bbox 727 1576 908 1626; x_wconf 76' lang='lat' dir='ltr'><strong>enuntiatione</strong></span> <span class='ocrx_word' id='word_1_105' title='bbox 925 1577 1022 1626; x_wconf 82' lang='lat' dir='ltr'><strong>Graeca</strong></span> <span class='ocrx_word' id='word_1_106' title='bbox 1040 1578 1165 1627; x_wconf 75' lang='lat' dir='ltr'><strong>alienent.</strong></span> 
     </span>
     <span class='ocr_line' id='line_1_17' title="bbox 41 1642 1165 1760; baseline 0.002 -66"><span class='ocrx_word' id='word_1_107' title='bbox 41 1643 243 1760; x_wconf 72' lang='lat' dir='ltr'><strong>Erpditissiruue</strong></span> <span class='ocrx_word' id='word_1_108' title='bbox 261 1649 345 1694; x_wconf 88' lang='lat' dir='ltr'><strong>tamen</strong></span> <span class='ocrx_word' id='word_1_109' title='bbox 362 1644 538 1694; x_wconf 80' lang='lat' dir='ltr'><strong>Broulrhusius</strong></span> <span class='ocrx_word' id='word_1_110' title='bbox 555 1643 588 1694; x_wconf 87' lang='lat' dir='ltr'><strong>ad</strong></span> <span class='ocrx_word' id='word_1_111' title='bbox 604 1645 721 1709; x_wconf 88' lang='lat' dir='ltr'><strong>Propert.</strong></span> <span class='ocrx_word' id='word_1_112' title='bbox 739 1644 784 1707; x_wconf 88' lang='lat' dir='ltr'><strong>IV,</strong></span> <span class='ocrx_word' id='word_1_113' title='bbox 804 1646 843 1696; x_wconf 85' lang='lat'><strong>10.</strong></span> <span class='ocrx_word' id='word_1_114' title='bbox 863 1646 895 1707; x_wconf 81' lang='lat' dir='ltr'><strong>[r.</strong></span> <span class='ocrx_word' id='word_1_115' title='bbox 906 1647 932 1706; x_wconf 83' lang='grc' dir='ltr'><strong>Ι]</strong></span> <span class='ocrx_word' id='word_1_116' title='bbox 964 1642 1106 1695; x_wconf 83' lang='lat' dir='ltr'><strong>Cotisantt&#39;s</strong></span> <span class='ocrx_word' id='word_1_117' title='bbox 1122 1645 1165 1697; x_wconf 88' lang='lat' dir='ltr'><strong>hic</strong></span> 
     </span>
     <span class='ocr_line' id='line_1_18' title="bbox 43 1712 249 1764; baseline 0.015 -3"><span class='ocrx_word' id='word_1_118' title='bbox 43 1727 86 1762; x_wconf 89' lang='lat' dir='ltr'><strong>ma</strong></span> <span class='ocrx_word' id='word_1_119' title='bbox 97 1712 124 1761; x_wconf 90' lang='lat' dir='ltr'><strong>le</strong></span> <span class='ocrx_word' id='word_1_120' title='bbox 142 1712 249 1764; x_wconf 81' lang='lat' dir='ltr'><strong>videtur.</strong></span> 
     </span>
    </p>

    <p class='ocr_par' dir='ltr' id='par_1_5' title="bbox 34 1778 1227 3139">
     <span class='ocr_line' id='line_1_19' title="bbox 117 1778 1166 1845; baseline 0 -15"><span class='ocrx_word' id='word_1_121' title='bbox 117 1781 157 1831; x_wconf 83' lang='grc'><strong>19.</strong></span> <span class='ocrx_word' id='word_1_122' title='bbox 175 1778 267 1834; x_wconf 84' lang='lat' dir='ltr'><strong>Medus</strong></span> <span class='ocrx_word' id='word_1_123' title='bbox 290 1780 413 1842; x_wconf 77' lang='lat' dir='ltr'><strong>infestus]</strong></span> <span class='ocrx_word' id='word_1_124' title='bbox 448 1779 560 1844; x_wconf 76' lang='lat' dir='ltr'><strong>Rlegsns</strong></span> <span class='ocrx_word' id='word_1_125' title='bbox 583 1783 622 1828; x_wconf 90' lang='lat' dir='ltr'><strong>est</strong></span> <span class='ocrx_word' id='word_1_126' title='bbox 646 1779 704 1829; x_wconf 69' lang='lat' dir='ltr'><strong>Mic.</strong></span> <span class='ocrx_word' id='word_1_127' title='bbox 721 1779 826 1830; x_wconf 87' lang='lat' dir='ltr'><strong>Heinsii</strong></span> <span class='ocrx_word' id='word_1_128' title='bbox 850 1778 1010 1843; x_wconf 82' lang='lat' dir='ltr'><strong>coniectura,</strong></span> <span class='ocrx_word' id='word_1_129' title='bbox 1038 1795 1113 1845; x_wconf 86' lang='lat' dir='ltr'><strong>quam</strong></span> <span class='ocrx_word' id='word_1_130' title='bbox 1138 1781 1166 1830; x_wconf 91' lang='lat' dir='ltr'><strong>in</strong></span> 
     </span>
     <span class='ocr_line' id='line_1_20' title="bbox 40 1846 1168 1914; baseline 0.001 -16"><span class='ocrx_word' id='word_1_131' title='bbox 40 1848 163 1913; x_wconf 80' lang='lat' dir='ltr'><strong>margine</strong></span> <span class='ocrx_word' id='word_1_132' title='bbox 179 1848 328 1914; x_wconf 84' lang='lat' dir='ltr'><strong>exemplaris</strong></span> <span class='ocrx_word' id='word_1_133' title='bbox 345 1847 386 1897; x_wconf 80' lang='lat' dir='ltr'><strong>sui</strong></span> <span class='ocrx_word' id='word_1_134' title='bbox 403 1848 576 1909; x_wconf 73' lang='lat' dir='ltr'><strong>adnotaverat,</strong></span> <span class='ocrx_word' id='word_1_135' title='bbox 593 1846 705 1911; x_wconf 82' lang='lat' dir='ltr'><strong>„Medus</strong></span> <span class='ocrx_word' id='word_1_136' title='bbox 721 1846 822 1897; x_wconf 83' lang='lat' dir='ltr'><strong>infestis</strong></span> <span class='ocrx_word' id='word_1_137' title='bbox 839 1849 892 1896; x_wconf 84' lang='lat' dir='ltr'><strong>sibi</strong></span> <span class='ocrx_word' id='word_1_138' title='bbox 906 1846 1038 1898; x_wconf 87' lang='lat' dir='ltr'><strong>luctuosus</strong></span> <span class='ocrx_word' id='word_1_139' title='bbox 1049 1848 1168 1899; x_wconf 76' lang='lat' dir='ltr'><strong>Dissidet</strong></span> 
     </span>
     <span class='ocr_line' id='line_1_21' title="bbox 42 1915 1165 1981; baseline 0 -14"><span class='ocrx_word' id='word_1_140' title='bbox 42 1918 168 1967; x_wconf 63' lang='lat' dir='ltr'><strong>armisr‘</strong></span> <span class='ocrx_word' id='word_1_141' title='bbox 184 1919 265 1981; x_wconf 79' lang='lat' dir='ltr'><strong>Atque</strong></span> <span class='ocrx_word' id='word_1_142' title='bbox 282 1917 320 1966; x_wconf 91' lang='lat' dir='ltr'><strong>ita</strong></span> <span class='ocrx_word' id='word_1_143' title='bbox 337 1916 404 1966; x_wconf 89' lang='lat' dir='ltr'><strong>clare</strong></span> <span class='ocrx_word' id='word_1_144' title='bbox 421 1920 447 1965; x_wconf 91' lang='lat' dir='ltr'><strong>et</strong></span> <span class='ocrx_word' id='word_1_145' title='bbox 464 1915 519 1965; x_wconf 89' lang='lat' dir='ltr'><strong>sine</strong></span> <span class='ocrx_word' id='word_1_146' title='bbox 535 1915 589 1966; x_wconf 90' lang='lat' dir='ltr'><strong>ulla</strong></span> <span class='ocrx_word' id='word_1_147' title='bbox 605 1915 684 1965; x_wconf 90' lang='lat' dir='ltr'><strong>litura</strong></span> <span class='ocrx_word' id='word_1_148' title='bbox 701 1915 780 1965; x_wconf 84' lang='lat' dir='ltr'><strong>codex</strong></span> <span class='ocrx_word' id='word_1_149' title='bbox 796 1921 882 1970; x_wconf 85' lang='lat' dir='ltr'><strong>noster</strong></span> <span class='ocrx_word' id='word_1_150' title='bbox 900 1915 1040 1975; x_wconf 79' lang='lat' dir='ltr'><strong>Galeenas3</strong></span> <span class='ocrx_word' id='word_1_151' title='bbox 1058 1916 1100 1966; x_wconf 92' lang='lat' dir='ltr'><strong>cui</strong></span> <span class='ocrx_word' id='word_1_152' title='bbox 1117 1916 1165 1967; x_wconf 89' lang='lat' dir='ltr'><strong>ali·</strong></span> 
     </span>
     <span class='ocr_line' id='line_1_22' title="bbox 40 1983 1165 2050; baseline 0 -16"><span class='ocrx_word' id='word_1_153' title='bbox 40 1984 173 2050; x_wconf 75' lang='lat' dir='ltr'><strong>quatenus</strong></span> <span class='ocrx_word' id='word_1_154' title='bbox 190 1985 312 2035; x_wconf 85' lang='lat' dir='ltr'><strong>accedunt</strong></span> <span class='ocrx_word' id='word_1_155' title='bbox 329 1984 424 2049; x_wconf 79' lang='lat' dir='ltr'><strong>Regiae</strong></span> <span class='ocrx_word' id='word_1_156' title='bbox 442 1983 578 2034; x_wconf 82' lang='lat' dir='ltr'><strong>Societatis</strong></span> <span class='ocrx_word' id='word_1_157' title='bbox 595 1983 766 2044; x_wconf 84' lang='lat' dir='ltr'><strong>membranae,</strong></span> <span class='ocrx_word' id='word_1_158' title='bbox 791 1997 807 2033; x_wconf 91' lang='lat' dir='ltr'><strong>a</strong></span> <span class='ocrx_word' id='word_1_159' title='bbox 828 1983 912 2048; x_wconf 87' lang='lat' dir='ltr'><strong>prima</strong></span> <span class='ocrx_word' id='word_1_160' title='bbox 935 1999 1011 2033; x_wconf 88' lang='lat' dir='ltr'><strong>manu</strong></span> <span class='ocrx_word' id='word_1_161' title='bbox 1029 1984 1165 2034; x_wconf 80' lang='lat' dir='ltr'><strong>luctrrasus</strong></span> 
     </span>
     <span class='ocr_line' id='line_1_23' title="bbox 41 2048 1166 2118; baseline -0.002 -15"><span class='ocrx_word' id='word_1_162' title='bbox 41 2050 203 2103; x_wconf 84' lang='lat' dir='ltr'><strong>exhibentes.</strong></span> <span class='ocrx_word' id='word_1_163' title='bbox 236 2053 385 2118; x_wconf 85' lang='lat' dir='ltr'><strong>Propertius</strong></span> <span class='ocrx_word' id='word_1_164' title='bbox 403 2052 447 2114; x_wconf 86' lang='lat' dir='ltr'><strong>IV,</strong></span> <span class='ocrx_word' id='word_1_165' title='bbox 467 2055 489 2104; x_wconf 93' lang='lat'><strong>1.</strong></span> <span class='ocrx_word' id='word_1_166' title='bbox 508 2056 540 2114; x_wconf 83' lang='lat' dir='ltr'><strong>[r.</strong></span> <span class='ocrx_word' id='word_1_167' title='bbox 559 2054 602 2114; x_wconf 78' lang='lat'><strong>27]</strong></span> <span class='ocrx_word' id='word_1_168' title='bbox 637 2048 712 2116; x_wconf 83' lang='lat' dir='ltr'><strong>„Nec</strong></span> <span class='ocrx_word' id='word_1_169' title='bbox 735 2050 811 2100; x_wconf 68' lang='lat' dir='ltr'><strong>rudes</strong></span> <span class='ocrx_word' id='word_1_170' title='bbox 829 2050 930 2100; x_wconf 85' lang='lat' dir='ltr'><strong>infestis</strong></span> <span class='ocrx_word' id='word_1_171' title='bbox 945 2051 1022 2101; x_wconf 84' lang='lat' dir='ltr'><strong>miles</strong></span> <span class='ocrx_word' id='word_1_172' title='bbox 1038 2051 1166 2102; x_wconf 78' lang='lat' dir='ltr'><strong>radiabat</strong></span> 
     </span>
     <span class='ocr_line' id='line_1_24' title="bbox 40 2117 1165 2186; baseline -0.003 -15"><span class='ocrx_word' id='word_1_173' title='bbox 40 2125 79 2171; x_wconf 85' lang='lat' dir='ltr'><strong>in·</strong></span> <span class='ocrx_word' id='word_1_174' title='bbox 90 2120 197 2170; x_wconf 84' lang='lat' dir='ltr'><strong>armis.“</strong></span> <span class='ocrx_word' id='word_1_175' title='bbox 231 2120 303 2172; x_wconf 75' lang='lat' dir='ltr'><strong>Ovio.</strong></span> <span class='ocrx_word' id='word_1_176' title='bbox 320 2122 405 2186; x_wconf 82' lang='lat' dir='ltr'><strong>Epist.</strong></span> <span class='ocrx_word' id='word_1_177' title='bbox 424 2121 548 2170; x_wconf 87' lang='lat' dir='ltr'><strong>Oenones.</strong></span> <span class='ocrx_word' id='word_1_178' title='bbox 573 2119 643 2183; x_wconf 90' lang='lat' dir='ltr'><strong>[Her.</strong></span> <span class='ocrx_word' id='word_1_179' title='bbox 661 2118 693 2181; x_wconf 81' lang='lat' dir='ltr'><strong>V,</strong></span> <span class='ocrx_word' id='word_1_180' title='bbox 711 2120 754 2182; x_wconf 85' lang='lat'><strong>91]</strong></span> <span class='ocrx_word' id='word_1_181' title='bbox 788 2117 946 2185; x_wconf 78' lang='lat' dir='ltr'><strong>„Tyndaris</strong></span> <span class='ocrx_word' id='word_1_182' title='bbox 967 2119 1069 2169; x_wconf 84' lang='lat' dir='ltr'><strong>infestis</strong></span> <span class='ocrx_word' id='word_1_183' title='bbox 1091 2120 1165 2185; x_wconf 79' lang='lat' dir='ltr'><strong>fugi·</strong></span> 
     </span>
     <span class='ocr_line' id='line_1_25' title="bbox 39 2188 1167 2254; baseline 0 -16"><span class='ocrx_word' id='word_1_184' title='bbox 39 2191 102 2238; x_wconf 83' lang='lat' dir='ltr'><strong>tina</strong></span> <span class='ocrx_word' id='word_1_185' title='bbox 120 2190 270 2254; x_wconf 79' lang='lat' dir='ltr'><strong>reposcitur</strong></span> <span class='ocrx_word' id='word_1_186' title='bbox 286 2189 389 2239; x_wconf 87' lang='lat' dir='ltr'><strong>armis.“</strong></span> <span class='ocrx_word' id='word_1_187' title='bbox 423 2190 519 2239; x_wconf 85' lang='lat' dir='ltr'><strong>Seneca</strong></span> <span class='ocrx_word' id='word_1_188' title='bbox 535 2188 691 2248; x_wconf 83' lang='lat' dir='ltr'><strong>Phoenissis,</strong></span> <span class='ocrx_word' id='word_1_189' title='bbox 704 2190 764 2240; x_wconf 75' lang='lat'><strong>560.</strong></span> <span class='ocrx_word' id='word_1_190' title='bbox 781 2190 865 2251; x_wconf 86' lang='lat' dir='ltr'><strong>„quin</strong></span> <span class='ocrx_word' id='word_1_191' title='bbox 883 2193 945 2236; x_wconf 85' lang='lat' dir='ltr'><strong>tuae</strong></span> <span class='ocrx_word' id='word_1_192' title='bbox 962 2203 1071 2238; x_wconf 85' lang='lat' dir='ltr'><strong>caussae</strong></span> <span class='ocrx_word' id='word_1_193' title='bbox 1087 2192 1167 2238; x_wconf 84' lang='lat' dir='ltr'><strong>nocet</strong></span> 
     </span>
     <span class='ocr_line' id='line_1_26' title="bbox 40 2255 1165 2337; baseline -0.003 -29"><span class='ocrx_word' id='word_1_194' title='bbox 40 2258 138 2323; x_wconf 83' lang='lat' dir='ltr'><strong>Ipsum</strong></span> <span class='ocrx_word' id='word_1_195' title='bbox 156 2256 213 2334; x_wconf 76' lang='lat' dir='ltr'><strong>bae,</strong></span> <span class='ocrx_word' id='word_1_196' title='bbox 230 2255 302 2320; x_wconf 82' lang='lat' dir='ltr'><strong>quad</strong></span> <span class='ocrx_word' id='word_1_197' title='bbox 317 2256 492 2337; x_wconf 72' lang='lat' dir='ltr'><strong>armisvertis</strong></span> <span class='ocrx_word' id='word_1_198' title='bbox 509 2256 610 2306; x_wconf 82' lang='lat' dir='ltr'><strong>infestis</strong></span> <span class='ocrx_word' id='word_1_199' title='bbox 627 2256 740 2307; x_wconf 85' lang='lat' dir='ltr'><strong>salum.“</strong></span> <span class='ocrx_word' id='word_1_200' title='bbox 774 2255 865 2305; x_wconf 88' lang='lat' dir='ltr'><strong>Livius</strong></span> <span class='ocrx_word' id='word_1_201' title='bbox 882 2256 904 2316; x_wconf 94' lang='grc' dir='ltr'><strong>Ι,</strong></span> <span class='ocrx_word' id='word_1_202' title='bbox 917 2256 958 2306; x_wconf 74' lang='lat'><strong>25.</strong></span> <span class='ocrx_word' id='word_1_203' title='bbox 977 2256 1003 2320; x_wconf 63' lang='grc' dir='ltr'><strong>[ξ</strong></span> <span class='ocrx_word' id='word_1_204' title='bbox 1015 2257 1040 2318; x_wconf 87' lang='grc'><strong>3]</strong></span> <span class='ocrx_word' id='word_1_205' title='bbox 1057 2255 1165 2319; x_wconf 81' lang='lat' dir='ltr'><strong>„Datur</strong></span> 
     </span>
     <span class='ocr_line' id='line_1_27' title="bbox 37 2322 1164 2457; baseline -0.001 -15"><span class='ocrx_word' id='word_1_206' title='bbox 37 2339 164 2453; x_wconf 60' lang='lat' dir='ltr'><strong>‘lilii</strong></span> <span class='ocrx_word' id='word_1_207' title='bbox 179 2322 1164 2457; x_wconf 42' lang='lat' dir='ltr'><strong>{fstuttttgttttttttrbitrzuttttttttttitit</strong></span> 
     </span>
     <span class='ocr_line' id='line_1_28' title="bbox 39 2459 1165 2525; baseline 0 -15"><span class='ocrx_word' id='word_1_208' title='bbox 39 2467 132 2510; x_wconf 85' lang='lat' dir='ltr'><strong>tamen</strong></span> <span class='ocrx_word' id='word_1_209' title='bbox 150 2475 180 2508; x_wconf 82' lang='lat' dir='ltr'><strong>ex</strong></span> <span class='ocrx_word' id='word_1_210' title='bbox 196 2464 251 2510; x_wconf 88' lang='lat' dir='ltr'><strong>toto</strong></span> <span class='ocrx_word' id='word_1_211' title='bbox 268 2459 383 2510; x_wconf 88' lang='lat' dir='ltr'><strong>damnari</strong></span> <span class='ocrx_word' id='word_1_212' title='bbox 400 2464 485 2524; x_wconf 88' lang='lat' dir='ltr'><strong>potest</strong></span> <span class='ocrx_word' id='word_1_213' title='bbox 502 2464 604 2525; x_wconf 87' lang='lat' dir='ltr'><strong>recepta</strong></span> <span class='ocrx_word' id='word_1_214' title='bbox 620 2460 710 2521; x_wconf 84' lang='lat' dir='ltr'><strong>lectio,</strong></span> <span class='ocrx_word' id='word_1_215' title='bbox 729 2475 804 2523; x_wconf 88' lang='lat' dir='ltr'><strong>quam</strong></span> <span class='ocrx_word' id='word_1_216' title='bbox 822 2464 848 2510; x_wconf 90' lang='lat' dir='ltr'><strong>et</strong></span> <span class='ocrx_word' id='word_1_217' title='bbox 864 2459 1003 2520; x_wconf 86' lang='lat' dir='ltr'><strong>editiones,</strong></span> <span class='ocrx_word' id='word_1_218' title='bbox 1022 2464 1048 2508; x_wconf 91' lang='lat' dir='ltr'><strong>et</strong></span> <span class='ocrx_word' id='word_1_219' title='bbox 1064 2464 1165 2524; x_wconf 89' lang='lat' dir='ltr'><strong>praeter</strong></span> 
     </span>
     <span class='ocr_line' id='line_1_29' title="bbox 38 2526 1166 2594; baseline 0 -16"><span class='ocrx_word' id='word_1_220' title='bbox 38 2527 186 2578; x_wconf 80' lang='lat' dir='ltr'><strong>Galeanum</strong></span> <span class='ocrx_word' id='word_1_221' title='bbox 204 2527 304 2578; x_wconf 83' lang='lat' dir='ltr'><strong>codices</strong></span> <span class='ocrx_word' id='word_1_222' title='bbox 321 2543 408 2578; x_wconf 87' lang='lat' dir='ltr'><strong>omnes</strong></span> <span class='ocrx_word' id='word_1_223' title='bbox 425 2532 623 2594; x_wconf 86' lang='lat' dir='ltr'><strong>repraesentant.</strong></span> <span class='ocrx_word' id='word_1_224' title='bbox 651 2527 760 2590; x_wconf 81' lang='lat' dir='ltr'><strong>„Medus</strong></span> <span class='ocrx_word' id='word_1_225' title='bbox 777 2526 885 2578; x_wconf 83' lang='lat' dir='ltr'><strong>infestus</strong></span> <span class='ocrx_word' id='word_1_226' title='bbox 903 2529 955 2577; x_wconf 83' lang='lat' dir='ltr'><strong>sibi</strong></span> <span class='ocrx_word' id='word_1_227' title='bbox 969 2526 1094 2577; x_wconf 87' lang='lat' dir='ltr'><strong>luctuosis</strong></span> <span class='ocrx_word' id='word_1_228' title='bbox 1104 2529 1166 2578; x_wconf 86' lang='lat' dir='ltr'><strong>Dis·</strong></span> 
     </span>
     <span class='ocr_line' id='line_1_30' title="bbox 36 2595 1227 2661; baseline 0.003 -15"><span class='ocrx_word' id='word_1_229' title='bbox 36 2596 115 2646; x_wconf 83' lang='lat' dir='ltr'><strong>sidet</strong></span> <span class='ocrx_word' id='word_1_230' title='bbox 137 2597 246 2645; x_wconf 75' lang='lat' dir='ltr'><strong>amnis.“</strong></span> <span class='ocrx_word' id='word_1_231' title='bbox 279 2596 345 2646; x_wconf 87' lang='lat' dir='ltr'><strong>Nam</strong></span> <span class='ocrx_word' id='word_1_232' title='bbox 370 2597 491 2647; x_wconf 85' lang='lat' dir='ltr'><strong>luctuosa</strong></span> <span class='ocrx_word' id='word_1_233' title='bbox 517 2611 593 2646; x_wconf 75' lang='lat' dir='ltr'><strong>arma</strong></span> <span class='ocrx_word' id='word_1_234' title='bbox 616 2600 684 2646; x_wconf 86' lang='lat' dir='ltr'><strong>recte</strong></span> <span class='ocrx_word' id='word_1_235' title='bbox 707 2595 841 2657; x_wconf 90' lang='lat' dir='ltr'><strong>dicuntur,</strong></span> <span class='ocrx_word' id='word_1_236' title='bbox 865 2600 895 2646; x_wconf 93' lang='lat' dir='ltr'><strong>ut</strong></span> <span class='ocrx_word' id='word_1_237' title='bbox 918 2595 1162 2660; x_wconf 83' lang='lat' dir='ltr'><strong>VegetiuslV,12.</strong></span> <span class='ocrx_word' id='word_1_238' title='bbox 1224 2656 1227 2661; x_wconf 48' lang='grc'>,</span> 
     </span>
     <span class='ocr_line' id='line_1_31' title="bbox 39 2662 1163 2730; baseline 0.002 -18"><span class='ocrx_word' id='word_1_239' title='bbox 39 2662 158 2729; x_wconf 87' lang='lat' dir='ltr'><strong>„Mutuo</strong></span> <span class='ocrx_word' id='word_1_240' title='bbox 181 2666 309 2729; x_wconf 84' lang='lat' dir='ltr'><strong>utrinque</strong></span> <span class='ocrx_word' id='word_1_241' title='bbox 331 2664 465 2729; x_wconf 68' lang='lat' dir='ltr'><strong>periculo,</strong></span> <span class='ocrx_word' id='word_1_242' title='bbox 489 2664 537 2715; x_wconf 83' lang='lat' dir='ltr'><strong>scd</strong></span> <span class='ocrx_word' id='word_1_243' title='bbox 557 2666 660 2715; x_wconf 83' lang='lat' dir='ltr'><strong>maiore</strong></span> <span class='ocrx_word' id='word_1_244' title='bbox 683 2667 898 2730; x_wconf 77' lang='lat' dir='ltr'><strong>oppugnantiam</strong></span> <span class='ocrx_word' id='word_1_245' title='bbox 915 2666 1062 2727; x_wconf 82' lang='lat' dir='ltr'><strong>sanguine,</strong></span> <span class='ocrx_word' id='word_1_246' title='bbox 1087 2679 1163 2714; x_wconf 78' lang='lat' dir='ltr'><strong>euer-</strong></span> 
     </span>
     <span class='ocr_line' id='line_1_32' title="bbox 36 2730 1164 2796; baseline -0.002 -12"><span class='ocrx_word' id='word_1_247' title='bbox 36 2737 140 2784; x_wconf 82' lang='lat' dir='ltr'><strong>centar</strong></span> <span class='ocrx_word' id='word_1_248' title='bbox 156 2731 272 2782; x_wconf 86' lang='lat' dir='ltr'><strong>luctuosa</strong></span> <span class='ocrx_word' id='word_1_249' title='bbox 290 2732 453 2784; x_wconf 85' lang='lat' dir='ltr'><strong>certamina.“</strong></span> <span class='ocrx_word' id='word_1_250' title='bbox 487 2734 528 2782; x_wconf 89' lang='lat' dir='ltr'><strong>Ite</strong></span> <span class='ocrx_word' id='word_1_251' title='bbox 545 2732 649 2783; x_wconf 83' lang='lat' dir='ltr'><strong>Tacitus</strong></span> <span class='ocrx_word' id='word_1_252' title='bbox 666 2733 745 2796; x_wconf 90' lang='lat' dir='ltr'><strong>[Hist.</strong></span> <span class='ocrx_word' id='word_1_253' title='bbox 764 2732 812 2794; x_wconf 86' lang='grc' dir='ltr'>ΙΙΙ,</span> <span class='ocrx_word' id='word_1_254' title='bbox 831 2734 887 2795; x_wconf 75' lang='lat'><strong>721,</strong></span> <span class='ocrx_word' id='word_1_255' title='bbox 906 2730 1164 2795; x_wconf 75' lang='lat' dir='ltr'><strong>Lascnscs[issim]um</strong></span> 
     </span>
     <span class='ocr_line' id='line_1_33' title="bbox 37 2798 1163 2868; baseline 0.001 -17"><span class='ocrx_word' id='word_1_256' title='bbox 37 2800 167 2864; x_wconf 61' lang='lat' dir='ltr'><strong>facinusl,</strong></span> <span class='ocrx_word' id='word_1_257' title='bbox 190 2798 279 2851; x_wconf 88' lang='lat' dir='ltr'><strong>Uicero</strong></span> <span class='ocrx_word' id='word_1_258' title='bbox 303 2799 359 2868; x_wconf 87' lang='lat' dir='ltr'><strong>[pro</strong></span> <span class='ocrx_word' id='word_1_259' title='bbox 377 2801 441 2852; x_wconf 85' lang='lat' dir='ltr'><strong>Soet.</strong></span> <span class='ocrx_word' id='word_1_260' title='bbox 461 2803 507 2862; x_wconf 78' lang='lat'><strong>12,</strong></span> <span class='ocrx_word' id='word_1_261' title='bbox 525 2803 568 2863; x_wconf 77' lang='lat'><strong>27]</strong></span> <span class='ocrx_word' id='word_1_262' title='bbox 588 2800 736 2852; x_wconf 81' lang='lat' dir='ltr'><strong>luctuosum</strong></span> <span class='ocrx_word' id='word_1_263' title='bbox 759 2800 843 2856; x_wconf 75' lang='lat' dir='ltr'><strong>disin,</strong></span> <span class='ocrx_word' id='word_1_264' title='bbox 868 2799 911 2863; x_wconf 89' lang='lat' dir='ltr'><strong>[ad</strong></span> <span class='ocrx_word' id='word_1_265' title='bbox 928 2799 959 2855; x_wconf 80' lang='lat' dir='ltr'><strong>Q.</strong></span> <span class='ocrx_word' id='word_1_266' title='bbox 978 2799 1008 2851; x_wconf 85' lang='lat' dir='ltr'><strong>ir.</strong></span> <span class='ocrx_word' id='word_1_267' title='bbox 1027 2801 1076 2862; x_wconf 90' lang='lat' dir='ltr'><strong>III,</strong></span> <span class='ocrx_word' id='word_1_268' title='bbox 1095 2802 1118 2860; x_wconf 81' lang='lat'><strong>8,</strong></span> <span class='ocrx_word' id='word_1_269' title='bbox 1137 2802 1163 2863; x_wconf 84' lang='grc'><strong>5]</strong></span> 
     </span>
     <span class='ocr_line' id='line_1_34' title="bbox 38 2866 1163 2934; baseline 0 -16"><span class='ocrx_word' id='word_1_270' title='bbox 38 2870 248 2934; x_wconf 82' lang='lat' dir='ltr'><strong>perluctuosum·</strong></span> <span class='ocrx_word' id='word_1_271' title='bbox 267 2868 357 2929; x_wconf 77' lang='lat' dir='ltr'><strong>funus.</strong></span> <span class='ocrx_word' id='word_1_272' title='bbox 392 2868 457 2918; x_wconf 85' lang='lat' dir='ltr'><strong>Tum</strong></span> <span class='ocrx_word' id='word_1_273' title='bbox 481 2873 565 2918; x_wconf 87' lang='lat' dir='ltr'><strong>autem</strong></span> <span class='ocrx_word' id='word_1_274' title='bbox 589 2867 702 2928; x_wconf 77' lang='lat' dir='ltr'><strong>infestas</strong></span> <span class='ocrx_word' id='word_1_275' title='bbox 723 2869 789 2927; x_wconf 82' lang='lat' dir='ltr'><strong>sibi,</strong></span> <span class='ocrx_word' id='word_1_276' title='bbox 814 2868 864 2918; x_wconf 89' lang='lat' dir='ltr'><strong>erit</strong></span> <span class='ocrx_word' id='word_1_277' title='bbox 886 2866 937 2917; x_wconf 90' lang='lat' dir='ltr'><strong>sibi</strong></span> <span class='ocrx_word' id='word_1_278' title='bbox 954 2867 1087 2928; x_wconf 85' lang='lat' dir='ltr'><strong>adversus,</strong></span> <span class='ocrx_word' id='word_1_279' title='bbox 1112 2868 1163 2918; x_wconf 88' lang='lat' dir='ltr'><strong>sibi</strong></span> 
     </span>
     <span class='ocr_line' id='line_1_35' title="bbox 37 2935 1164 3001; baseline -0.001 -14"><span class='ocrx_word' id='word_1_280' title='bbox 37 2937 173 2998; x_wconf 89' lang='lat' dir='ltr'><strong>inimicus,</strong></span> <span class='ocrx_word' id='word_1_281' title='bbox 191 2937 223 2986; x_wconf 95' lang='lat' dir='ltr'><strong>ob</strong></span> <span class='ocrx_word' id='word_1_282' title='bbox 241 2937 393 2993; x_wconf 83' lang='lat' dir='ltr'><strong>discordiam</strong></span> <span class='ocrx_word' id='word_1_283' title='bbox 408 2952 500 3001; x_wconf 86' lang='lat' dir='ltr'><strong>nempe</strong></span> <span class='ocrx_word' id='word_1_284' title='bbox 518 2936 626 2987; x_wconf 84' lang='lat' dir='ltr'><strong>civilem.</strong></span> <span class='ocrx_word' id='word_1_285' title='bbox 650 2936 700 2986; x_wconf 85' lang='lat' dir='ltr'><strong>Sed</strong></span> <span class='ocrx_word' id='word_1_286' title='bbox 717 2935 745 2984; x_wconf 90' lang='lat' dir='ltr'><strong>in</strong></span> <span class='ocrx_word' id='word_1_287' title='bbox 763 2935 843 2986; x_wconf 89' lang='lat' dir='ltr'><strong>altera</strong></span> <span class='ocrx_word' id='word_1_288' title='bbox 859 2935 970 2986; x_wconf 87' lang='lat' dir='ltr'><strong>lectione</strong></span> <span class='ocrx_word' id='word_1_289' title='bbox 988 2939 1014 2986; x_wconf 92' lang='lat' dir='ltr'><strong>et</strong></span> <span class='ocrx_word' id='word_1_290' title='bbox 1030 2936 1164 2986; x_wconf 85' lang='lat' dir='ltr'><strong>verborum</strong></span> 
     </span>
     <span class='ocr_line' id='line_1_36' title="bbox 34 3003 1163 3071; baseline 0 -16"><span class='ocrx_word' id='word_1_291' title='bbox 34 3005 180 3055; x_wconf 85' lang='lat' dir='ltr'><strong>collocatio</strong></span> <span class='ocrx_word' id='word_1_292' title='bbox 190 3006 321 3055; x_wconf 85' lang='lat' dir='ltr'><strong>venustior</strong></span> <span class='ocrx_word' id='word_1_293' title='bbox 339 3009 386 3067; x_wconf 89' lang='lat' dir='ltr'><strong>est,</strong></span> <span class='ocrx_word' id='word_1_294' title='bbox 404 3009 430 3054; x_wconf 92' lang='lat' dir='ltr'><strong>et</strong></span> <span class='ocrx_word' id='word_1_295' title='bbox 446 3021 523 3055; x_wconf 91' lang='lat' dir='ltr'><strong>sonus</strong></span> <span class='ocrx_word' id='word_1_296' title='bbox 540 3003 692 3071; x_wconf 87' lang='lat' dir='ltr'><strong>syllabarum</strong></span> <span class='ocrx_word' id='word_1_297' title='bbox 709 3003 822 3064; x_wconf 83' lang='lat' dir='ltr'><strong>dnlci013</strong></span> <span class='ocrx_word' id='word_1_298' title='bbox 840 3019 869 3053; x_wconf 88' lang='lat' dir='ltr'><strong>ao</strong></span> <span class='ocrx_word' id='word_1_299' title='bbox 887 3020 940 3054; x_wconf 92' lang='lat' dir='ltr'><strong>non</strong></span> <span class='ocrx_word' id='word_1_300' title='bbox 957 3008 1043 3069; x_wconf 89' lang='lat' dir='ltr'><strong>potest</strong></span> <span class='ocrx_word' id='word_1_301' title='bbox 1059 3019 1111 3053; x_wconf 89' lang='lat' dir='ltr'><strong>non</strong></span> <span class='ocrx_word' id='word_1_302' title='bbox 1129 3003 1163 3055; x_wconf 84' lang='lat' dir='ltr'><strong>iis</strong></span> 
     </span>
     <span class='ocr_line' id='line_1_37' title="bbox 37 3072 686 3139; baseline -0.003 -16"><span class='ocrx_word' id='word_1_303' title='bbox 37 3073 152 3139; x_wconf 85' lang='lat' dir='ltr'><strong>placere,</strong></span> <span class='ocrx_word' id='word_1_304' title='bbox 170 3074 215 3137; x_wconf 92' lang='lat' dir='ltr'><strong>qui</strong></span> <span class='ocrx_word' id='word_1_305' title='bbox 232 3088 302 3124; x_wconf 91' lang='lat' dir='ltr'><strong>raras</strong></span> <span class='ocrx_word' id='word_1_306' title='bbox 320 3079 345 3124; x_wconf 90' lang='lat' dir='ltr'><strong>et</strong></span> <span class='ocrx_word' id='word_1_307' title='bbox 363 3073 476 3124; x_wconf 89' lang='lat' dir='ltr'><strong>eruditae</strong></span> <span class='ocrx_word' id='word_1_308' title='bbox 493 3088 566 3122; x_wconf 87' lang='lat' dir='ltr'><strong>aures</strong></span> <span class='ocrx_word' id='word_1_309' title='bbox 583 3072 686 3122; x_wconf 87' lang='lat' dir='ltr'><strong>habent.</strong></span> 
     </span>
    </p>

    <p class='ocr_par' dir='ltr' id='par_1_6' title="bbox 30 3138 1164 4298">
     <span class='ocr_line' id='line_1_38' title="bbox 112 3138 1162 3208; baseline -0.004 -15"><span class='ocrx_word' id='word_1_310' title='bbox 112 3143 155 3194; x_wconf 80' lang='lat'><strong>26.</strong></span> <span class='ocrx_word' id='word_1_311' title='bbox 173 3141 256 3191; x_wconf 82' lang='lat' dir='ltr'><strong>Parce</strong></span> <span class='ocrx_word' id='word_1_312' title='bbox 271 3144 405 3208; x_wconf 70' lang='lat' dir='ltr'><strong>privatius]</strong></span> <span class='ocrx_word' id='word_1_313' title='bbox 440 3140 533 3190; x_wconf 87' lang='lat' dir='ltr'><strong>Nullus</strong></span> <span class='ocrx_word' id='word_1_314' title='bbox 556 3145 595 3190; x_wconf 90' lang='lat' dir='ltr'><strong>est</strong></span> <span class='ocrx_word' id='word_1_315' title='bbox 616 3140 729 3190; x_wconf 89' lang='lat' dir='ltr'><strong>amnium</strong></span> <span class='ocrx_word' id='word_1_316' title='bbox 751 3140 933 3204; x_wconf 87' lang='lat' dir='ltr'><strong>interpretum,</strong></span> <span class='ocrx_word' id='word_1_317' title='bbox 957 3138 1020 3202; x_wconf 90' lang='lat' dir='ltr'><strong>quin</strong></span> <span class='ocrx_word' id='word_1_318' title='bbox 1044 3138 1162 3189; x_wconf 85' lang='lat' dir='ltr'><strong>adhunc</strong></span> 
     </span>
     <span class='ocr_line' id='line_1_39' title="bbox 34 3205 1163 3276; baseline -0.003 -17"><span class='ocrx_word' id='word_1_319' title='bbox 34 3210 135 3270; x_wconf 84' lang='lat' dir='ltr'><strong>locum,</strong></span> <span class='ocrx_word' id='word_1_320' title='bbox 154 3208 233 3258; x_wconf 78' lang='lat' dir='ltr'><strong>veluti</strong></span> <span class='ocrx_word' id='word_1_321' title='bbox 250 3209 282 3259; x_wconf 89' lang='lat' dir='ltr'><strong>ad</strong></span> <span class='ocrx_word' id='word_1_322' title='bbox 300 3210 446 3276; x_wconf 87' lang='lat' dir='ltr'><strong>scopulum,</strong></span> <span class='ocrx_word' id='word_1_323' title='bbox 470 3208 631 3273; x_wconf 76' lang='lat' dir='ltr'><strong>naufragium</strong></span> <span class='ocrx_word' id='word_1_324' title='bbox 648 3208 744 3258; x_wconf 82' lang='lat' dir='ltr'><strong>fecerit</strong></span> <span class='ocrx_word' id='word_1_325' title='bbox 779 3207 924 3257; x_wconf 85' lang='lat' dir='ltr'><strong>Praefectus</strong></span> <span class='ocrx_word' id='word_1_326' title='bbox 941 3205 1019 3257; x_wconf 90' lang='lat' dir='ltr'><strong>Urbis</strong></span> <span class='ocrx_word' id='word_1_327' title='bbox 1037 3210 1163 3256; x_wconf 88' lang='lat' dir='ltr'><strong>tumeret</strong></span> 
     </span>
     <span class='ocr_line' id='line_1_40' title="bbox 34 3273 1163 3340; baseline -0.004 -12"><span class='ocrx_word' id='word_1_328' title='bbox 34 3278 190 3337; x_wconf 83' lang='lat' dir='ltr'><strong>Maecenas,</strong></span> <span class='ocrx_word' id='word_1_329' title='bbox 215 3293 272 3326; x_wconf 87' lang='lat' dir='ltr'><strong>cnm</strong></span> <span class='ocrx_word' id='word_1_330' title='bbox 294 3278 418 3328; x_wconf 89' lang='lat' dir='ltr'><strong>Horatius</strong></span> <span class='ocrx_word' id='word_1_331' title='bbox 441 3278 503 3329; x_wconf 87' lang='lat' dir='ltr'><strong>haec</strong></span> <span class='ocrx_word' id='word_1_332' title='bbox 527 3276 662 3337; x_wconf 80' lang='lat' dir='ltr'><strong>scriberet3</strong></span> <span class='ocrx_word' id='word_1_333' title='bbox 688 3273 755 3325; x_wconf 87' lang='lat' dir='ltr'><strong>unde</strong></span> <span class='ocrx_word' id='word_1_334' title='bbox 772 3274 837 3325; x_wconf 91' lang='lat' dir='ltr'><strong>illud</strong></span> <span class='ocrx_word' id='word_1_335' title='bbox 855 3290 932 3340; x_wconf 89' lang='lat' dir='ltr'><strong>snpra</strong></span> <span class='ocrx_word' id='word_1_336' title='bbox 949 3291 971 3325; x_wconf 87' lang='lat' dir='ltr'><strong>v.</strong></span> <span class='ocrx_word' id='word_1_337' title='bbox 994 3277 1031 3326; x_wconf 76' lang='lat'><strong>17.</strong></span> <span class='ocrx_word' id='word_1_338' title='bbox 1067 3274 1163 3338; x_wconf 82' lang='lat' dir='ltr'><strong>„Mitte</strong></span> 
     </span>
     <span class='ocr_line' id='line_1_41' title="bbox 35 3341 1162 3410; baseline -0.004 -13"><span class='ocrx_word' id='word_1_339' title='bbox 35 3346 134 3397; x_wconf 84' lang='lat' dir='ltr'><strong>civiles</strong></span> <span class='ocrx_word' id='word_1_340' title='bbox 151 3361 232 3410; x_wconf 82' lang='lat' dir='ltr'><strong>super</strong></span> <span class='ocrx_word' id='word_1_341' title='bbox 248 3346 311 3396; x_wconf 88' lang='lat' dir='ltr'><strong>urbs</strong></span> <span class='ocrx_word' id='word_1_342' title='bbox 328 3349 426 3405; x_wconf 85' lang='lat' dir='ltr'><strong>enras“,</strong></span> <span class='ocrx_word' id='word_1_343' title='bbox 445 3351 470 3395; x_wconf 89' lang='lat' dir='ltr'><strong>et</strong></span> <span class='ocrx_word' id='word_1_344' title='bbox 485 3346 534 3408; x_wconf 85' lang='lat'><strong>111,</strong></span> <span class='ocrx_word' id='word_1_345' title='bbox 544 3347 584 3407; x_wconf 77' lang='grc'><strong>29,</strong></span> <span class='ocrx_word' id='word_1_346' title='bbox 595 3347 635 3396; x_wconf 77' lang='lat'><strong>25.</strong></span> <span class='ocrx_word' id='word_1_347' title='bbox 662 3341 726 3409; x_wconf 83' lang='lat' dir='ltr'><strong>„Tu</strong></span> <span class='ocrx_word' id='word_1_348' title='bbox 743 3344 873 3393; x_wconf 80' lang='lat' dir='ltr'><strong>civitatem</strong></span> <span class='ocrx_word' id='word_1_349' title='bbox 890 3346 950 3408; x_wconf 83' lang='lat' dir='ltr'><strong>quis</strong></span> <span class='ocrx_word' id='word_1_350' title='bbox 968 3342 1060 3393; x_wconf 76' lang='lat' dir='ltr'><strong>deceat</strong></span> <span class='ocrx_word' id='word_1_351' title='bbox 1075 3348 1162 3393; x_wconf 81' lang='lat' dir='ltr'><strong>status</strong></span> 
     </span>
     <span class='ocr_line' id='line_1_42' title="bbox 36 3410 1162 3480; baseline -0.002 -16"><span class='ocrx_word' id='word_1_352' title='bbox 36 3414 143 3477; x_wconf 80' lang='lat' dir='ltr'><strong>Caras,</strong></span> <span class='ocrx_word' id='word_1_353' title='bbox 169 3418 196 3462; x_wconf 85' lang='lat' dir='ltr'><strong>et</strong></span> <span class='ocrx_word' id='word_1_354' title='bbox 217 3412 273 3462; x_wconf 89' lang='lat' dir='ltr'><strong>urbi</strong></span> <span class='ocrx_word' id='word_1_355' title='bbox 297 3414 428 3464; x_wconf 80' lang='lat' dir='ltr'><strong>sellicitus</strong></span> <span class='ocrx_word' id='word_1_356' title='bbox 452 3416 551 3465; x_wconf 84' lang='lat' dir='ltr'><strong>times.“</strong></span> <span class='ocrx_word' id='word_1_357' title='bbox 585 3414 655 3480; x_wconf 78' lang='lat' dir='ltr'><strong>Ergo</strong></span> <span class='ocrx_word' id='word_1_358' title='bbox 678 3411 721 3461; x_wconf 90' lang='lat' dir='ltr'><strong>hio</strong></span> <span class='ocrx_word' id='word_1_359' title='bbox 744 3411 851 3475; x_wconf 84' lang='lat' dir='ltr'><strong>litigant</strong></span> <span class='ocrx_word' id='word_1_360' title='bbox 873 3416 899 3460; x_wconf 90' lang='lat' dir='ltr'><strong>et</strong></span> <span class='ocrx_word' id='word_1_361' title='bbox 916 3410 1003 3461; x_wconf 88' lang='lat' dir='ltr'><strong>turbas</strong></span> <span class='ocrx_word' id='word_1_362' title='bbox 1021 3412 1162 3475; x_wconf 83' lang='lat' dir='ltr'><strong>concitant,</strong></span> 
     </span>
     <span class='ocr_line' id='line_1_43' title="bbox 34 3479 1164 3546; baseline -0.002 -14"><span class='ocrx_word' id='word_1_363' title='bbox 34 3498 91 3546; x_wconf 88' lang='lat' dir='ltr'><strong>quo</strong></span> <span class='ocrx_word' id='word_1_364' title='bbox 111 3497 188 3533; x_wconf 88' lang='lat' dir='ltr'><strong>sensu</strong></span> <span class='ocrx_word' id='word_1_365' title='bbox 205 3481 272 3532; x_wconf 89' lang='lat' dir='ltr'><strong>idem</strong></span> <span class='ocrx_word' id='word_1_366' title='bbox 290 3486 315 3531; x_wconf 92' lang='lat' dir='ltr'><strong>et</strong></span> <span class='ocrx_word' id='word_1_367' title='bbox 331 3481 486 3542; x_wconf 79' lang='lat' dir='ltr'><strong>Praefectus</strong></span> <span class='ocrx_word' id='word_1_368' title='bbox 506 3480 582 3533; x_wconf 78' lang='lat' dir='ltr'><strong>Urbis</strong></span> <span class='ocrx_word' id='word_1_369' title='bbox 599 3481 690 3542; x_wconf 82' lang='lat' dir='ltr'><strong>fuerit,</strong></span> <span class='ocrx_word' id='word_1_370' title='bbox 714 3483 740 3529; x_wconf 88' lang='lat' dir='ltr'><strong>et</strong></span> <span class='ocrx_word' id='word_1_371' title='bbox 756 3479 870 3546; x_wconf 91' lang='lat' dir='ltr'><strong>potuerit</strong></span> <span class='ocrx_word' id='word_1_372' title='bbox 893 3479 945 3529; x_wconf 90' lang='lat' dir='ltr'><strong>dici</strong></span> <span class='ocrx_word' id='word_1_373' title='bbox 962 3479 1102 3529; x_wconf 81' lang='lat' dir='ltr'><strong>Privatus:</strong></span> <span class='ocrx_word' id='word_1_374' title='bbox 1129 3480 1164 3530; x_wconf 90' lang='lat' dir='ltr'><strong>si·</strong></span> 
     </span>
     <span class='ocr_line' id='line_1_44' title="bbox 33 3547 1162 3615; baseline 0.001 -15"><span class='ocrx_word' id='word_1_375' title='bbox 33 3550 145 3614; x_wconf 87' lang='lat' dir='ltr'><strong>quidem</strong></span> <span class='ocrx_word' id='word_1_376' title='bbox 162 3549 214 3598; x_wconf 90' lang='lat' dir='ltr'><strong>iste</strong></span> <span class='ocrx_word' id='word_1_377' title='bbox 230 3550 298 3599; x_wconf 86' lang='lat' dir='ltr'><strong>inter</strong></span> <span class='ocrx_word' id='word_1_378' title='bbox 314 3565 340 3599; x_wconf 88' lang='lat' dir='ltr'><strong>se</strong></span> <span class='ocrx_word' id='word_1_379' title='bbox 358 3553 530 3615; x_wconf 89' lang='lat' dir='ltr'><strong>opponuntur.</strong></span> <span class='ocrx_word' id='word_1_380' title='bbox 548 3549 598 3614; x_wconf 89' lang='lat' dir='ltr'><strong>„In</strong></span> <span class='ocrx_word' id='word_1_381' title='bbox 614 3549 754 3613; x_wconf 72' lang='lat' dir='ltr'><strong>scamna,“</strong></span> <span class='ocrx_word' id='word_1_382' title='bbox 772 3549 810 3600; x_wconf 90' lang='lat' dir='ltr'><strong>ait</strong></span> <span class='ocrx_word' id='word_1_383' title='bbox 816 3547 906 3613; x_wconf 82' lang='lat' dir='ltr'><strong>Uicero</strong></span> <span class='ocrx_word' id='word_1_384' title='bbox 916 3547 957 3611; x_wconf 90' lang='lat' dir='ltr'><strong>[de</strong></span> <span class='ocrx_word' id='word_1_385' title='bbox 965 3549 1020 3598; x_wconf 89' lang='lat' dir='ltr'><strong>Inv.</strong></span> <span class='ocrx_word' id='word_1_386' title='bbox 1030 3548 1051 3610; x_wconf 95' lang='grc' dir='ltr'><strong>Ι,</strong></span> <span class='ocrx_word' id='word_1_387' title='bbox 1062 3550 1103 3610; x_wconf 83' lang='lat'><strong>25,</strong></span> <span class='ocrx_word' id='word_1_388' title='bbox 1110 3551 1162 3612; x_wconf 82' lang='lat'><strong>351,</strong></span> 
     </span>
     <span class='ocr_line' id='line_1_45' title="bbox 37 3618 1163 3683; baseline 0 -16"><span class='ocrx_word' id='word_1_389' title='bbox 37 3620 218 3683; x_wconf 81' lang='lat' dir='ltr'><strong>,‚quaeritur,</strong></span> <span class='ocrx_word' id='word_1_390' title='bbox 236 3632 328 3667; x_wconf 77' lang='lat' dir='ltr'><strong>seruus</strong></span> <span class='ocrx_word' id='word_1_391' title='bbox 344 3620 381 3669; x_wconf 83' lang='lat' dir='ltr'><strong>sit</strong></span> <span class='ocrx_word' id='word_1_392' title='bbox 398 3633 433 3668; x_wconf 88' lang='lat' dir='ltr'><strong>an</strong></span> <span class='ocrx_word' id='word_1_393' title='bbox 452 3618 534 3680; x_wconf 80' lang='lat' dir='ltr'><strong>liber,</strong></span> <span class='ocrx_word' id='word_1_394' title='bbox 549 3620 709 3683; x_wconf 79' lang='lat' dir='ltr'><strong>pecuniosus</strong></span> <span class='ocrx_word' id='word_1_395' title='bbox 727 3633 764 3667; x_wconf 91' lang='lat' dir='ltr'><strong>an</strong></span> <span class='ocrx_word' id='word_1_396' title='bbox 782 3619 883 3681; x_wconf 82' lang='lat' dir='ltr'><strong>tenuis,</strong></span> <span class='ocrx_word' id='word_1_397' title='bbox 907 3619 1031 3682; x_wconf 74' lang='lat' dir='ltr'><strong>privatus</strong></span> <span class='ocrx_word' id='word_1_398' title='bbox 1049 3632 1084 3666; x_wconf 89' lang='lat' dir='ltr'><strong>an</strong></span> <span class='ocrx_word' id='word_1_399' title='bbox 1102 3632 1163 3667; x_wconf 87' lang='lat' dir='ltr'><strong>cum</strong></span> 
     </span>
     <span class='ocr_line' id='line_1_46' title="bbox 31 3684 1162 3751; baseline -0.001 -16"><span class='ocrx_word' id='word_1_400' title='bbox 31 3687 198 3751; x_wconf 81' lang='lat' dir='ltr'><strong>potestate.“</strong></span> <span class='ocrx_word' id='word_1_401' title='bbox 233 3685 394 3751; x_wconf 88' lang='lat' dir='ltr'><strong>Torrentius,</strong></span> <span class='ocrx_word' id='word_1_402' title='bbox 413 3687 461 3735; x_wconf 91' lang='lat' dir='ltr'><strong>hoc</strong></span> <span class='ocrx_word' id='word_1_403' title='bbox 478 3690 553 3751; x_wconf 88' lang='lat' dir='ltr'><strong>paeto</strong></span> <span class='ocrx_word' id='word_1_404' title='bbox 571 3701 597 3736; x_wconf 89' lang='lat' dir='ltr'><strong>se</strong></span> <span class='ocrx_word' id='word_1_405' title='bbox 614 3684 733 3751; x_wconf 85' lang='lat' dir='ltr'><strong>expedire</strong></span> <span class='ocrx_word' id='word_1_406' title='bbox 750 3690 865 3747; x_wconf 90' lang='lat' dir='ltr'><strong>conatus,</strong></span> <span class='ocrx_word' id='word_1_407' title='bbox 883 3684 958 3748; x_wconf 89' lang='lat' dir='ltr'><strong>quod,</strong></span> <span class='ocrx_word' id='word_1_408' title='bbox 976 3690 1006 3735; x_wconf 94' lang='lat' dir='ltr'><strong>ut</strong></span> <span class='ocrx_word' id='word_1_409' title='bbox 1024 3684 1068 3746; x_wconf 91' lang='lat' dir='ltr'><strong>ait,</strong></span> <span class='ocrx_word' id='word_1_410' title='bbox 1086 3685 1162 3735; x_wconf 89' lang='lat' dir='ltr'><strong>Prae·</strong></span> 
     </span>
     <span class='ocr_line' id='line_1_47' title="bbox 35 3751 1161 3818; baseline -0.001 -15"><span class='ocrx_word' id='word_1_411' title='bbox 35 3754 141 3804; x_wconf 79' lang='lat' dir='ltr'><strong>iectura</strong></span> <span class='ocrx_word' id='word_1_412' title='bbox 157 3751 235 3803; x_wconf 89' lang='lat' dir='ltr'><strong>Urbis</strong></span> <span class='ocrx_word' id='word_1_413' title='bbox 253 3753 376 3806; x_wconf 82' lang='lat' dir='ltr'><strong>duntaxat</strong></span> <span class='ocrx_word' id='word_1_414' title='bbox 389 3753 507 3804; x_wconf 78' lang='lat' dir='ltr'><strong>Officium</strong></span> <span class='ocrx_word' id='word_1_415' title='bbox 524 3758 586 3814; x_wconf 87' lang='lat' dir='ltr'><strong>erat,</strong></span> <span class='ocrx_word' id='word_1_416' title='bbox 604 3769 655 3803; x_wconf 88' lang='lat' dir='ltr'><strong>non</strong></span> <span class='ocrx_word' id='word_1_417' title='bbox 665 3753 839 3816; x_wconf 84' lang='lat' dir='ltr'><strong>Magistratus,</strong></span> <span class='ocrx_word' id='word_1_418' title='bbox 857 3753 1005 3804; x_wconf 88' lang='lat' dir='ltr'><strong>iamdudum</strong></span> <span class='ocrx_word' id='word_1_419' title='bbox 1022 3751 1161 3818; x_wconf 85' lang='lat' dir='ltr'><strong>vapulavit.</strong></span> 
     </span>
     <span class='ocr_line' id='line_1_48' title="bbox 34 3820 1162 3886; baseline -0.003 -14"><span class='ocrx_word' id='word_1_420' title='bbox 34 3820 202 3885; x_wconf 79' lang='lat' dir='ltr'><strong>Rutgereins,</strong></span> <span class='ocrx_word' id='word_1_421' title='bbox 220 3820 248 3871; x_wconf 84' lang='grc' dir='ltr'><strong>Τ.</strong></span> <span class='ocrx_word' id='word_1_422' title='bbox 259 3820 348 3884; x_wconf 85' lang='lat' dir='ltr'><strong>Faber,</strong></span> <span class='ocrx_word' id='word_1_423' title='bbox 366 3822 547 3886; x_wconf 88' lang='lat' dir='ltr'><strong>Dacieriusque</strong></span> <span class='ocrx_word' id='word_1_424' title='bbox 564 3822 606 3872; x_wconf 88' lang='lat' dir='ltr'><strong>hic</strong></span> <span class='ocrx_word' id='word_1_425' title='bbox 625 3820 830 3886; x_wconf 86' lang='lat' dir='ltr'><strong>subintelligunt,</strong></span> <span class='ocrx_word' id='word_1_426' title='bbox 849 3826 991 3886; x_wconf 87' lang='lat' dir='ltr'><strong>tamquam,</strong></span> <span class='ocrx_word' id='word_1_427' title='bbox 1010 3822 1102 3886; x_wconf 83' lang='lat' dir='ltr'><strong>quasi.-</strong></span> <span class='ocrx_word' id='word_1_428' title='bbox 1119 3820 1162 3870; x_wconf 83' lang='lat' dir='ltr'><strong>lta</strong></span> 
     </span>
     <span class='ocr_line' id='line_1_49' title="bbox 33 3889 1161 3956; baseline -0.003 -16"><span class='ocrx_word' id='word_1_429' title='bbox 33 3904 123 3956; x_wconf 79' lang='lat' dir='ltr'><strong>parce</strong></span> <span class='ocrx_word' id='word_1_430' title='bbox 141 3891 253 3939; x_wconf 72' lang='lat' dir='ltr'><strong>annium</strong></span> <span class='ocrx_word' id='word_1_431' title='bbox 271 3906 378 3953; x_wconf 79' lang='lat' dir='ltr'><strong>cavere,</strong></span> <span class='ocrx_word' id='word_1_432' title='bbox 401 3895 528 3955; x_wconf 90' lang='lat' dir='ltr'><strong>tamquam</strong></span> <span class='ocrx_word' id='word_1_433' title='bbox 552 3890 574 3939; x_wconf 91' lang='lat' dir='ltr'><strong>si</strong></span> <span class='ocrx_word' id='word_1_434' title='bbox 596 3892 722 3954; x_wconf 81' lang='lat' dir='ltr'><strong>priuatus</strong></span> <span class='ocrx_word' id='word_1_435' title='bbox 744 3889 818 3940; x_wconf 85' lang='lat' dir='ltr'><strong>fores.</strong></span> <span class='ocrx_word' id='word_1_436' title='bbox 854 3889 927 3944; x_wconf 80' lang='lat' dir='ltr'><strong>Quod</strong></span> <span class='ocrx_word' id='word_1_437' title='bbox 945 3904 1020 3953; x_wconf 87' lang='lat' dir='ltr'><strong>quam</strong></span> <span class='ocrx_word' id='word_1_438' title='bbox 1039 3893 1161 3948; x_wconf 89' lang='lat' dir='ltr'><strong>coactum,</strong></span> 
     </span>
     <span class='ocr_line' id='line_1_50' title="bbox 34 3955 1161 4024; baseline -0.004 -17"><span class='ocrx_word' id='word_1_439' title='bbox 34 3958 148 4019; x_wconf 79' lang='lat' dir='ltr'><strong>durnin,</strong></span> <span class='ocrx_word' id='word_1_440' title='bbox 172 3961 198 4007; x_wconf 91' lang='lat' dir='ltr'><strong>et</strong></span> <span class='ocrx_word' id='word_1_441' title='bbox 214 3958 269 4007; x_wconf 89' lang='lat' dir='ltr'><strong>sine</strong></span> <span class='ocrx_word' id='word_1_442' title='bbox 287 3957 400 4024; x_wconf 82' lang='lat' dir='ltr'><strong>exemplo</strong></span> <span class='ocrx_word' id='word_1_443' title='bbox 418 3959 465 4020; x_wconf 91' lang='lat' dir='ltr'><strong>sit,</strong></span> <span class='ocrx_word' id='word_1_444' title='bbox 489 3974 563 4008; x_wconf 88' lang='lat' dir='ltr'><strong>nemo</strong></span> <span class='ocrx_word' id='word_1_445' title='bbox 579 3973 633 4007; x_wconf 87' lang='lat' dir='ltr'><strong>nou</strong></span> <span class='ocrx_word' id='word_1_446' title='bbox 650 3957 732 4007; x_wconf 86' lang='lat' dir='ltr'><strong>videt:</strong></span> <span class='ocrx_word' id='word_1_447' title='bbox 757 3962 783 4008; x_wconf 91' lang='lat' dir='ltr'><strong>et</strong></span> <span class='ocrx_word' id='word_1_448' title='bbox 800 3958 890 4007; x_wconf 87' lang='lat' dir='ltr'><strong>merito</strong></span> <span class='ocrx_word' id='word_1_449' title='bbox 908 3956 1058 4021; x_wconf 81' lang='lat' dir='ltr'><strong>Rutgersius</strong></span> <span class='ocrx_word' id='word_1_450' title='bbox 1076 3955 1104 4004; x_wconf 91' lang='lat' dir='ltr'><strong>in</strong></span> <span class='ocrx_word' id='word_1_451' title='bbox 1122 3970 1161 4004; x_wconf 90' lang='lat' dir='ltr'><strong>re·</strong></span> 
     </span>
     <span class='ocr_line' id='line_1_51' title="bbox 32 4025 1161 4092; baseline -0.002 -17"><span class='ocrx_word' id='word_1_452' title='bbox 32 4027 123 4091; x_wconf 89' lang='lat' dir='ltr'><strong>petita</strong></span> <span class='ocrx_word' id='word_1_453' title='bbox 141 4025 264 4075; x_wconf 82' lang='lat' dir='ltr'><strong>Editiane</strong></span> <span class='ocrx_word' id='word_1_454' title='bbox 283 4027 396 4076; x_wconf 89' lang='lat' dir='ltr'><strong>notulam</strong></span> <span class='ocrx_word' id='word_1_455' title='bbox 412 4027 478 4076; x_wconf 88' lang='lat' dir='ltr'><strong>hanc</strong></span> <span class='ocrx_word' id='word_1_456' title='bbox 502 4026 611 4092; x_wconf 79' lang='lat' dir='ltr'><strong>spongia</strong></span> <span class='ocrx_word' id='word_1_457' title='bbox 636 4025 736 4075; x_wconf 88' lang='lat' dir='ltr'><strong>delevit.</strong></span> <span class='ocrx_word' id='word_1_458' title='bbox 773 4025 822 4076; x_wconf 88' lang='lat' dir='ltr'><strong>Sed</strong></span> <span class='ocrx_word' id='word_1_459' title='bbox 840 4025 1014 4075; x_wconf 86' lang='lat' dir='ltr'><strong>emendatione</strong></span> <span class='ocrx_word' id='word_1_460' title='bbox 1031 4039 1083 4071; x_wconf 87' lang='lat' dir='ltr'><strong>rem</strong></span> <span class='ocrx_word' id='word_1_461' title='bbox 1101 4039 1161 4073; x_wconf 86' lang='lat' dir='ltr'><strong>aon·</strong></span> 
     </span>
     <span class='ocr_line' id='line_1_52' title="bbox 33 4089 1161 4160; baseline -0.001 -17"><span class='ocrx_word' id='word_1_462' title='bbox 33 4095 113 4145; x_wconf 88' lang='lat' dir='ltr'><strong>ficere</strong></span> <span class='ocrx_word' id='word_1_463' title='bbox 132 4094 189 4145; x_wconf 81' lang='lat' dir='ltr'><strong>vult</strong></span> <span class='ocrx_word' id='word_1_464' title='bbox 205 4094 297 4145; x_wconf 84' lang='lat' dir='ltr'><strong>Daniel</strong></span> <span class='ocrx_word' id='word_1_465' title='bbox 314 4094 445 4155; x_wconf 87' lang='lat' dir='ltr'><strong>Heinsius,</strong></span> <span class='ocrx_word' id='word_1_466' title='bbox 463 4110 510 4160; x_wconf 91' lang='lat' dir='ltr'><strong>pro</strong></span> <span class='ocrx_word' id='word_1_467' title='bbox 522 4095 606 4144; x_wconf 79' lang='lat' dir='ltr'><strong>Parce</strong></span> <span class='ocrx_word' id='word_1_468' title='bbox 623 4093 780 4143; x_wconf 86' lang='lat' dir='ltr'><strong>substituens</strong></span> <span class='ocrx_word' id='word_1_469' title='bbox 798 4094 893 4151; x_wconf 82' lang='lat' dir='ltr'><strong>Parte3</strong></span> <span class='ocrx_word' id='word_1_470' title='bbox 911 4091 978 4156; x_wconf 90' lang='lat' dir='ltr'><strong>qnod</strong></span> <span class='ocrx_word' id='word_1_471' title='bbox 996 4096 1022 4141; x_wconf 90' lang='lat' dir='ltr'><strong>et</strong></span> <span class='ocrx_word' id='word_1_472' title='bbox 1039 4089 1084 4140; x_wconf 88' lang='lat' dir='ltr'><strong>diu</strong></span> <span class='ocrx_word' id='word_1_473' title='bbox 1102 4095 1161 4142; x_wconf 89' lang='lat' dir='ltr'><strong>ante</strong></span> 
     </span>
     <span class='ocr_line' id='line_1_53' title="bbox 32 4159 1161 4226; baseline -0.003 -13"><span class='ocrx_word' id='word_1_474' title='bbox 32 4178 95 4213; x_wconf 89' lang='lat' dir='ltr'><strong>eum</strong></span> <span class='ocrx_word' id='word_1_475' title='bbox 114 4162 211 4213; x_wconf 80' lang='lat' dir='ltr'><strong>iecerat</strong></span> <span class='ocrx_word' id='word_1_476' title='bbox 227 4163 372 4212; x_wconf 89' lang='lat' dir='ltr'><strong>Matthaeus</strong></span> <span class='ocrx_word' id='word_1_477' title='bbox 389 4161 516 4223; x_wconf 80' lang='lat' dir='ltr'><strong>Reatinis,</strong></span> <span class='ocrx_word' id='word_1_478' title='bbox 540 4163 616 4212; x_wconf 84' lang='lat' dir='ltr'><strong>horno</strong></span> <span class='ocrx_word' id='word_1_479' title='bbox 633 4161 822 4226; x_wconf 88' lang='lat' dir='ltr'><strong>ineptissimus:</strong></span> <span class='ocrx_word' id='word_1_480' title='bbox 858 4159 1039 4223; x_wconf 80' lang='lat' dir='ltr'><strong>,‚Negligens,</strong></span> <span class='ocrx_word' id='word_1_481' title='bbox 1056 4174 1091 4208; x_wconf 89' lang='lat' dir='ltr'><strong>ne</strong></span> <span class='ocrx_word' id='word_1_482' title='bbox 1108 4175 1161 4224; x_wconf 74' lang='lat' dir='ltr'><strong>qua</strong></span> 
     </span>
     <span class='ocr_line' id='line_1_54' title="bbox 30 4227 1161 4298; baseline -0.004 -16"><span class='ocrx_word' id='word_1_483' title='bbox 30 4233 159 4298; x_wconf 77' lang='lat' dir='ltr'><strong>papulus</strong></span> <span class='ocrx_word' id='word_1_484' title='bbox 177 4231 280 4281; x_wconf 71' lang='lat' dir='ltr'><strong>latam</strong></span> <span class='ocrx_word' id='word_1_485' title='bbox 296 4231 370 4280; x_wconf 87' lang='lat' dir='ltr'><strong>Parte</strong></span> <span class='ocrx_word' id='word_1_486' title='bbox 385 4233 519 4297; x_wconf 62' lang='lat' dir='ltr'><strong>punctus,</strong></span> <span class='ocrx_word' id='word_1_487' title='bbox 536 4232 649 4282; x_wconf 83' lang='lat' dir='ltr'><strong>nimium</strong></span> <span class='ocrx_word' id='word_1_488' title='bbox 668 4232 787 4281; x_wconf 80' lang='lat' dir='ltr'><strong>cavere.“</strong></span> <span class='ocrx_word' id='word_1_489' title='bbox 810 4230 876 4279; x_wconf 84' lang='lat' dir='ltr'><strong>Sane</strong></span> <span class='ocrx_word' id='word_1_490' title='bbox 893 4232 971 4294; x_wconf 80' lang='lat' dir='ltr'><strong>parte</strong></span> <span class='ocrx_word' id='word_1_491' title='bbox 988 4227 1065 4278; x_wconf 84' lang='lat' dir='ltr'><strong>habet</strong></span> <span class='ocrx_word' id='word_1_492' title='bbox 1082 4228 1161 4279; x_wconf 83' lang='lat' dir='ltr'><strong>codex</strong></span> 
     </span>
    </p>
   </div>
   <div class='ocr_carea' id='block_1_5' title="bbox 0 0 1410 4764">
    <p class='ocr_par' dir='ltr' id='par_1_7' title="bbox 0 0 1410 4764">
     <span class='ocr_line' id='line_1_55' title="bbox 0 0 1410 4764; baseline 0 3"><span class='ocrx_word' id='word_1_493' title='bbox 0 0 1410 4764; x_wconf 95' lang='lat' dir='ltr'><strong> </strong></span> 
     </span>
    </p>
   </div>
  </div>
 </body>
</html>
