2834 4758
603 265 635 326 Q.
657 266 800 314 nouurn
820 267 944 315 sanum

745 454 798 516 VI.

491 570 543 633 IN
571 568 790 636 cassium
818 570 1060 636 SEWERUM.

303 704 390 782 Quid
411 703 596 769 inmerentis
616 704 761 790 hospites
783 725 891 786 vexas,
915 704 1012 783 oanis,

345 791 488 870 Ignarus
508 788 680 854 adversum
702 789 818 875 lupos?

304 874 388 951 Quin
411 875 473 938 huo
495 873 611 951 inanis,
635 874 663 939 si
685 883 787 959 potos,
809 875 907 940 vertis
929 875 1042 952 minas,

344 960 386 1023 ut
406 978 459 1022 me
482 978 696 1023 remorsurum
718 960 825 1044 petis‘t

272 1044 385 1108 sNam
408 1043 514 1126 qualis
536 1051 593 1107 aut
613 1043 772 1110 Molossus
794 1051 852 1108 aut
874 1044 982 1109 fulvus
1004 1045 1121 1120 Lacon,

344 1129 457 1193 Amica
478 1127 527 1193 vis
549 1128 743 1213 pastoribus,

301 1215 407 1294 Agam
428 1233 486 1297 per
507 1212 591 1278 altas
613 1233 691 1278 aure
714 1214 844 1278 sublata
865 1214 958 1287 nivis,

345 1298 573 1380 Quaecumque
594 1298 766 1382 praecedet
786 1299 864 1363 fera.

301 1384 352 1446 'Pu
374 1402 444 1445 oum
467 1382 608 1448 timenda
629 1402 706 1447 voce
728 1383 883 1469 couplesti
904 1402 1028 1459 nemus,

260 1479 290 1527 ro
346 1467 525 1531 Proiectum
547 1467 691 1532 odoraris
713 1468 829 1533 cibum.

302 1550 399 1625 Cave,
421 1571 515 1616 eave:
537 1571 676 1634 uanique
697 1550 731 1616 in
752 1555 856 1618 malos
878 1551 1074 1637 asperrimus

344 1638 462 1700 Parata
483 1636 559 1700 tollo
582 1657 715 1701 oornua:

302 1720 414 1799 Qualis
436 1723 618 1804 Lyoambae
641 1728 770 1805 spretus
792 1721 890 1785 infido
912 1740 1019 1802 gener,

342 1809 409 1870 Aut
429 1826 504 1870 aoer
524 1806 626 1871 hostis
649 1806 783 1891 Bupalo.

260 1903 289 1952 ιι
302 1892 353 1955 Αιι
375 1892 403 1956 si
425 1892 497 1972 quis
519 1898 589 1954 atro
611 1889 706 1955 deute
727 1911 778 1954 me
800 1891 957 1975 petiverit,

342 1976 468 2041 Inuitus
491 1984 526 2039 nt
547 1975 628 2039 flebo
651 1979 751 2060 puer?

742 2126 810 2190 VII.

467 2246 533 2309 AD
562 2242 801 2311 POPULUM
828 2243 1085 2310 ROMANUM.

300 2381 382 2459 Quo,
405 2399 469 2462 quo
492 2378 618 2445 scelesti
639 2379 754 2445 ruitis?
775 2386 832 2443 aut
853 2398 910 2443 our
932 2377 1071 2444 dexteris

342 2465 506 2550 Aptantur
528 2483 621 2529 enses
643 2464 784 2530 conditi?

302 2552 461 2614 Parumne
483 2550 605 2634 campis
627 2556 724 2631 atque
746 2550 895 2633 Neptuno
919 2567 1016 2631 super

345 2636 465 2698 Pusum
489 2639 539 2698 est
560 2634 667 2697 Latini
690 2635 880 2715 sauguinis?

214 2768 321 2816 divorsis
339 2766 486 2816 nominibus
505 2772 639 2831 utrumque
656 2784 741 2817 verum
760 2783 827 2827 esse,
856 2773 881 2815 ot
899 2767 967 2830 quod
992 2770 1091 2815 vertant
1109 2766 1146 2815 fas
1166 2772 1191 2816 et
1209 2767 1291 2827 netas,
1314 2768 1339 2812 et

214 2835 281 2898 quod
299 2850 350 2883 non
369 2838 475 2885 vortant.
503 2835 613 2884 Vertnnt
629 2836 739 2899 quidem,
758 2837 825 2899 quod
844 2834 876 2883 ad
894 2835 964 2898 ipsas
977 2833 1101 2883 veneficas
1119 2835 1226 2884 attinet:
1245 2835 1336 2898 quippo

214 2901 315 2966 quibus,
333 2907 363 2952 ut
382 2903 491 2952 Senecas
509 2903 591 2952 verbis
616 2908 674 2952 utar
691 2902 815 2952 Controv.v
830 2902 863 2951 Π.
893 2904 952 2966 [§8,
971 2903 1075 2965 p.7l‚2
1093 2903 1176 2963 Burs]
1205 2917 1281 2951 omas
1297 2904 1336 2960 sur

214 2970 342 3034 russusque
366 2971 439 3020 lucrm
457 2975 507 3030 ost3
535 2986 612 3035 quse,
637 2977 666 3020 ut
684 2971 789 3020 Tacitus
813 2969 930 3033 loquitur
953 2969 1021 3018 Hist.
1038 2969 1073 3027 ΙΙ,
1090 2971 1131 3021 56.
1158 2974 1186 3018 r'n
1205 2986 1281 3019 omno
1297 2970 1336 3030 l'or

215 3040 342 3105 nefasque
359 3038 455 3089 ovidae
471 3044 535 3088 sont
552 3044 577 3088 at
594 3039 712 3097 uenalem
741 3039 811 3094 Quae
829 3039 874 3097 sar
892 3042 974 3102 atquo
996 3037 1073 3097 notus
1091 3040 1191 3101 eroigao
1209 3038 1264 3098 fimo
1282 3037 1335 3086 titi-

215 3109 308 3158 dinum
326 3109 491 3158 Disoormmt
508 3107 616 3158 ovidae:
641 3112 671 3155 ut
689 3106 719 3156 da
738 3105 879 3155 Thracibus
898 3106 991 3154 Noster
1008 3104 1089 3155 Carm.
1108 3106 1128 3165 1,
1142 3107 1181 3166 18,
1196 3107 1233 3155 10.
1258 3107 1336 3168 Atque

211 3179 249 3227 ito
267 3177 378 3240 explieat
395 3176 497 3225 Servius
514 3174 619 3239 Virgilii
635 3174 700 3223 illud
720 3175 821 3238 [Georg.
839 3174 859 3235 1,
868 3175 918 3224 505
937 3211 944 3233 ,
974 3171 1078 3236 Quippe
1101 3175 1148 3221 udi
1164 3172 1216 3232 ⁴sus
1233 3186 1334 3222 vorsum

211 3250 292 3310 atquo
307 3242 394 3305 nefus]
411 3242 512 3307 „Aprud
527 3243 645 3292 dominos
661 3242 776 3303 roiliost,
793 3243 841 3306 qui
857 3246 999 3307 apostatant
1015 3241 1099 3303 licita,
1117 3245 1270 3307 appetentus
1287 3239 1335 3290 illi-

213 3317 293 3363 oita.“
320 3313 377 3360 Non
397 3316 479 3359 tamen
497 3316 599 3359 vertunt
617 3311 699 3373 quoad
718 3315 834 3358 naturam
854 3325 944 3371 rerum,
964 3315 990 3358 et
1007 3310 1119 3358 divinum
1137 3309 1335 3372 providentiam:

213 3384 243 3428 nt
260 3378 385 3441 Virgilius
393 3381 455 3429 don.
474 3378 494 3439 Ι,
505 3379 561 3428 547.
591 3377 641 3440 „Si
655 3392 741 3440 goarus
760 3380 905 3426 dromonum
924 3382 950 3427 ot
967 3377 1093 3426 mortalia
1112 3380 1228 3425 tansitis
1245 3391 1333 3429 armus

213 3447 250 3495 At
266 3450 372 3510 spor-oto
390 3445 450 3494 deos
468 3460 595 3495 memores
613 3444 683 3494 fandi
702 3448 777 3505 atque
796 3444 924 3495 nefandi.“
954 3443 1162 3508 quemadmodum
1181 3450 1207 3494 et
1215 3459 1280 3508 puer
1296 3442 1334 3493 hit

212 3515 323 3563 humana
340 3527 388 3577 ope
406 3511 542 3562 destitutus
560 3513 591 3562 ad
610 3513 669 3562 deos
686 3513 781 3562 ultores
800 3528 826 3561 so
836 3513 974 3564 convertit:
993 3513 1086 3573 „Diris
1104 3528 1183 3575 agam
1195 3527 1240 3560 uos
1246 3530 1256 3572 ,·
1275 3512 1333 3561 diru

213 3582 351 3632 detestatio
369 3578 453 3629 Nulla
471 3583 599 3644 rapiatur
615 3583 750 3631 viotimo.“
774 3582 903 3629 Postremo
921 3586 998 3644 negat
1015 3580 1135 3629 veneficia
1153 3585 1256 3628 vortere
1270 3583 1334 3629 uices

211 3652 351 3711 doemonas,
369 3648 422 3697 sive
439 3649 549 3711 effugers
566 3663 639 3712 posse
656 3663 772 3713 poenam,
792 3664 856 3712 quae
875 3648 965 3697 claudo
984 3648 1044 3697 lioet
1061 3648 1125 3712 pede
1144 3648 1262 3696 scelestos
1281 3654 1333 3697 tsn-

211 3719 267 3767 dom
285 3716 456 3780 oonsequitur.
492 3715 585 3775 Viros,
610 3722 638 3765 ut
656 3717 752 3779 optimo
775 3716 817 3765 hio
837 3716 1009 3780 Porphyrion,
1037 3715 1210 3780 appellantur
1226 3729 1334 3780 pomona.

212 3802 281 3851 ptrue
298 3787 326 3834 in
344 3785 488 3834 sceleratos
504 3788 680 3847 regmnmmr:
699 3788 729 3832 ut
746 3785 839 3832 Noster
857 3781 938 3831 Oorm.
949 3784 970 3842 1,
989 3784 1030 3845 28,
1044 3785 1083 3835 32.
1112 3820 1129 3846 ,‚
1143 3798 1188 3832 ors
1206 3782 1333 3832 etDudito

212 3858 283 3915 iuro,
301 3854 417 3918 visosque
433 3852 564 3916 stupendos
580 3849 614 3899 To
631 3856 759 3900 moneant
774 3853 877 3914 ipsum:
895 3852 1019 3915 precibus
1036 3866 1090 3901 noo
1109 3852 1217 3915 lioqrtor
1235 3851 1335 3905 inultis,

216 3919 301 3985 Τοιμιο
323 3921 432 3985 pineolo
462 3920 538 3969 neella
560 3919 716 3969 resolvent.“
747 3925 773 3968 st
790 3919 896 3968 Ovidius
915 3919 991 3970 Trist.
1012 3919 1060 3979 111,
1078 3921 1116 3970 11.
1145 3922 1175 3980 [v.
1190 3920 1233 3980 67]
1262 3919 1334 3978 „Ho-

211 4003 349 4051 mauaoqne
366 4002 466 4037 mernor·
482 3989 570 4049 sortis,
589 4001 657 4051 quus
675 3985 746 4036 tollit
762 3987 864 4036 eosdem
874 3986 909 4035 Et
920 3989 1037 4050 premit:
1055 3988 1335 4050 incertosipsoosrora

211 4056 304 4105 riuos.“
329 4058 411 4118 Atque
428 4055 489 4104 huso
507 4054 609 4118 quidem
626 4054 684 4103 ideo
701 4053 819 4117 diximus,
838 4070 868 4103 no
880 4054 946 4103 nihil
957 4055 1103 4103 dioeremus.
1128 4054 1233 4102 Frustra
1242 4060 1334 4110 tomen,

210 4123 309 4186 opinor,
327 4121 399 4171 labor
416 4123 498 4172 omnis
516 4121 685 4186 impenditur:
708 4127 733 4171 et
750 4123 858 4171 fortasse
877 4122 959 4170 locum
978 4122 1092 4186 spurium
1110 4126 1135 4170 et
1153 4121 1334 4187 interpolatum

212 4204 336 4247 nstramus,
355 4189 398 4250 qui
417 4189 471 4238 solo
488 4189 596 4251 spongia
613 4189 697 4237 sonori
716 4190 818 4252 poterit,
838 4189 908 4238 nullo
927 4189 978 4238 adia
995 4189 1128 4238 medicina.
