2834 4758
216 272 280 335 254
607 286 639 346 o.
661 286 803 334 nonaum
823 287 948 336 rancor

302 420 368 488 Sed
389 440 452 485 uon
474 421 555 487 haec
576 420 655 486 mihi
675 421 741 499 ris;
763 440 823 487 nec
843 421 902 486 tibi
924 420 1038 486 talium

260 521 291 571 10
303 508 368 572 Res
391 512 441 572 est
462 513 519 570 aut
540 506 666 572 animus
688 506 874 572 deliciarum
897 525 1006 587 egeus.

301 590 433 659 Gaudes
455 590 664 659 carminibus:
686 591 829 657 carmina
849 610 1022 676 possumus

299 678 438 753 Durare,
461 681 493 740 et
514 675 652 760 pretium
674 675 780 741 dicere
801 675 935 741 muneri.

300 763 373 828 Non
394 760 497 826 incisa
517 760 601 826 notis
622 780 784 826 marmora
804 760 951 846 puhlicis,

299 850 362 913 Per
383 865 467 929 quae
489 845 621 931 spiritus
643 852 675 910 et
695 846 762 912 rita
782 846 866 912 redit
886 846 979 912 bonis

258 947 288 997 15
301 935 380 998 Post
401 936 536 995 mortem
558 930 709 1010 ducibus3
731 950 795 995 non
817 931 938 998 celeres
960 931 1058 1012 fugae

297 1018 510 1098 Reieetaeque
532 1024 705 1081 retrorsum
728 1015 918 1082 Hannibalis
940 1015 1062 1095 minae3

225 1145 231 1151 ‚
298 1105 371 1169 Non
392 1100 538 1166 incendia
561 1100 766 1182 Carthaginis
786 1101 905 1187 inpiae,

614 1217 927 1285 awmmm

282 1374 305 1423 9.
323 1369 386 1422 Non
405 1373 455 1422 tibi
472 1371 576 1434 talium]
612 1370 765 1421 Blandinius
783 1372 979 1436 antiquissimus
1000 1387 1059 1421 cum
1076 1371 1219 1421 Graerisno
1236 1377 1337 1433 nostro,

212 1440 369 1504 Baginensi,
387 1443 413 1489 et
429 1438 577 1489 melioribus
595 1439 668 1500 eliis,
686 1448 743 1490 nc'c.
778 1439 852 1495 Quod
870 1440 918 1489 etsi
936 1438 991 1489 leve
1008 1444 1063 1503 est,
1088 1454 1139 1488 non
1164 1439 1222 1488 ideo
1250 1444 1339 1490 umen

212 1508 405 1573 neglegendum.

282 1578 320 1627 12.
338 1575 457 1625 hedam
481 1574 569 1624 dicere
591 1577 707 1637 manera]
742 1573 831 1623 Editio
849 1574 948 1624 Veneta
973 1576 1092 1637 maneri,
1110 1575 1264 1625 Germanica
1281 1576 1338 1625 Lo·

212 1644 294 1693 scheri
312 1646 437 1693 muneris.
473 1642 536 1692 Inde
554 1644 582 1693 in
601 1640 765 1707 sequentibus
789 1659 836 1707 pro
860 1644 931 1692 vario
956 1644 1127 1706 Interpretum
1150 1642 1248 1693 indicio
1266 1659 1338 1693 nune

211 1713 267 1775 hoc,
285 1727 353 1761 nnnc
372 1711 437 1761 illud
455 1710 569 1761 obtinuit
587 1715 612 1760 et
629 1710 711 1760 adhuc
727 1709 833 1761 obtinet.
869 1711 918 1760 Sed
936 1710 1050 1761 melioris
1066 1715 1141 1761 notae
1160 1709 1282 1773 Codices,
1308 1712 1337 1761 in

211 1778 304 1843 quibus
321 1779 452 1829 leidensis
475 1784 560 1830 noster
583 1784 609 1828 et
634 1779 791 1828 Graecianus
815 1794 873 1828 cum
896 1778 954 1828 aliis
978 1781 1085 1829 anteneri
1092 1796 1100 1840 ;
1126 1783 1202 1842 atque
1225 1778 1256 1829 id
1280 1779 1337 1829 sine
1412 1804 1413 1821 1

212 1846 290 1897 dubio
308 1849 410 1898 rectius.
438 1848 559 1898 Heliam
578 1847 666 1897 dicere
682 1849 796 1909 mrrneri,
814 1847 832 1900 i.
842 1863 864 1898 e.
882 1852 1007 1910 statuere,
1022 1862 1131 1911 ponera
1160 1846 1338 1897 TerentPro·

209 1916 260 1980 log.
269 1916 383 1983 Hecyrae
403 1919 434 1978 [a
446 1918 502 1977 ln:
531 1914 581 1978 „Si
597 1929 743 1979 nanrqaam
760 1929 844 1964 acore
862 1914 971 1980 pretium
989 1915 1068 1964 statui
1086 1915 1137 1964 arti
1154 1919 1255 1965 nmac.“
1291 1916 1336 1965 Se-

210 2000 273 2034 neca
281 1984 366 2049 Epist.
380 1986 420 2036 87.
441 1983 467 2048 [ξ
479 1985 520 2045 18]
547 1982 630 2046 „Qum
648 1983 726 2047 pleno
745 1983 844 2035 maculo
861 1983 942 2033 ullum
960 1983 1071 2048 pretium
1089 1983 1172 2048 ponit,
1189 1985 1245 2033 nisi
1262 1984 1338 2047 qaod

209 2057 339 2118 pecuniae
356 2056 385 2102 in
405 2067 435 2103 ca
454 2051 578 2102 conditae
595 2066 722 2100 numeram
733 2050 854 2113 effecitt‘
882 2051 924 2101 Sic
939 2051 1123 2102 dicerealicai
1131 2051 1209 2115 iliam,
1226 2066 1336 2117 nomen,

209 2121 336 2171 mulctam
355 2125 402 2172 etc.
1054 2130 1058 2137 ¹

279 2191 318 2240 l'i.
336 2187 399 2239 Non
417 2186 544 2238 incendia
564 2178 746 2251 Carthaginis]
781 2186 892 2236 Omnino
910 2190 1019 2236 meretur
1035 2186 1078 2237 hic
1096 2186 1175 2250 locus,
1191 2186 1231 2236 vel
1249 2187 1336 2251 ipsius

209 2257 313 2306 Horatii
330 2273 415 2320 causa,
433 2256 506 2305 cuius
523 2256 604 2305 honos
622 2260 648 2304 et
666 2254 783 2304 doctrina
799 2255 843 2305 hic
860 2255 968 2305 maxime
987 2255 1174 2320 periclitantur,
1192 2254 1336 2319 diligenter

209 2325 326 2390 expendi.
362 2323 442 2389 „Non
466 2324 564 2374 celeres
580 2321 665 2388 sagae
688 2320 861 2388 lleieetacqas
884 2329 1032 2374 retrorsum
1050 2323 1209 2374 Hannibalis
1226 2326 1333 2384 minam

208 2391 271 2443 Non
289 2394 414 2443 incendia
440 2391 612 2457 Carthaginis
629 2393 745 2456 impiae,
768 2390 836 2441 Eius
863 2394 910 2456 qai
934 2392 1036 2442 domita
1059 2407 1155 2442 nomen
1181 2393 1214 2442 ab
1232 2392 1334 2453 Africa

208 2459 343 2511 ineratus
360 2461 449 2520 rediit,
468 2461 570 2511 clarism
587 2459 712 2509 indicent
727 2457 841 2521 Laudes,
860 2475 940 2523 qaam
960 2458 1090 2511 Calabrae
1106 2460 1251 2509 Pierides.“
1275 2459 1333 2524 ubi,

206 2533 237 2579 ut
253 2529 329 2579 hodie
347 2530 450 2594 quidem
466 2529 587 2579 exhibent
604 2543 690 2577 omues
706 2527 801 2590 ubique
819 2527 934 2592 codices,
963 2528 1009 2577 hoc
1028 2526 1094 2577 clare
1112 2527 1222 2578 dicitur:
1248 2525 1333 2589 „Nan
1414 2574 1415 2597 2

207 2598 344 2647 Hannibal
361 2613 395 2646 em
412 2596 494 2646 ltalia
511 2595 639 2659 fugatim,
667 2601 694 2644 ct
715 2600 788 2645 retra
806 2598 835 2645 in
852 2593 966 2661 Libyam
983 2596 1091 2660 pralsus,
1118 2611 1173 2647 naa
1192 2594 1333 2661 Carthago

207 2669 331 2728 incensa,
356 2665 457 2714 clarius
481 2663 605 2712 indicant
622 2663 715 2714 laudes
733 2662 869 2729 Scipionis
885 2662 1028 2727 Africani,
1052 2678 1132 2729 qaam
1149 2663 1227 2714 Musa
1244 2662 1335 2715 Ennii

209 2732 333 2794 Calabri,
358 2735 405 2796 qai
429 2731 491 2782 belli
507 2731 604 2780 Pernici
628 2733 768 2782 historiam
793 2732 910 2781 uersibus
929 2732 1073 2781 condidit.“
1107 2732 1138 2781 In
1156 2730 1251 2796 quibus
1268 2732 1332 2782 hor·

207 2799 291 2849 ribilis
309 2815 369 2848 sane
387 2798 557 2849 hallucinatio
576 2803 627 2860 est,
651 2814 716 2862 quae
740 2799 781 2848 rix
804 2800 832 2849 in
851 2799 923 2848 illum
941 2800 1069 2849 hominem
1092 2800 1123 2850 ds
1146 2799 1230 2850 media
1252 2799 1331 2864 plebe

207 2867 295 2916 cadere
319 2867 412 2932 potnit.
447 2868 533 2916 Primo
558 2867 625 2916 enim
649 2868 808 2917 Hannibalis
825 2867 919 2932 fugam
938 2873 964 2917 et
983 2867 1156 2933 Carthaginis
1173 2867 1331 2919 incendium

206 2935 252 2984 uni
271 2940 296 2984 et
313 2936 395 2985 eidem
404 2935 521 3000 Scipioni
529 2933 658 2986 adscribit.
682 2936 762 3000 Atqui
779 2936 951 2986 Hannibalem
969 2952 998 2985 ex
1016 2936 1093 2986 ltalia
1110 2936 1217 2987 retraxit
1227 2937 1254 2986 P.
1266 2934 1348 2986 Cer-¹

206 3003 289 3053 nelias
306 3007 335 3056 P.
352 3005 382 3058 F.
397 3003 493 3069 Scipio,
511 3019 578 3053 anno
596 3003 627 3052 ab
645 3003 714 3053 Urbe
732 3004 835 3053 condita
853 3004 915 3063 DL3
941 3004 1058 3069 idemque
1082 3005 1148 3054 diem
1171 3020 1245 3054 suum
1263 3004 1333 3056 obiit

205 3072 274 3123 circa
291 3088 386 3123 aunum
403 3071 518 3122 DLXVI.
556 3070 735 3136 Carthaginem
752 3088 811 3122 reru
828 3072 945 3122 incendit
962 3073 990 3122 P.
1001 3071 1133 3123 Cornelius
1144 3073 1233 3137 Scipio
1242 3073 1331 3123 Aemi·

204 3140 298 3201 banus,
315 3142 385 3192 filius
403 3141 504 3206 quidem
521 3140 553 3189 L.
572 3140 657 3190 Paulli
674 3140 780 3189 Aemilii
796 3141 931 3205 naturalis,
949 3156 1028 3205 nepos
1045 3157 1103 3190 vero
1122 3141 1262 3206 superioris
1271 3140 1330 3191 Sci·

204 3209 291 3273 pionis
308 3210 452 3275 adoptivus,
470 3211 499 3259 A.
510 3208 541 3260 U.
552 3207 582 3259 0.
598 3208 701 3271 DCVII,
719 3207 778 3273 plns
795 3208 926 3258 annisXL
944 3207 976 3259 ab
994 3209 1098 3258 alterins
1116 3207 1198 3259 obitu.
1228 3208 1330 3259 Deinde

203 3278 317 3328 Ennium
336 3279 424 3328 innuit
440 3278 468 3328 in
487 3282 602 3342 poemate
619 3293 665 3327 suo
675 3276 839 3341 Carthaginis
849 3277 995 3327 incendium
1008 3277 1138 3341 attigisse,
1157 3292 1213 3327 cum
1222 3275 1331 3328 Ennius

203 3345 492 3400 A.U.0.DLxxx1V.
511 3349 626 3395 mortuus
644 3346 686 3407 sit,
704 3361 786 3408 neque
801 3345 913 3395 Annales
930 3361 989 3395 suos
1006 3345 1074 3394 ultra
1090 3360 1185 3395 annum
1202 3343 1331 3395 DlLXVll

204 3412 343 3463 deduxerit.
379 3414 522 3470 Quidnam
548 3413 594 3463 illo
611 3413 698 3475 facias,
718 3413 763 3478 qui
780 3413 843 3463 talia
860 3418 979 3478 portenta
996 3412 1123 3474 admittit;
1148 3414 1193 3477 qui
1218 3427 1293 3462 arum
1313 3429 1331 3465 a

203 3485 303 3544 nepote,
322 3482 447 3530 Punicum
464 3481 559 3531 bellum
577 3482 715 3531 secundum
732 3497 747 3530 a
765 3481 851 3540 tertio,
868 3482 951 3531 nescit
968 3481 1140 3545 distinguere3
1159 3481 1205 3544 qni
1221 3479 1328 3531 dimidii

203 3548 298 3598 saeculi
315 3549 476 3598 intervallum
494 3565 586 3614 susque
604 3550 685 3614 daque
702 3548 797 3599 habat?
832 3550 926 3600 Tamen
949 3550 1012 3600 haec
1029 3549 1192 3600 dissimulant
1208 3547 1329 3614 plerique

202 3617 373 3682 Interpretes,
391 3633 452 3681 prae
470 3618 622 3668 verecundia
638 3618 733 3683 magis,
759 3622 789 3667 ut
806 3617 971 3678 crediderim,
989 3633 1063 3682 quam
1081 3617 1240 3682 ignorantia:
1274 3616 1328 3667 soli

202 3683 342 3735 Chabotins
359 3685 532 3749 Ducariusqne
557 3686 668 3751 ingenue
693 3691 719 3736 et
745 3690 832 3751 aperte
850 3685 950 3750 eulpam
968 3690 1093 3751 arguunt,
1118 3686 1145 3735 in
1170 3701 1199 3735 eo
1224 3687 1327 3735 tantam
1394 3730 1397 3737 .

201 3753 300 3813 iniurii,
319 3753 386 3818 qnod
398 3754 507 3804 Horatio
519 3754 571 3819 ipsi
580 3755 676 3805 crimen
686 3755 840 3819 impingant,
858 3769 910 3803 non
927 3753 1041 3804 librariis
1057 3754 1144 3818 potius
1161 3753 1247 3803 omnia
1264 3767 1329 3803 oon·

201 3822 394 3873 terminantibus.
419 3822 487 3879 Quid
505 3823 590 3873 enimi
610 3838 643 3872 an
660 3823 713 3885 ille,
731 3839 758 3872 re
775 3823 828 3873 iere
845 3828 953 3884 recente,
972 3828 1025 3872 tum
1039 3822 1066 3872 id
1074 3822 1237 3887 ignoraverit,
1255 3820 1328 3884 quod

199 3890 276 3940 hodie
293 3890 391 3940 decimo
415 3898 441 3941 et
466 3891 575 3957 septimo
599 3896 659 3957 post
683 3890 784 3941 saeculo
801 3890 876 3956 pueri
893 3890 1018 3941 decennes
1034 3891 1137 3941 sciunt?
1171 3889 1260 3940 Fidem
1277 3888 1327 3938 ho-

199 3958 297 4009 minum
314 3958 486 4025 appellamus:
522 3975 602 4040 apape
628 3964 680 4009 tam
703 3975 821 4010 vesanam
838 3958 1023 4040 suspicionem:
1059 3973 1196 4023 numquam
1220 3957 1283 4017 hoc,
1310 3973 1328 4006 o

198 4025 297 4089 Flacca,
317 4027 347 4077 de
365 4032 390 4077 te
409 4028 551 4079 credemus:
578 4025 674 4083 Allan
692 4020 731 4077 ἐπ’
751 4023 842 4082 telate
859 4020 941 4076 τπδ’
954 4020 1112 4088 iambicam
1126 4022 1225 4092 ψόγον.
1253 4024 1325 4081 Quid

199 4095 266 4143 enim
291 4095 384 4157 vullis,
412 4097 528 4146 eboni?
561 4095 695 4145 nullumne
720 4094 812 4146 habuit
834 4096 973 4145 amicorum
998 4095 1122 4158 (recitare
1140 4093 1206 4144 enim
1225 4094 1259 4143 iis
1276 4109 1326 4142 sua

199 4162 285 4211 omnia
303 4166 362 4212 ante
381 4163 518 4213 editionem
536 4163 643 4225 solebat)
668 4164 712 4228 qui
739 4169 791 4213 tam
818 4163 984 4228 conspicuum
1004 4179 1112 4214 errorem
1130 4162 1218 4213 tollere
1235 4166 1324 4226 posset
