2840 4752
396 280 579 328 SERMONUM
600 280 666 326 LIB.
690 280 725 326 11.
749 274 772 324 4.

53 429 85 478 15
100 414 200 480 Oaule
222 413 415 490 suburbano,
439 412 493 494 qui
516 412 608 479 siccis
630 413 729 479 crevit
748 412 782 478 in
805 412 902 495 agris,

95 499 242 566 Dulcior:
264 499 390 580 inriguo
412 499 491 566 nihil
513 505 562 564 cst
583 497 701 563 elutius
723 497 824 562 horto.
884 544 887 551 -

97 584 134 652 Si
154 604 210 650 res
235 584 355 649 artinas
378 583 484 650 subito
506 590 537 649 te
559 583 754 668 oppresserit
775 582 911 668 hospes;

96 669 146 734 Ne
168 606 290 751 gadira
310 669 430 733 malurn
453 675 620 754 responset
641 667 723 733 dura
767 668 862 743 alato,

95 756 218 819 Doctus
241 753 303 819 cris
325 754 430 820 vivam
453 760 559 819 musto
580 773 722 819 mersare
743 689 895 818 Falerno:

54 851 87 902 20
101 839 170 904 Hoc
192 846 334 904 teneram
356 839 460 903 faciet.
504 839 708 923 pratensibus
730 838 851 923 optima
872 835 981 919 iungis

94 926 221 990 Natura
242 931 308 989 est:
331 923 403 988 aliis
425 923 509 988 male
531 922 679 988 creditur.
723 922 776 988 ille
800 922 937 988 salubris

95 1010 245 1075 Aestates
267 1015 409 1093 peraget,
432 1008 486 1091 qui
508 1008 608 1090 nigris
630 1008 766 1093 prandia
787 1008 885 1073 moris

94 1094 211 1172 Finiet
234 1100 308 1158 ante
329 1113 460 1175 gravem
483 1113 566 1176 quae
589 1093 703 1174 legerit
723 1093 837 1158 arbore
859 1092 969 1157 solem.

95 1179 245 1245 Aufidius
266 1178 340 1243 forti
363 1179 517 1244 miscebat
538 1179 635 1251 mella
655 1179 802 1256 Falerno,

444 1314 468 1346 r.
489 1299 529 1348 19.
553 1296 628 1360 Vulg.
648 1294 735 1347 Muto.

51 1434 160 1484 :ilicetf‘
194 1433 291 1497 „Alma
307 1433 418 1497 propria
437 1431 514 1481 tellas
532 1434 602 1494 est,“
628 1432 666 1481 ait
683 1431 785 1481 Servius
803 1434 877 1495 [deu.
893 1428 931 1492 X,
949 1430 1025 1491 2521,
1051 1427 1102 1490 „ad
1120 1443 1150 1477 eo

51 1501 105 1552 racd
122 1518 171 1551 aas
189 1500 265 1553 elat.“
302 1502 372 1562 [Aen.
392 1500 419 1559 I,
437 1502 497 1562 306]
533 1498 613 1563 „Lam
636 1500 708 1549 alam
733 1500 818 1561 dicta,
846 1498 918 1564 quod
940 1496 992 1546 alat
1009 1497 1150 1557 anicetum

51 1570 104 1619 nde
129 1570 198 1619 alma
218 1567 308 1630 Cares,
336 1567 409 1633 qaod
430 1583 479 1616 aas
503 1568 580 1619 alat.“
616 1567 684 1624 Quin
709 1573 735 1618 et
751 1570 834 1617 Aaron
853 1565 1006 1616 Scholiastes
1030 1563 1068 1612 ita
1089 1562 1151 1612 clim

51 1639 125 1702 agisse
143 1637 271 1687 videmur:
291 1636 364 1687 cuius
381 1636 457 1684 verba
475 1635 511 1684 sic
528 1634 624 1686 habent
642 1636 669 1685 in
688 1635 799 1685 editione
816 1635 899 1700 prima
908 1633 1005 1683 Veneta
1023 1635 1049 1682 et
1065 1631 1151 1681 codice

51 1705 211 1770 [StoRegiae
223 1704 373 1754 societatis:
391 1702 479 1766 „Quia
497 1704 608 1754 meliora
625 1709 689 1754 sant
700 1704 824 1767 longiora
843 1718 902 1764 oua,
919 1716 999 1766 qaam
1016 1698 1151 1761 rotanda;

51 1781 57 1823 ῖ
76 1774 181 1823 altiora
200 1778 247 1823 aut
263 1773 409 1833 fortiora‘*
434 1771 561 1834 Equidem
579 1771 711 1835 scripsisse
729 1772 810 1833 credo,
829 1771 944 1820 almiora
963 1772 1011 1818 aut
1024 1766 1150 1827 fortiora.

51 1842 136 1907 ‚uippe
154 1842 240 1905 magis
258 1840 330 1890 alma
348 1839 454 1905 perinde
472 1843 510 1888 θεῖ
527 1855 556 1888 ac
574 1840 705 1902 fortiora,
723 1839 860 1902 firmiora,
872 1839 1044 1903 robustiora,
1062 1835 1151 1884 valen-

51 1915 119 1969 'ora,
147 1909 179 1958 ad
202 1908 366 1957 nutriendum
389 1907 495 1958 scilicet.
530 1909 564 1956 At
589 1908 633 1971 qui
657 1906 761 1957 altiora
786 1909 825 1971 (ut
842 1921 911 1956 nunc
929 1905 1024 1954 editum
1042 1907 1089 1965 εεῖῖ
1107 1918 1152 1967 per

51 1982 151 2027 artiora
169 1981 283 2037 enarrat3
302 1992 349 2026 nee
367 1975 411 2025 illc
429 1975 522 2038 diguus
541 1981 586 2036 θεῖ,
605 1991 678 2040 quem
696 1974 735 2025 vel
752 1975 825 2041 pueri
843 1975 889 2025 sub
907 1972 988 2024 ferula
1004 1971 1086 2021 adhuc
1104 1970 1152 2020 mi·

51 2050 138 2095 tentes
156 2045 228 2107 albis,
246 2043 314 2108 quod
332 2044 413 2105 aiunt,
433 2040 552 2093 dentibus
570 2043 708 2093 derideant.

104 2116 144 2166 16.
180 2113 289 2179 irriguo
308 2112 378 2161 nihil
396 2111 548 2161 astrictius
566 2112 653 2173 horto]
689 2112 729 2160 Ita
755 2125 842 2160 omnes
861 2108 952 2174 scripti
969 2107 1082 2170 aditique
1100 2110 1151 2156 urio

51 2197 173 2233 insensu:
198 2179 298 2243 „Came
315 2181 478 2241 suburbana,
495 2181 543 2243 qai
558 2181 635 2229 siccis
653 2182 736 2229 crevit
752 2181 781 2228 ia
801 2181 876 2242 agris
892 2177 1020 2226 Dulcior.-
1045 2177 1151 2237 irriguo

51 2249 103 2300 ihil
122 2255 160 2299 ast
177 2249 274 2299 elutius
292 2249 397 2297 harto.“
422 2248 524 2297 Summo
542 2251 626 2297 tamen
643 2247 683 2297 vir
700 2246 805 2311 ingenio
822 2244 914 2295 Daniel
931 2242 1061 2305 Heinsius,
1080 2241 1151 2292 Scri·

51 2322 140 2381 serat,
163 2317 263 2380 inquit,
288 2317 386 2381 alisque
410 2315 490 2364 dictio
511 2318 608 2380 podia,
633 2316 738 2380 Irrigat
755 2314 824 2363 uitii
841 2318 879 2362 est
896 2313 992 2362 elatius
1010 2312 1095 2368 horti3
1122 2313 1151 2359 ut

51 2386 113 2436 aule
137 2400 152 2434 a
175 2383 348 2450 superioribus
373 2387 509 2448 repetatur.
544 2382 623 2446 Vide,
648 2399 698 2448 quo
721 2388 854 2448 provectus
872 2382 907 2431 sit
924 2379 1056 2445 prurigine
1074 2378 1151 2427 corri-

51 2453 118 2505 endi.
156 2451 242 2514 Certe,
261 2452 284 2501 si
301 2450 364 2502 bene
382 2451 508 2501 hominem
526 2451 601 2514 nori,
625 2452 653 2500 in
672 2452 724 2501 suis
742 2452 798 2515 ipse
815 2448 971 2499 carminibus
989 2448 1060 2511 prius
1076 2446 1151 2510 longe

51 2520 204 2572 raetulisset.
240 2519 344 2570 Dictum
367 2520 462 2584 quippe
486 2523 538 2582 est,
562 2525 591 2569 ut
614 2519 680 2569 illud
702 2519 784 2570 Plinii
800 2518 869 2568 Hist.
887 2516 989 2578 XVIII,
1014 2518 1038 2567 5.
1063 2516 1089 2578 [ξ
1108 2515 1150 2576 28]

51 2589 131 2640 Nihil
147 2594 185 2638 est
202 2588 356 2638 damnosius
374 2588 476 2638 deserto
495 2589 589 2651 agro.“
622 2587 711 2652 Neque
729 2586 807 2637 ullam
825 2601 940 2636 venerem
956 2583 1033 2634 habet
1048 2581 1152 2632 Heinsii

51 2658 119 2717 ctio,
138 2671 213 2722 quam
229 2672 280 2705 non
298 2655 378 2706 altera
395 2656 514 2705 maiorem
532 2655 561 2704 in
578 2657 679 2707 modurn
697 2655 832 2720 possideat.

103 2727 142 2776 19.
177 2724 279 2774 Doctus
296 2727 349 2773 cris
366 2726 454 2772 vivam
471 2726 549 2773 aristo
567 2738 684 2774 mersare
701 2723 826 2786 Falerno]
848 2720 924 2782 Quid,
942 2737 1012 2784 rogo,
1030 2716 1080 2767 sibi
1099 2717 1153 2766 vult

51 2797 111 2843 u'sto
129 2791 261 2853 Falara03
290 2807 347 2842 oum
372 2791 438 2841 nihil
461 2792 595 2855 quicquam
619 2792 662 2842 hic
685 2793 732 2852 sit,
761 2808 811 2856 quo
828 2806 884 2841 cum
901 2786 1055 2839 misceatur?
1081 2786 1152 2850 Ergo

51 2860 196 2924 rbiutelligi
212 2860 255 2910 hic
273 2860 363 2909 volunt
386 2860 554 2924 interpretes,
582 2876 641 2910 cum
659 2876 737 2926 aqua.
773 2859 845 2909 Unde
861 2858 909 2906 hoc
927 2857 960 2906 iis
978 2854 1149 2919 compertum?

51 2947 83 2979 ur
102 2928 185 2992 magis
203 2943 262 2977 cam
281 2943 365 2992 aqua,
393 2943 467 2992 quam
493 2944 549 2977 curu
573 2928 663 2992 raetia,
688 2928 759 2990 oleo,
787 2928 826 2978 vel
849 2925 900 2975 alio
924 2926 1013 2988 quovis
1035 2921 1150 2987 liquore?

51 2997 147 3063 edipus
165 2996 233 3046 enim
250 3000 295 3045 aut
312 2995 425 3045 hariolus
442 2995 477 3044 sit
494 3000 607 3060 oportet3
627 2996 681 3059 qui,
699 3011 755 3046 cunr
765 3000 853 3045 auctor
864 2992 931 3043 nihil
949 2993 1025 3055 dicat,
1043 2998 1152 3040 mentem

53 3074 86 3115 us
105 3065 207 3128 assequi
230 3064 396 3114 coniectando
419 3064 574 3128 profiteatur.
610 3063 683 3118 Quod
706 3064 728 3113 si
751 3064 773 3113 is
797 3068 863 3114 recte
887 3061 1038 3122 coniecerit3
1064 3063 1152 3108 auctor

51 3149 117 3183 ‚men
135 3131 204 3182 haud
221 3133 318 3181 minore
336 3132 363 3181 in
382 3132 457 3196 culpa
475 3135 527 3192 est,
551 3131 607 3195 cui,
634 3135 663 3180 ut
684 3131 752 3181 scias
776 3133 838 3196 quid
855 3130 930 3193 velit,
955 3129 1096 3180 coniectore
1115 3132 1153 3177 θεῖ

51 3218 103 3267 ius.
133 3199 207 3250 Certe
216 3200 316 3261 Noster,
335 3200 357 3249 si
376 3199 498 3250 Suetonio
515 3198 583 3262 fides,
603 3200 772 3249 obscuritatis
790 3203 855 3251 vitiu
872 3200 981 3249 minima
999 3198 1150 3247 terrebatur:

51 3284 172 3333 umquam
190 3283 249 3332 ergo
272 3267 424 3319 crediderim
446 3266 581 3317 obscurum
604 3267 665 3327 hoc,
691 3267 828 3334 incertum,
855 3281 971 3318 mancum
995 3264 1025 3316 ab
1043 3265 1151 3314 Horatio

51 3337 176 3388 refectum
194 3351 255 3386 esse.
282 3335 480 3402 christophorus
491 3335 591 3400 quidem
600 3336 734 3386 Laudinus
752 3341 811 3387 ante
828 3351 908 3387 annos
926 3334 1047 3385 ducentos
1065 3332 1151 3383 iltulso

51 3406 151 3456 ἀΙθνηθ
168 3404 210 3454 hic
228 3403 323 3465 edidit,
350 3418 380 3454 ex
403 3404 563 3466 coniectura,
590 3408 620 3453 ut
642 3406 741 3469 opinor.
776 3405 826 3455 Sed
849 3420 922 3454 nemo
948 3408 1036 3468 postea
1052 3401 1079 3451 in
1098 3401 1151 3449 cius

51 3472 187 3523 inteutiam
205 3473 338 3522 concessit.
373 3473 426 3522 Nos
444 3471 555 3532 meliore,
573 3471 624 3521 nisi
641 3472 762 3535 fallimur,
790 3472 906 3538 auspicio
924 3471 1059 3521 siclorum
1077 3468 1151 3517 refin-

51 3544 130 3591 imusz
157 3538 216 3604 „Ne
238 3540 345 3605 gallina
367 3539 468 3590 malam
491 3545 628 3605 responset
651 3541 720 3591 dara
742 3542 850 3606 palato,
877 3541 977 3590 Doctus
995 3541 1048 3588 eris
1064 3540 1151 3586 vivam

51 3625 121 3659 uero
132 3607 392 3658 mersarel'alcrao:
411 3607 466 3658 Hoc
482 3612 598 3658 teneram
607 3609 715 3669 faciet.“
741 3608 919 3669 Teneritetem,
937 3607 1029 3670 inquit,
1039 3603 1149 3669 gallinae

51 3675 195 3734 inciliabis
214 3677 237 3725 si
250 3677 334 3725 vivam
351 3677 512 3726 suffocaveris
529 3677 557 3725 in
574 3681 657 3726 musto
675 3676 790 3736 Falerno,
808 3677 893 3741 capite
911 3676 965 3725 eius
983 3674 1009 3723 in
1027 3672 1151 3736 liquorem

51 3762 153 3797 emerso.
189 3743 307 3795 Martum
325 3749 409 3794 autem
426 3760 472 3810 per
489 3747 571 3795 totum
589 3760 682 3794 annum
706 3744 801 3795 servari
825 3742 935 3794 solebat:
960 3740 1026 3805 quod
1045 3754 1094 3805 qua
1111 3754 1150 3787 ra·

52 3830 103 3864 one
120 3813 200 3875 fieret,
219 3813 295 3863 docet
312 3811 374 3862 Cato
393 3812 423 3862 de
441 3812 478 3861 Re
495 3813 568 3862 Rust.
587 3828 643 3878 cap.
664 3812 739 3864 CXX.
758 3811 897 3862 Columella
914 3810 973 3869 XII,
992 3809 1032 3859 29.
1050 3806 1150 3855 Plinius

51 3882 101 3942 IV,
128 3883 157 3932 11
185 3881 211 3946 [ξ
231 3882 263 3932 80
281 3884 375 3945 seqq.];
400 3886 426 3930 et
443 3880 545 3930 tandem
562 3880 693 3931 Gallienus
717 3881 868 3944 imperator,
895 3877 1018 3927 referente
1036 3874 1151 3924 Pollione

68 3949 142 4000 XVI.
170 3954 304 4012 „mactum
323 3949 542 4014 quemadmodum
562 3956 616 4000 toto
640 3965 711 3999 anna
736 3950 891 4011 Ιῖαῖθνθῖῖῖν,
916 3945 1047 3995 edoaril.“
1080 3942 1149 4005 Ergo

53 4017 116 4082 pide
140 4017 184 4067 hic
208 4016 314 4080 sugillat
338 4017 484 4067 helluonum
502 4017 610 4068 diuitum
627 4014 786 4087 περιεργίαν
802 4019 828 4068 et
844 4016 958 4080 ineptam
976 4011 1149 4077 diligentiam:

51 4085 98 4135 uod
117 4087 180 4136 vino
207 4084 329 4149 gallinam
357 4087 521 4149 suffocarent,
546 4102 597 4136 non
616 4092 702 4150 aqua3
730 4084 796 4150 quod
819 4101 870 4135 non
895 4081 983 4148 quouis
1007 4082 1080 4140 vino,
1105 4077 1149 4128 aed

51 4154 163 4214 lateram
191 4154 257 4218 qnod
275 4169 326 4203 non
351 4155 441 4218 quovis
458 4153 581 4217 Falerno,
605 4153 649 4206 sed
672 4160 767 4206 masto.
801 4152 956 4204 Prudentius
974 4155 1062 4201 contra
1080 4147 1149 4213 Sym·

51 4222 148 4272 ¹achnm
167 4222 193 4284 Ι,
212 4223 252 4274 26.
277 4222 349 4287 [127]
376 4222 406 4272 de
423 4222 524 4281 Baccho
546 4222 666 4287 loquens,
694 4221 797 4287 „Atque
821 4220 915 4272 auidus
937 4221 994 4270 cini
1015 4216 1098 4268 mutto
1121 4230 1148 4264 ca
