2818 4758
476 272 736 322 centimolum.
752 273 800 321 111.
824 268 849 319 4.

146 418 179 469 25
193 405 316 472 Vestris
338 404 475 472 amioum
497 407 638 473 fontibus
660 413 692 472 et
713 407 827 484 choris,

191 491 262 555 Non
283 508 335 556 me
356 491 514 578 Philippis
536 512 631 558 verse
650 493 737 558 aeies
760 500 854 572 retro,

231 578 356 642 Devota
377 596 440 641 non
459 577 593 643 extinxit
614 576 718 656 arbor,

273 662 341 727 Neo
362 661 470 727 Sioula
490 662 660 729 Palinurus
683 662 778 728 unda.

191 746 370 828 Utcumque
392 766 516 813 meeum
537 766 595 814 vos
616 746 721 817 eritis;
741 747 848 815 libens

146 841 177 893 30
189 831 404 897 Insanientem
425 832 537 898 navita
556 833 734 918 Bosporum

231 917 385 994 Tenebo,
407 924 440 982 et
460 916 579 984 arentis
601 937 717 983 arenas

272 1001 389 1068 Litoris
410 1003 534 1089 Assyrii
556 1003 669 1070 viator.

189 1084 299 1152 Visam
321 1087 491 1154 Britannos
512 1086 694 1174 hospitibus
716 1087 811 1173 ieros,

188 1171 231 1235 st
250 1171 370 1237 laetum
392 1172 507 1255 equino
530 1173 687 1255 sauguine
709 1172 908 1240 Consanum:

148 1266 178 1316 35
237 1255 345 1322 Visam
367 1258 569 1342 pharetratos
591 1259 741 1337 Gelonos,

273 1342 316 1407 Et
337 1342 521 1427 Scythieum
542 1343 716 1410 inviolatus
737 1361 875 1408 amnem.

100 1488 186 1555 „Non
198 1490 312 1545 eineDis
329 1497 464 1545 animosus
481 1495 592 1558 inians,“
609 1495 670 1546 ludo
687 1496 818 1561 fatigatus,
836 1494 1014 1546 obdormiisset
1026 1493 1094 1543 solus
1103 1492 1131 1542 in
1140 1496 1230 1542 moute

99 1559 219 1610 deserto:
236 1560 281 1610 ubi
299 1562 398 1624 mirum,
417 1562 445 1613 ni
462 1578 477 1613 a
494 1562 589 1629 viperis
607 1569 673 1614 esset
690 1580 795 1626 morsus,
812 1563 994 1614 veldevoratas
1009 1561 1041 1611 ab
1053 1560 1126 1621 ursis,
1144 1560 1225 1623 quiin

99 1628 136 1678 iis
156 1628 304 1692 regionibus
320 1630 481 1696 trequentes,
499 1636 528 1681 ut
546 1632 652 1683 Ouidius
669 1632 818 1683 Halieutioo
836 1635 867 1695 [r.
878 1634 937 1694 571:
973 1628 1095 1694 „Foedus
1111 1627 1224 1677 Lucanis

99 1695 273 1760 provolvitur
290 1713 364 1748 ursus
380 1699 413 1749 eb
431 1701 548 1749 onhtr‘:
567 1704 594 1751 at
611 1699 713 1751 tandem
731 1717 746 1750 a
763 1700 816 1751 suis
833 1699 951 1750 inventas
969 1702 1019 1759 ast,
1038 1697 1120 1747 adhue
1137 1712 1227 1745 somno

99 1762 246 1829 devinotns,
263 1781 349 1831 sospes
367 1771 392 1816 et
409 1767 545 1818 incolumis
555 1784 570 1817 a
582 1766 644 1819 ieris
652 1773 678 1818 et
686 1768 854 1834 serpentibus,
872 1766 1012 1833 quinetiam
1020 1765 1107 1815 iaruea
1117 1769 1227 1830 myrtea·

100 1847 154 1896 que
172 1831 262 1882 ironde
280 1848 295 1883 a
311 1834 473 1899 palumbibus
490 1840 580 1887 tectus.
606 1837 663 1887 Hoo
673 1836 791 1887 miraculi
805 1837 887 1888 instar
904 1835 934 1886 de
944 1838 1079 1893 renarrat3
1097 1831 1226 1881 undeiam

99 1903 160 1950 tum
176 1914 223 1964 per
238 1899 359 1951 viciniam
377 1902 467 1953 ismara
486 1919 539 1953 esse
556 1904 664 1955 diditam
673 1942 681 1969 ,
703 1920 823 1970 magnam
840 1903 938 1969 aliquid
955 1902 985 1952 de
1002 1917 1081 1968 puero
1099 1900 1149 1950 isto
1161 1899 1226 1949 ‘deos

98 1967 261 2033 portendere.
296 1971 374 2020 Reate
390 1972 472 2036 igitur
489 1980 515 2021 et
533 1988 563 2023 ex
580 1972 671 2023 decoro
687 1973 775 2034 addit,
794 1977 872 2023 mera
889 1972 970 2022 timon
988 1970 1091 2020 altricis
1108 1972 1225 2032 uagatum

98 2051 172 2097 esss;
190 2036 285 2101 quippe
302 2038 334 2088 de
351 2038 492 2100 seinfante
502 2041 675 2106 hioloquitur,
691 2057 748 2091 enm
766 2040 848 2091 adhue
866 2038 911 2090 sub
930 2039 1029 2088 uutmos
1046 2039 1119 2087 esset.
1146 2035 1225 2099 quue

98 2108 182 2168 auget
198 2104 315 2155 miraculi
331 2107 390 2172 rim,
408 2107 476 2173 quod
493 2108 569 2171 solus,
587 2110 726 2160 amatricis
744 2109 818 2160 domo
835 2112 963 2172 evagatus,
980 2120 1066 2171 sospes
1076 2109 1225 2154 monera·

99 2171 189 2232 deret3
218 2173 239 2221 si
258 2174 325 2223 enim
343 2190 400 2224 oum
424 2178 524 2226 nutries
542 2183 569 2227 et
585 2177 732 2228 domesticis
748 2177 854 2239 fuisset,
873 2175 940 2226 nihil
961 2174 1025 2225 adeo
1047 2170 1223 2223 admirandum

98 2246 178 2290 esset.
214 2240 306 2292 Omnia
321 2242 402 2307 igitur
418 2242 484 2295 belle
501 2245 631 2306 haberent,
650 2246 672 2295 si
690 2245 763 2296 modo
780 2244 846 2295 illud
861 2243 977 2309 Apuliae
994 2255 1120 2293 removere
1137 2238 1223 2303 aliquo

98 2323 247 2374 possamus:
266 2326 347 2374 neque
365 2312 432 2361 enim
450 2327 540 2363 nomen
557 2313 671 2363 mulieris
690 2314 717 2363 id
735 2318 780 2374 est,
798 2329 880 2378 neque
896 2311 984 2362 nutrix
1001 2310 1044 2360 hio
1061 2308 1163 2359 nomine
1177 2322 1223 2357 suo

98 2376 238 2440 indigitari
258 2377 354 2428 debuit.
381 2380 404 2429 Ε
423 2380 506 2431 uidem
525 2381 672 2432 crediderim
683 2382 720 2432 sie
728 2383 759 2431 ab
768 2382 877 2431 Horatio
886 2379 1009 2446 seriptum
1020 2393 1087 2438 esse;
1105 2375 1224 2439 Attritis,

99 2445 159 2494 sire
175 2450 205 2493 ut
221 2445 267 2496 alii
285 2447 391 2501 oodiess.
437 2452 546 2514 utrter'r,
573 2448 633 2513 „Me
650 2446 912 2510 fabulosaeVutture
929 2451 958 2498 in
969 2445 1086 2514 Appula,
1103 2442 1226 2496 Nutricis

99 2517 185 2563 erctra
202 2512 291 2563 limina
308 2515 426 2566 sedulas“
435 2534 441 2565 :
475 2517 540 2567 Nam
558 2517 641 2583 primo
658 2516 767 2568 Limina
783 2518 814 2568 de
831 2532 883 2568 une
900 2517 975 2567 domo
994 2514 1102 2577 dieitur,
1119 2516 1149 2563 ut
1166 2513 1224 2563 Vir·

98 2580 184 2646 gilius
201 2582 295 2642 Aemi,
305 2585 363 2635 392.
389 2584 492 2650 „Perge
508 2586 594 2647 modo,
612 2591 692 2651 atque
710 2588 772 2636 hine
791 2591 816 2636 te
832 2588 943 2651 reginae
954 2584 991 2635 ad
999 2582 1090 2634 limina
1098 2580 1222 2648 parser‘:

98 2656 127 2700 et
147 2649 185 2698 sia
202 2649 269 2699 idem
285 2649 362 2713 alibi,
387 2651 483 2716 aliique
500 2654 602 2719 passim.
637 2654 735 2704 Deinde
752 2654 861 2704 sedulae
877 2657 1027 2719 perpetuum
1051 2656 1090 2702 est
1111 2650 1224 2699 nutriris

95 2716 261 2784 Epitheton,
279 2723 309 2769 ut
325 2721 418 2771 Noster
435 2720 463 2771 iu
481 2725 541 2772 Arte
559 2724 630 2773 Post.
647 2738 670 2774 v.
688 2726 744 2776 116.
779 2720 955 2786 „Moturusne
971 2735 1066 2783 sensu,
1084 2734 1119 2768 ars
1137 2715 1224 2766 adhue

96 2788 216 2848 florente
232 2788 341 2837 iuuenta
359 2787 504 2851 Feroidus,·
524 2796 557 2853 et,
574 2796 699 2842 ruobona
713 2796 816 2856 potens,
835 2805 871 2840 on
888 2789 1096 2840 sedulunutrix.“
1119 2783 1224 2834 ovidius

96 2854 188 2920 Epist.
207 2853 340 2920 Cydippen
360 2856 430 2918 [Her.
446 2857 519 2921 XXI,
533 2861 575 2921 95]
603 2859 713 2920 „Sedula
730 2875 771 2909 me
788 2859 876 2908 nutrix
892 2858 961 2907 etiae
977 2872 1082 2922 quoque
1105 2854 1179 2903 daeit
1194 2852 1223 2901 ia

97 2922 210 2974 aedes.“
228 2927 254 2972 et
261 2922 362 2973 Metam.
371 2923 405 2973 X.
412 2927 471 2977 438.
490 2925 597 2989 ,diocto
614 2929 795 2991 gravemoino
806 2920 1225 2977 Cinorommalesedulanutrix.“

97 2997 127 3041 et
147 2990 235 3055 paullo
252 2995 311 3040 ants
322 3007 345 3039 v.
358 2994 415 3044 409.
435 2993 491 3059 ipsa
508 2996 595 3043 nutrix
611 2993 733 3058 loquitur,
751 3000 794 3057 „et
811 2998 840 3044 in
859 2994 908 3044 hoo
924 3008 980 3043 mea
999 2998 1077 3059 ipone
1094 2991 1223 3050 timorem)

96 3057 232 3109 Sedulitas
250 3061 303 3108 erit
319 3066 383 3125 opto
400 3062 477 3111 tibi.“
503 3062 593 3112 Festus
610 3063 723 3112 Avienus
739 3063 877 3112 inArateis
895 3064 928 3124 [v.
941 3062 1030 3123 179312
1047 3057 1147 3122 „Siqua
1162 3070 1222 3105 mes

96 3127 198 3189 tentae,
215 3128 240 3176 si
257 3126 337 3178 tanae
353 3128 439 3179 sedula
456 3131 569 3180 nutrix.“
592 3131 671 3180 Porro
687 3146 768 3194 neque
786 3130 875 3180 literae
885 3129 955 3195 ipsae
968 3127 997 3177 in
1011 3128 1104 3178 timisa
1114 3122 1223 3173 sedulae

95 3193 212 3245 multum
228 3192 323 3244 abeunt
340 3211 353 3248 a
372 3196 451 3248 timeri
469 3197 600 3263 Apuliae:
628 3203 654 3248 et
676 3202 807 3264 praeterea
831 3196 952 3247 credibile
976 3198 1015 3246 est
1031 3191 1175 3244 Librarium
1194 3192 1222 3240 in

95 3262 219 3314 ultimam
235 3278 319 3314 vocem
336 3264 432 3330 prioris
448 3281 535 3316 versus
552 3267 660 3332 Apputo
677 3266 815 3316 eoniseisse
832 3265 926 3327 oeulos,
945 3279 1024 3329 eoque
1042 3276 1123 3311 errore
1141 3260 1169 3309 in
1184 3275 1222 3311 se·

95 3330 192 3396 quenti
209 3332 351 3395 reposuisse
367 3332 491 3398 Apuliae.
514 3334 545 3384 Id
563 3350 621 3385 raro
645 3349 720 3399 quam
743 3333 899 3386 sollemniter
922 3336 1028 3397 peeoent
1047 3329 1222 3393 exseriptorer,

94 3397 182 3465 probe
199 3399 293 3463 stiunt,
311 3400 403 3463 quibus
420 3402 507 3452 datum
525 3406 563 3453 est
579 3403 737 3454 membranas
754 3407 850 3453 veteres
867 3402 975 3457 trivisse.

170 3468 211 3518 27.
229 3466 331 3520 Deusta
348 3484 403 3518 non
420 3472 540 3520 retinete
555 3472 643 3533 arbos]
679 3471 765 3521 Artos
788 3471 839 3521 iam
857 3469 888 3520 ab
907 3470 982 3519 annis
999 3466 1058 3534 plus
1075 3471 1177 3517 eentum
1193 3468 1222 3518 in

94 3534 219 3586 omnibus
236 3535 392 3587 editionibus
408 3538 514 3588 visitur:
531 3554 589 3589 eum
606 3543 631 3589 et
648 3539 771 3589 Loschari
788 3543 813 3589 st
821 3539 919 3589 Veneta
935 3541 961 3588 et
978 3535 1136 3588 membranae
1153 3552 1222 3587 meae

93 3617 188 3653 omnes
205 3618 256 3653 uno
273 3618 396 3655 eonsensu
414 3604 552 3656 exhibeant
568 3609 656 3658 orbor.
692 3608 735 3658 Sie
753 3611 778 3658 et
795 3623 880 3658 omnes
897 3604 1110 3656 Palmannianas:
1137 3620 1169 3654 ne
1192 3603 1223 3655 de

94 3677 257 3722 caeterorum
273 3672 405 3724 eodieibus
422 3673 530 3736 dubites,
548 3675 597 3726 etsi
613 3675 665 3741 ipsi
682 3675 849 3725 dissimulent.
884 3674 954 3730 Quae
974 3676 1036 3724 haeo
1053 3672 1158 3738 prurigo
1176 3678 1222 3736 est,

93 3745 139 3800 ut,
157 3738 230 3789 nullo
240 3740 378 3805 dommodo,
396 3742 573 3794 contumeliam
582 3744 664 3795 iaoere
675 3750 766 3794 areant
773 3741 848 3794 libris
855 3742 980 3793 vetustis?
1007 3743 1048 3793 Ita
1056 3755 1133 3804 supra
1141 3737 1221 3789 Germ.

95 3809 137 3869 ΙΙ,
153 3810 194 3870 11,
210 3810 233 3859 9.
261 3809 345 3859 bonos
362 3825 409 3876 pro
426 3812 513 3861 honor
529 3818 619 3862 eontra
636 3812 749 3862 omnium
766 3811 826 3861 Mss.
845 3810 919 3862 fldem
936 3812 1138 3890 supposuerunt3
1164 3822 1221 3858 eum

94 3885 187 3994 tampsii
204 3891 290 3927 versus
308 3877 370 3941 ipss,
388 3879 500 3940 [tumbas
518 3885 557 3930 ert
574 3881 657 3931 bonor
674 3881 777 3945 omis,
794 3878 870 3931 talem
888 3884 1070 3929 eorreataouem
1086 3874 1162 3925 sibilo
1180 3890 1221 3926 es·

115 3947 223 3997 lueret.

93 3964 115 4013 p
170 4015 211 4066 31.
233 4009 349 4063 Tantaleo
367 4018 393 4064 et
410 4020 514 4065 urentes
532 4030 628 4066 arenas
643 4013 746 4066 Litoris
762 4014 871 4082 Assyrii
886 4011 983 4080 uiator]
1017 4010 1107 4062 Editio
1124 4008 1220 4061 Veneta

98 4083 170 4135 1478
189 4086 308 4142 urentem
332 4086 359 4131 at
375 4080 499 4134 Losohsri
520 4085 583 4135 1498
600 4089 721 4145 urentem
748 4083 884 4149 eademque
908 4087 947 4132 est
968 4081 1077 4131 serietas
1095 4079 1123 4129 in
1145 4077 1219 4129 libris

96 4150 219 4216 seriptis:
237 4149 305 4200 ande
322 4164 369 4213 pro
378 4150 446 4201 vario
454 4151 587 4202 hominum
597 4155 673 4217 captu
690 4152 766 4202 etiam
777 4152 924 4217 nuperiores
932 4149 1055 4201 editiones
1067 4162 1135 4198 nuno
1145 4146 1220 4210 hane,

96 4235 170 4271 nune
187 4218 259 4269 illam
275 4215 410 4270 lectionem
427 4223 624 4286 repraesentant.
659 4219 748 4286 Neque
765 4235 825 4272 sane
841 4219 949 4272 multum
971 4217 1091 4268 interest:
1114 4219 1221 4281 utraque

969 4302 1017 4355 lo*
