2840 4752
420 286 603 334 SERMONUM
618 286 683 332 LIB.
699 286 736 332 Il.
752 279 776 331 l.

69 437 96 486 ιι
112 423 226 489 Scurra
248 419 444 495 Volanerius,
468 424 638 506 postquam
659 420 704 485 illi
726 419 813 485 iusta
834 417 989 502 cheragra

113 506 264 573 Contudit
286 507 446 581 articulos,
470 506 524 588 qui
546 525 604 591 pro
626 525 661 571 se
683 506 807 572 tolleret
828 513 925 587 atque

109 593 247 658 Mitteret
267 591 299 654 in
322 591 465 676 phimum
487 590 580 667 talos,
602 589 747 657 mercede
769 592 883 657 diurna

110 677 307 743 Conductum
330 674 432 761 pavit:
456 684 575 758 quanto
597 676 791 742 constantior
811 676 896 741 idern

109 762 146 828 Iu
167 761 262 837 vitiis,
286 767 373 826 tanto
395 760 497 827 levius
519 760 624 838 miser,
647 781 685 827 ao
706 761 793 846 prior
813 761 868 827 ille

65 861 96 912 ao
113 847 174 926 Qui
196 847 260 911 iam
283 853 439 922 contento,
462 846 525 910 iam
549 846 621 911 laxo
643 845 719 911 fune
741 846 873 910 laborat.

109 934 179 998 Non
203 932 289 997 dices
310 930 415 1009 hodie,
439 950 590 1012 quorsum
612 929 692 997 haec
714 939 778 994 tam
801 929 914 1015 putida
936 926 1076 1005 tendant,

109 1018 275 1083 Furcifer?
304 1016 354 1081 Ad
377 1024 418 1093 te,
440 1016 580 1098 inquam.
624 1015 695 1094 Quo
718 1023 820 1101 pacto,
843 1013 1004 1101 pessime?
1032 1010 1162 1077 Laudas

108 1104 281 1168 Fortunam
304 1110 336 1166 et
358 1119 462 1167 mores
484 1099 635 1182 autiquae
658 1101 777 1186 plebis3
804 1109 837 1167 ct
858 1100 954 1174 idem,

110 1188 142 1255 Si
166 1186 238 1271 quis
260 1186 303 1251 ad
323 1187 380 1251 illa
401 1187 491 1252 Deus
513 1186 619 1251 subito
641 1193 673 1252 te
693 1193 781 1268 agat,
804 1205 906 1268 usque
928 1200 1070 1249 recuses:

64 1286 97 1337 25
113 1276 177 1338 Αιιι
200 1271 359 1356 quianon
382 1271 490 1347 sentis,
512 1272 598 1355 quod
619 1273 749 1347 clamas,
772 1270 889 1338 rectius
911 1287 999 1346 esse;

109 1362 173 1423 Aut
194 1357 352 1456 quianon
374 1357 485 1422 firmus
507 1362 627 1422 rectum
651 1356 806 1431 defendis,
833 1365 864 1421 et
886 1356 1009 1429 haeres,

108 1445 327 1525 Nequaquam
349 1461 447 1509 coeno
469 1443 601 1527 cupiens
624 1443 759 1508 evellere
780 1442 933 1528 plantam.

109 1531 226 1593 Romae
249 1547 304 1592 rus
326 1534 433 1612 optas:
457 1528 621 1593 absentem
643 1527 781 1593 rusticus
803 1528 920 1595 Urbem

107 1611 207 1677 Tollis
228 1611 270 1675 ad
292 1618 380 1676 astra
401 1612 489 1677 levis.
534 1614 560 1678 si
584 1632 743 1695 nusquam
765 1631 801 1679 es
822 1613 903 1679 forte
924 1621 1056 1681 vocatus

62 1711 94 1760 ao
110 1697 159 1765 Ad
181 1715 302 1773 cenam,
325 1696 439 1762 laudas
463 1715 608 1762 securum
631 1697 702 1765 olus
709 1719 718 1778 ;
740 1717 788 1775 ac,
810 1698 898 1764 velut
919 1719 1055 1782 usquam

109 1783 239 1847 Vinctus
262 1794 327 1860 eas,
350 1782 448 1847 itate
471 1782 592 1848 felicem
615 1781 695 1848 dicis
716 1802 880 1865 amesque,

108 1867 201 1948 Quod
222 1886 380 1951 nusquam
403 1865 460 1932 tibi
483 1867 525 1932 sit
546 1866 730 1952 potandum.
772 1868 902 1934 iusserit
922 1868 966 1934 ad
987 1889 1023 1936 sc

105 1954 274 2019 Maecenas
296 1972 401 2019 serum
424 1953 484 2018 sub
506 1951 626 2017 lumina
646 1952 750 2037 prima
771 1950 879 2019 venire

108 2037 297 2116 Convivam
325 2037 458 2104 Nemon’
480 2037 584 2102 oleum
606 2037 668 2101 fert
689 2036 800 2105 ocius?
819 2036 937 2121 'ecquis

460 2153 484 2186 v·
503 2140 543 2191 34.
567 2138 642 2203 Vulg.
660 2137 747 2189 Feret.

58 2275 110 2309 uuo
135 2262 160 2308 et
184 2255 343 2322 inaequalem
365 2255 558 2306 homuncionem
583 2273 651 2307 nunc
674 2257 768 2308 Romae
795 2256 970 2324 voluptatibus
997 2262 1022 2308 et
1047 2255 1159 2320 libidini,

60 2343 111 2377 unc
130 2326 237 2376 Athenis
256 2324 395 2375 doctrinae
412 2331 437 2374 et
455 2324 546 2374 studiis
564 2340 665 2390 operam
683 2326 789 2377 dedisse.

113 2397 151 2446 15.
188 2393 328 2458 Postquam
352 2391 395 2441 illi
417 2394 488 2442 iusta
512 2393 641 2458 chiragra
660 2392 788 2444 Contudit
810 2394 947 2455 articulos]
981 2394 1059 2444 Recte
1084 2396 1162 2446 codex

57 2464 156 2530 ptimus
173 2460 332 2527 Baginensis,
351 2474 504 2523 currens,
518 2458 651 2530 χεράγριι,
669 2469 694 2512 et
711 2462 748 2513 sio
765 2462 860 2526 ubique
877 2461 1044 2523 scribendum,
1062 2464 1161 2527 quoties

59 2532 149 2582 rimam
168 2529 289 2596 syllabam
306 2528 421 2592 corripit,
448 2535 477 2578 ιιι
495 2529 562 2593 apud
579 2530 694 2580 Persium
712 2535 738 2580 et
755 2529 905 2581 Martialem.
940 2529 1005 2579 Nam
1023 2533 1160 2595 chiragra,

57 2602 95 2650 ive
118 2592 254 2666 χειράγρα
276 2594 385 2714 primam
402 2596 539 2662 producere
557 2596 638 2648 debet.
673 2596 789 2648 Ceterum
807 2597 992 2648 vetustissimus
1009 2598 1161 2648 Blandin'ius

57 2674 66 2719 t
85 2665 249 2717 Tamentiani
266 2665 365 2729 aiquot
382 2679 510 2714 commem
527 2664 629 2727 habent,
647 2680 694 2731 pro
712 2666 840 2717 contudit.
876 2666 949 2721 Quod
966 2667 1015 2717 etsi
1032 2666 1092 2716 ferri
1110 2667 1160 2716 for·

57 2750 108 2785 asse
126 2735 221 2800 possit3
249 2733 377 2797 sequimur
400 2738 483 2782 tamen
502 2733 630 2798 vulgatam
653 2734 799 2795 lectionem,
823 2748 898 2799 quem
921 2738 947 2784 et
963 2735 1043 2785 nostri
1061 2735 1160 2785 codices

59 2802 196 2853 raeferunt.
232 2802 272 2850 Ita
290 2800 405 2862 Persius,
432 2802 477 2851 ubi
501 2801 569 2851 hunc
593 2802 676 2867 ipsum
694 2802 779 2852 locam
797 2802 934 2866 expressit,
952 2802 1004 2852 Sat.
1023 2801 1054 2864 V,
1078 2819 1100 2855 v.
1119 2806 1159 2855 61.

57 2872 95 2932 te]
115 2869 179 2930 „sed
196 2884 254 2919 cram
273 2867 394 2934 lapidosa
412 2869 533 2933 cheragra
546 2866 666 2933 Fregerit
683 2870 812 2931 articulos,
831 2873 925 2920 celcris
941 2871 1057 2921 ramalia
1074 2868 1160 2936 sagii*

57 2938 190 2988 lacrobius
214 2937 314 2988 Satura.
334 2936 376 2996 ΙΙ,
400 2938 423 2987 l.
449 2938 475 3001 [ς’
495 2940 536 2999 16]
577 2936 720 3000 „Vatinius
744 2937 870 2998 confusas
894 2938 1032 3003 podagra,
1058 2939 1163 2989 aoiatrat

57 3021 131 3057 rrucrr
149 3005 236 3054 vr'rierr'
252 3005 405 3054 discussisse
422 3008 476 3054 iam
494 3008 601 3067 vilium,
620 3011 646 3056 et
662 3007 734 3056 mille
751 3022 845 3072 passeis
862 3006 999 3056 ambulare
1015 3023 1043 3056 sa
1058 3007 1161 3071 gloria-

58 3077 150 3125 atcr.“
184 3074 306 3136 Emenda
325 3087 462 3122 corrosus
479 3073 611 3137 podagra.

97 3142 150 3195 '34
185 3139 295 3192 Nemori
314 3141 399 3191 oleran
416 3138 487 3200 serat
503 3144 605 3204 ocirrsf]
641 3139 710 3191 Illud
726 3139 803 3204 seret,
822 3142 883 3206 quia
900 3142 976 3193 semel
994 3143 1022 3193 in
1040 3142 1159 3193 editioni-

57 3227 88 3260 us
106 3209 198 3275 priscis
215 3209 298 3258 locum
315 3208 435 3271 obtinuit,
453 3209 528 3259 veriti
545 3218 605 3259 sunt
622 3210 776 3274 Interpretes
794 3226 824 3260 ex
842 3226 871 3260 co
888 3210 1003 3261 deiicere.
1031 3212 1065 3261 nt
1082 3211 1160 3261 iidem

57 3295 67 3326 1
93 3276 200 3327 dimidia
223 3277 299 3326 ferme
317 3275 432 3326 codicum
449 3281 521 3343 parte
537 3292 607 3327 suar
624 3278 791 3339 invenerunt,
815 3283 844 3329 ut
868 3285 893 3329 et
917 3293 964 3329 nos
982 3279 1009 3329 in
1027 3278 1158 3341 Leidensi,

57 3346 248 3411 Iagdalenensi‚
272 3354 297 3394 et
320 3343 378 3394 aliis
402 3350 533 3408 quattuor:
561 3345 627 3410 quod
645 3345 773 3397 efficacius
790 3352 816 3397 ct
833 3346 944 3400 velocius
962 3347 1081 3412 quiddam
1099 3363 1159 3412 prae

57 3431 65 3464 e
89 3415 147 3465 sert.
183 3412 227 3463 Sic
250 3412 317 3462 infra
340 3427 414 3462 versu
436 3413 541 3474 ultim03
567 3413 662 3479 „Ocius
685 3415 747 3466 irinc
772 3420 796 3465 le
811 3414 851 3467 Ni
872 3417 967 3480 rapis.“
1002 3416 1071 3470 Quin
1089 3417 1159 3465 etin

57 3521 61 3530 .
82 3484 123 3534 35.
159 3481 243 3545 „Cum
265 3480 348 3530 merito
368 3480 426 3546 [sic]
445 3482 560 3532 blateras
584 3483 699 3533 clamore
722 3482 878 3549 fargisqaa,“
904 3483 953 3534 hoo
976 3484 1061 3534 malim
1086 3500 1159 3548 quam

57 3550 107 3599 uod
118 3550 163 3599 elii
179 3549 278 3599 codices
286 3548 441 3614 praeferunt,
459 3565 607 3611 marsnam
626 3551 673 3600 etsi
682 3551 709 3599 id
718 3550 845 3615 plerisque
854 3551 1024 3616 Interpretnm
1033 3551 1159 3616 placuisse

57 3618 122 3670 ideo.
158 3617 283 3674 Quorsum
300 3617 367 3666 enim
385 3616 506 3677 fureret?
533 3633 622 3683 nempe
645 3618 727 3667 omnis
744 3634 827 3668 morae
845 3619 981 3684 impatiens
998 3634 1090 3683 magno
1108 3619 1159 3668 cla·

57 3703 108 3736 rore
127 3701 211 3735 servos
228 3691 367 3735 vocaverat.
402 3685 446 3734 Illi
463 3702 538 3748 vero,
562 3692 591 3736 ut
608 3701 654 3751 par
671 3694 722 3749 est,
747 3685 818 3735 illico
842 3701 986 3745 accurrere,
1010 3692 1035 3736 et
1052 3686 1159 3750 quisquc

57 3770 86 3803 ro
105 3769 131 3804 se
150 3752 237 3805 sedulo
255 3753 324 3803 iussa
341 3752 438 3802 domini
456 3769 591 3819 capessere.
618 3753 691 3803 Certe
709 3752 900 3814 nullafurandi
916 3769 1006 3803 caussa
1023 3760 1087 3814 crat3
1107 3754 1159 3803 nisi

57 3823 165 3871 lrocati
182 3836 234 3871 non
258 3822 507 3886 obtemperaverunt:
530 3822 598 3886 quod
620 3837 700 3886 neque
724 3836 770 3885 per
793 3838 819 3871 se
844 3821 979 3871 verisimile
1002 3827 1052 3883 est,
1077 3836 1158 3884 neque

57 3899 125 3939 larus
144 3890 170 3938 id
188 3889 255 3938 ultro
273 3889 353 3939 fassus
372 3896 443 3940 esset.
478 3891 548 3954 Ergo
565 3890 651 3953 fagit,
670 3888 774 3953 opinor,
792 3904 853 3953 prae
870 3888 1042 3939 festinationis
1059 3889 1157 3951 studio;

57 3964 68 4007 t
86 3956 209 4021 alibi,ad
226 3958 396 4008 Maecenatem
414 3959 518 4008 memori
535 3964 618 4008 mente
635 3958 797 4008 recurrebat.
825 3958 958 4008 Praeterea
975 3973 1047 4007 versu
1066 3957 1158 4007 abhinc

57 4027 116 4076 ertio
134 4024 255 4075 ueprius
279 4041 375 4091 repono
400 4042 430 4076 ex
453 4027 539 4076 codice
557 4025 720 4090 vigorniensi
745 4030 770 4075 et
792 4024 944 4088 Reginensi3
972 4040 1017 4089 pro
1042 4023 1158 4088 Milm'as,

57 4094 107 4143 uod
131 4094 254 4143 hactenus
278 4095 401 4145 editiones
423 4094 564 4161 occupavit.
600 4094 641 4144 Ita
657 4093 726 4143 Pons
744 4091 860 4142 Mrrloirm
876 4094 903 4142 in
921 4091 1063 4156 potioribus
1081 4094 1159 4143 Mern-

57 4162 127 4212 ranis
150 4162 219 4226 apud
243 4160 388 4212 Ciceronem
413 4161 488 4213 Catil.
508 4163 555 4211 111.
582 4163 607 4225 [2
633 4164 648 4225 ς’
668 4164 692 4223 5]
718 4166 743 4211 et
767 4161 798 4210 ad
823 4161 900 4211 artie.
918 4161 998 4223 XIII,
1022 4163 1062 4214 33.
1089 4163 1114 4226 [ξ
1133 4165 1158 4224 l]

58 4230 190 4281 allustium
215 4228 269 4281 Cat.
295 4229 366 4281 XLV
390 4232 416 4296 [ξ
437 4233 475 4292 1];
501 4229 653 4280 Trebellium
679 4231 706 4279 in
731 4228 848 4280 Gallieno
871 4228 973 4289 xv1113
999 4229 1160 4281 Ammianum
