2834 4758
584 210 616 268 Q.
638 212 780 259 Bonam
801 213 926 261 FLACOI

550 462 616 526 AD
648 363 974 540 Togguarun.

285 583 453 663 Diffugere
475 580 580 645 nives:
603 580 738 645 redeunt
759 580 824 646 iam
847 584 994 664 gramina
1016 585 1147 671 campis,

404 665 645 747 Arboribusque
667 685 793 732 comae:

283 753 387 817 Mutat
408 758 493 815 terra
513 749 620 828 vioes3
644 756 676 814 et
698 751 915 818 decrescentia
937 753 1025 839 ripas

404 834 555 900 Flumina
576 842 796 919 praetereunt:

255 921 398 988 5Gratia
419 941 490 985 cum
513 919 673 1004 Nymphis
696 920 897 1004 geminisque
919 922 1082 988 sororibus
1104 924 1204 990 audet

401 1007 527 1069 Ducere
549 1007 637 1068 nuda
659 1005 782 1072 choros.

282 1090 469 1157 inmortalia
490 1109 531 1155 nc
554 1109 675 1173 speres,
697 1098 805 1156 monet
827 1111 940 1169 annus,
963 1099 995 1157 et
1016 1093 1137 1159 almum

404 1174 495 1253 Quae
517 1175 602 1259 rapit
623 1174 703 1239 hora
725 1176 820 1240 diem.

280 1261 417 1343 Frigora
437 1259 609 1325 mitescunt
630 1261 795 1345 zephyris:
818 1281 874 1326 ver
895 1260 1029 1345 proterit
1051 1268 1169 1340 aestas,

240 1358 268 1408 ιο
401 1345 583 1422 interitura,
606 1343 702 1410 simul

279 1429 420 1495 Pomifer
441 1434 615 1495 autumnus
638 1429 749 1510 fruges
772 1428 935 1495 effuderit:
959 1435 991 1496 et
1013 1449 1087 1493 mox

400 1514 520 1578 Bruma
541 1514 674 1579 recurrit
696 1516 792 1579 iners.

278 1600 406 1664 Damna
427 1605 535 1663 tamen
557 1600 677 1664 celeres
699 1606 851 1685 reparant
872 1598 1025 1664 caelestia
1046 1599 1157 1663 lunae:

399 1685 468 1749 Nos
491 1684 546 1749 ubi
568 1684 745 1749 decidimus

237 1782 265 1832 15
280 1769 351 1847 Quo
374 1775 466 1856 pater
487 1771 624 1848 Aeneas,
648 1789 711 1851 quo
734 1769 858 1847 Tullus,
883 1768 972 1835 dives
996 1774 1027 1833 et
1048 1769 1166 1847 Ancus,
1237 1780 1240 1785 ⁴

395 1853 506 1920 Pulvis
530 1860 562 1920 et
583 1856 698 1918 umbra
720 1874 842 1920 sumus.

584 1972 607 2006 v.
629 1959 666 2007 15.
686 1955 760 2021 Vulg.
779 1958 843 2005 Pius
860 1958 922 2004 Aen.

191 2057 293 2107 nomine
311 2072 398 2107 omnes
418 2058 536 2119 Graecos,
558 2062 634 2121 atque
653 2057 714 2107 adeo
731 2056 853 2120 Lesbios,
878 2055 1059 2121 comprehendi
1076 2071 1162 2120 posse,
1180 2056 1258 2106 facile
1286 2073 1320 2107 ex
1391 2102 1395 2115 ,

190 2124 277 2175 multis
301 2128 433 2189 poetarum
458 2124 522 2174 locis
544 2124 699 2191 probaveris.
735 2125 828 2190 Virgil.
844 2125 941 2186 Aeni,
957 2126 998 2175 44.
1033 2123 1177 2187 „Pallasne
1201 2140 1322 2176 enarer-e

190 2195 299 2244 classem
316 2194 473 2258 Argivum?“
509 2198 535 2243 et
545 2194 581 2253 ΙΙ,
600 2195 658 2244 254.
691 2193 745 2257 „Et
761 2196 815 2242 iam
834 2193 928 2256 Argiva
942 2192 1068 2258 phalanx
1084 2194 1223 2241 instructis
1241 2197 1323 2243 navi-

190 2264 238 2312 tas
255 2263 339 2311 ioatf‘
365 2263 480 2327 Propert.
492 2263 526 2323 II,
541 2263 579 2312 19.
593 2264 626 2323 [v.
636 2262 678 2323 79]
697 2260 830 2325 „Vidistis
842 2260 979 2326 quandam
987 2260 1084 2322 Argiva
1092 2260 1205 2324 prodire
1212 2260 1319 2324 figura,

190 2328 303 2381 Vidistis
320 2336 440 2380 nostras:
464 2335 579 2395 atraque
606 2329 695 2391 forma
710 2330 810 2395 sapit.“
843 2329 954 2378 Martial.
965 2328 1010 2389 IV,
1020 2330 1060 2379 55.
1081 2332 1113 2390 [v.
1126 2330 1152 2390 4]
1187 2330 1320 2393 „Argivae

186 2402 333 2463 geraeratas
350 2400 422 2448 inter
439 2400 530 2460 artes,
554 2395 655 2447 Thebas
673 2400 793 2448 carmine
810 2402 900 2447 cantet
924 2401 949 2446 st
966 2394 1093 2461 Mycenas
1110 2425 1145 2433 -
1157 2394 1215 2446 Nos
1233 2395 1320 2447 Celtis

186 2468 293 2531 genitos
312 2471 338 2515 et
354 2481 389 2515 ea
406 2466 490 2516 Iberis
508 2464 625 2515 Nostrae
649 2468 759 2515 nomina
783 2465 897 2515 duriora
917 2470 1005 2514 terrae
1024 2462 1106 2513 Grato
1133 2479 1188 2514 non
1211 2465 1320 2529 pudeat

187 2535 290 2595 referre
307 2536 413 2587 versa“
436 2533 480 2582 ubi
500 2534 598 2597 Argivi
624 2533 690 2583 clare
716 2534 855 2598 designant
874 2533 983 2582 Graecos
1002 2548 1185 2597 quoscumqu03
1211 2536 1237 2581 et
1254 2549 1318 2598 pro·

187 2602 247 2652 indo
265 2601 371 2666 Argiva
392 2599 489 2650 Tlralc'a
514 2602 600 2650 cadem
619 2602 668 2650 erit
694 2617 723 2650 ac
751 2600 867 2661 Graeca3
896 2605 921 2650 ct
948 2616 978 2650 ex
1002 2600 1120 2664 opposito
1144 2600 1339 2663 respondebit.

189 2668 321 2719 Camenae
338 2669 465 2718 Dauniae
483 2668 535 2718 sive
553 2667 697 2721 Romanae.

256 2739 279 2786 t.
298 2735 334 2784 Et
353 2735 452 2785 almam
471 2734 546 2798 Qaae
562 2738 638 2801 rapit
648 2737 721 2787 Hora
732 2737 810 2800 diem]
829 2738 887 2787 Duo
897 2737 1060 2786 Torrentiani
1074 2735 1180 2797 aldarn3
1199 2743 1225 2788 ct
1239 2738 1315 2787 simi·

185 2805 246 2854 liter
263 2803 469 2863 Franckeranus3
488 2809 514 2853 ct
531 2804 689 2853 Graevianus
706 2822 753 2871 pro
772 2806 843 2855 varia
859 2805 976 2854 lectione.
1013 2803 1062 2854 Sed
1080 2804 1136 2854 dies
1153 2805 1229 2855 albas
1246 2809 1316 2856 esset

186 2872 291 2934 hilaris,
310 2871 404 2935 laetas,
422 2870 535 2933 sanstus,
554 2875 583 2920 ut
594 2873 699 2922 Graecis
717 2871 802 2934 Λευκὴ
823 2869 927 2940 ἡμέρα,
949 2869 1025 2933 ἡδεῖα
1042 2874 1087 2920 καὶ
1105 2866 1206 2938 ἀγαθή.
1236 2873 1314 2930 Quod

186 2940 217 2989 ad
235 2938 341 2989 Horatii
357 2945 467 2989 mentem
485 2940 644 2990 nihilfecit:
668 2958 719 2992 non
745 2942 812 2991 enim
836 2939 965 3005 quaelibet
983 2941 1050 2990 liora
1075 2940 1141 2990 diem
1159 2941 1269 2991 hilarem
1288 2947 1315 2992 et

185 3007 321 3059 candidum
339 3008 417 3058 solem
435 3009 511 3058 vehit.
548 3008 627 3058 Silius
645 3009 752 3059 Italicus
770 3009 815 3059 lib.
826 3010 881 3059 XV.
892 3012 924 3071 [v.
935 3012 977 3071 53]
1007 3008 1080 3072 „Sed
1097 3014 1209 3059 canent
1225 3009 1313 3059 albus·

185 3093 233 3141 que
258 3077 325 3138 dios,
351 3078 485 3141 horaeque
502 3093 624 3139 serenas,
647 3077 685 3127 Et
709 3077 787 3128 molli
809 3077 918 3128 dabitur
935 3079 1008 3126 victe
1025 3092 1135 3140 sperare
1150 3081 1313 3128 senectam.“

184 3145 268 3201 Quare
285 3144 446 3195 retinendum
464 3150 502 3194 est
521 3162 577 3194 eum
595 3145 671 3194 oditis
681 3146 796 3207 Almam,
814 3150 965 3210 perpetuum
975 3145 1037 3194 Dici
1049 3144 1189 3208 epitheton.
1216 3145 1313 3210 virgil.

183 3213 272 3278 Eclog.
285 3214 356 3262 VIII.
367 3216 401 3275 [v.
416 3216 456 3275 17]
474 3212 617 3277 „Nascere
634 3228 753 3278 praeque
771 3213 837 3263 diem
853 3216 961 3263 veniens
979 3228 1038 3276 age,
1052 3211 1169 3276 Lucifer,
1188 3213 1311 3263 almum.“

184 3286 209 3330 ct
227 3284 289 3332 Aen.
302 3281 333 3345 V,
344 3283 384 3333 64.
420 3284 463 3345 „si
479 3297 552 3331 nona
570 3280 635 3330 diem
654 3281 813 3331 mortalibus
831 3281 925 3331 almum
942 3281 1052 3331 Aarora
1071 3281 1224 3331 catalect-iifl
1258 3283 1311 3331 Bo·

183 3349 250 3398 etius
268 3349 296 3397 in
314 3348 415 3399 Consol.
427 3349 471 3410 IV,
484 3352 506 3401 6.
527 3352 558 3411 [v.
572 3352 612 3411 15]
648 3349 768 3414 „Vesper
786 3366 860 3400 seras
878 3352 992 3399 nunciat
1007 3350 1130 3413 iambres,
1147 3347 1312 3413 devenitque

182 3416 249 3465 diem
274 3414 386 3476 Lucifer
409 3416 528 3466 almnm.“
564 3416 680 3467 Ceterum
699 3418 878 3483 Vigornieneis
903 3422 990 3468 noster
1015 3417 1122 3466 absurde
1144 3417 1236 3480 pelam
1258 3432 1309 3482 pro

183 3484 252 3534 dr‘ern
270 3484 296 3532 in
318 3483 373 3532 erit.

252 3500 369 3614 ligone
386 3554 449 3616 pias
466 3551 580 3614 Aeneas]
616 3554 657 3603 Ita
679 3555 729 3603 iam
748 3555 776 3604 in
795 3553 871 3603 editis
889 3551 984 3616 ubique
1003 3550 1190 3603 circumfertur:
1217 3568 1308 3602 verum

180 3620 252 3670 aliud
270 3619 385 3685 suggerit
403 3618 492 3668 melior
509 3636 570 3685 pers
584 3622 793 3673 membranarum.
830 3620 914 3671 Codex
932 3619 1125 3684 antiquissimus
1141 3618 1307 3683 Blandinius,

180 3689 256 3753 „an
265 3688 485 3755 paterAeneas“:
504 3692 581 3752 atque
590 3690 718 3739 itanostri
729 3690 889 3754 Regincneis‚
907 3688 1077 3749 Battelianus,
1088 3687 1306 3752 Magdalonensis‚

179 3758 314 3808 Bodleiani
333 3756 398 3820 duo,
422 3762 448 3804 et
466 3772 481 3806 a
499 3757 582 3821 prima
599 3774 676 3808 manu
694 3759 866 3816 Graevienus;
893 3773 975 3821 neque
999 3756 1073 3805 aliter
1090 3771 1157 3805 unus
1174 3755 1305 3807 Torrentii

180 3831 206 3875 et
223 3825 344 3876 Lambini
362 3825 468 3889 aliquot.
491 3824 564 3879 Quod
583 3827 623 3876 vel
641 3825 672 3875 ob
690 3827 768 3876 solam
786 3826 919 3876 Blandinii
937 3823 1114 3874 auctoritatem
1132 3824 1306 3874 reducendum

180 3898 225 3943 est.
260 3895 297 3944 Et
322 3908 382 3943 sene
399 3894 480 3943 Pater
497 3893 602 3943 Aeneas
627 3894 705 3944 vicies
730 3899 775 3944 aut
792 3894 902 3958 amplius
926 3893 993 3957 apud
1011 3891 1149 3956 Virgilium
1174 3893 1305 3945 occurrit:

179 3962 255 4026 idque
274 3977 304 4012 cx
322 3977 398 4023 more,
418 3962 479 4026 quis
496 3963 573 4012 Pater
591 3967 645 4012 erat
663 3963 747 4026 gentis
757 3965 892 4022 Romanae,
911 3960 1119 4010 undeAeneadac
1136 3959 1303 4009 vocabantur.

177 4030 279 4079 Ennius
297 4028 505 4091 Annel.1.[v.53
524 4029 608 4092 Vahl]
635 4029 693 4094 „Te
711 4046 783 4080 natac
800 4035 894 4080 serrata
909 4045 1008 4094 precor
1026 4028 1116 4079 Venas
1134 4032 1160 4077 et
1174 4030 1304 4093 genetrix

178 4096 262 4146 Patris
280 4098 387 4147 nostri.“
416 4097 504 4160 Neque
522 4113 582 4148 vero
601 4114 665 4162 opus
684 4104 730 4159 est,
749 4105 778 4148 ut
792 4101 856 4164 pias
874 4098 931 4148 ideo
949 4101 1098 4158 assumatur,
1118 4111 1167 4159 quo
1184 4095 1304 4146 ostendat
