2810 4764
199 223 262 286 242
581 234 613 295 o.
635 234 778 282 uonsru
798 234 923 282 renem

328 372 452 447 Posset,
475 369 553 451 quid
574 368 716 448 Augusti
737 374 891 453 paternus

410 455 449 519 In
469 473 587 539 pueros
609 453 736 518 animus
757 455 911 518 Nerones.

286 542 401 605 Fortes
423 545 572 604 creantur
593 538 729 603 fortibus
751 545 783 602 et
805 537 914 602 bonis:

243 638 274 688 so
287 627 347 692 Est
366 625 401 690 in
422 623 576 701 iuvencis,
599 630 649 687 est
669 623 702 686 in
725 623 817 705 equis
839 629 968 707 patrum

202 845 289 911 „Quia
307 859 361 894 non
377 848 466 909 potest
482 842 601 892 Drusum
621 842 734 892 laudare
751 856 838 906 necne,
856 846 886 890 ut
901 840 989 901 filium
1008 841 1139 904 Augusti.-
1164 842 1197 890 ab
1217 856 1253 890 ee
1275 840 1342 889 edra-

201 919 291 965 aatum
307 915 512 975 instinctumque
530 910 622 959 dicit.“
656 911 725 959 Bene
742 925 816 959 sane:
839 924 926 959 verum
943 907 1009 957 illud
1026 908 1150 968 demiror,
1176 924 1236 958 cum
1258 908 1292 956 in
1311 923 1342 956 eo

201 983 252 1031 iam
270 982 305 1030 sit
322 981 429 1041 Noster,
454 983 484 1027 ut
501 978 692 1028 institutionem
716 981 742 1027 et
765 975 928 1042 disciplinam
952 975 1041 1026 laudet
1057 976 1170 1026 familiae
1189 978 1341 1040 Augustae,

200 1053 345 1113 asseratque
363 1063 428 1112 pene
446 1046 504 1111 plus
521 1046 661 1096 doetrinae
677 1051 704 1095 ct
720 1045 808 1095 aulaei
823 1045 948 1108 Drusum,
974 1053 1050 1109 quam
1073 1048 1179 1094 naturae
1197 1049 1224 1094 et
1244 1042 1343 1093 indoli

200 1117 331 1176 debuisse3
350 1131 401 1181 qno
418 1114 519 1164 tandem
538 1113 646 1163 consilio
662 1112 785 1175 saucia
801 1111 953 1178 pensantia
971 1112 1073 1162 dixerit.
1092 1112 1198 1162 Nullum
1211 1111 1339 1177 profecte

201 1186 332 1251 epitheton
357 1183 395 1233 sel
418 1184 478 1233 data
500 1197 577 1247 opera
599 1181 706 1245 seligere
734 1181 821 1246 potuit
848 1180 930 1244 magis
953 1180 1071 1230 alienum.
1108 1180 1237 1235 Quorsum
1265 1180 1339 1230 enim

201 1253 345 1318 disciplina
368 1257 395 1300 et
417 1250 517 1310 cultus;
542 1251 564 1299 si
589 1249 716 1309 tornense
740 1252 766 1298 et
787 1248 926 1309 incestitati
948 1248 1114 1298 adscribenda
1131 1253 1205 1297 erant
1223 1246 1338 1298 omnia?

200 1322 271 1371 Haec
289 1319 392 1384 quidem
409 1335 435 1369 se
452 1322 541 1367 mutuo
564 1316 728 1378 subvertunt,
752 1332 835 1381 neque
857 1317 886 1366 in
909 1332 961 1366 nno
984 1317 1121 1381 eodemque
1144 1316 1201 1366 loco
1220 1323 1339 1380 possunt
1397 1357 1398 1360 ,

201 1389 347 1439 consistere.
382 1387 431 1436 Sed
449 1401 511 1435 eave
528 1385 614 1435 credas
623 1386 760 1435 Horatium
777 1385 852 1434 huius
870 1384 960 1449 culpae
977 1384 1078 1434 affinem
1095 1400 1162 1444 esse;
1181 1398 1338 1449 quanquam

201 1471 287 1507 omnes
312 1470 374 1519 quos
397 1454 504 1503 videam
529 1454 628 1503 codices
651 1454 743 1518 scripti
767 1453 880 1517 aditique
910 1453 938 1502 in
961 1452 1072 1502 lectione
1095 1453 1143 1502 hac
1167 1453 1335 1518 conspirent.

200 1527 298 1574 Auctm
320 1523 389 1573 enirn
412 1537 567 1587 sponsorque
590 1522 756 1582 cascanum,
781 1522 818 1570 sic
836 1536 852 1570 a
868 1525 958 1585 potitae
982 1536 1058 1570 manu
1081 1520 1165 1570 locum
1184 1520 1335 1585 profectum

200 1607 268 1642 esse:
286 1590 423 1653 „Senserq
441 1590 508 1654 quid
523 1605 596 1639 mens
613 1592 674 1652 rite,
692 1589 758 1654 quid
773 1588 877 1638 indoles
893 1587 1007 1639 Nutrita
1024 1590 1119 1639 sanctis
1136 1589 1184 1637 sub
1200 1594 1335 1654 penetra·

201 1661 296 1709 litus.“
331 1658 431 1723 Lippus
449 1658 544 1721 uliquis
560 1657 682 1707 librarius
699 1659 750 1705 iam
767 1672 782 1705 a
799 1657 887 1705 multis
904 1656 1012 1707 saeculis
1035 1658 1101 1706 hanc
1118 1656 1202 1706 labem
1219 1656 1333 1714 invexit,

200 1728 331 1778 literarum
350 1725 518 1776 similitudine
536 1725 664 1789 deeeptus.
699 1725 801 1789 Quippe
824 1724 843 1785 f
855 1729 881 1773 et
897 1739 915 1774 n
934 1740 1009 1789 quam
1031 1725 1174 1775 simillimas
1199 1740 1253 1774 esse
1272 1726 1295 1785 f
1306 1732 1334 1771 et

200 1811 219 1846 u
236 1811 309 1845 nemo
327 1811 378 1844 non
396 1794 478 1845 videt:
512 1794 540 1843 in
557 1795 664 1843 vetustis
682 1800 766 1843 autem
782 1792 935 1842 membranis
954 1799 981 1842 et
997 1798 1023 1844 et
1039 1793 1071 1855 ll,
1095 1792 1140 1842 ubi
1163 1809 1216 1842 uno
1234 1792 1331 1842 calami

200 1865 280 1914 ductu
298 1863 459 1923 scribuntur,
477 1862 520 1910 vix
537 1863 605 1910 inter
622 1878 648 1911 se
666 1862 783 1925 dignosci
800 1876 874 1925 posse
891 1861 939 1910 fide
957 1862 1055 1926 optima
1071 1861 1196 1910 affirmare
1213 1876 1330 1926 possum.

201 1931 315 1982 Celerum
334 1933 435 1981 sanctis
450 1929 633 1995 penetralibus
650 1929 749 1978 nullum
772 1929 800 1977 in
817 1929 887 1978 omni
904 1929 982 1979 Latio
1006 1931 1091 1995 aptius
1109 1928 1260 1978 vocabulum
1281 1932 1330 1985 est,

200 1999 246 2050 nbi
263 2000 294 2049 de
312 1998 461 2049 educatione
479 2003 505 2047 et
522 1998 642 2059 moribus,
660 1997 731 2046 velut
748 1998 796 2046 hoe
813 1997 840 2047 in
857 1997 922 2057 loeo,
939 1999 1032 2061 agitur.
1068 1997 1157 2047 (licere
1174 1997 1328 2062 Philippica

199 2069 313 2118 11.e.2'1.
335 2068 362 2133 [ᾗ
372 2068 415 2129 68]
451 2066 492 2129 „0
510 2065 653 2115 audaciam
670 2068 829 2115 immanem!
853 2071 882 2115 tu
900 2069 980 2115 etiarn
998 2065 1108 2129 ingredi
1125 2065 1200 2115 iilam
1219 2065 1330 2115 imnum

201 2135 336 2201 (Pompeii)
354 2150 436 2184 ausus
454 2137 499 2183 esi
523 2139 552 2183 tn
569 2133 640 2182 iliud
655 2134 844 2182 sanctissimum
860 2133 938 2183 limen
957 2136 1061 2184 intrare
1068 2135 1098 2183 Ρ(
1115 2140 1141 2182 et
1157 2148 1217 2182 mox
1243 2148 1264 2182 c.
1286 2132 1328 2183 28·

202 2203 231 2270 [ἕ
241 2205 283 2266 69]
302 2202 395 2267 „Qcad
411 2205 481 2252 enirn
498 2201 652 2251 illudamus
670 2201 776 2251 adderet
792 2203 847 2251 nisi
861 2201 998 2266 pudicum,
1016 2204 1071 2251 nisi
1087 2217 1122 2251 eu
1139 2204 1239 2266 optimo
1251 2215 1329 2250 more

200 2278 226 2322 et
243 2271 403 2321 sanctissime
420 2269 594 2335 disciplina?“
628 2269 757 2318 Iuvenalis
775 2269 827 2318 Sat.
843 2269 912 2331 XIV,
922 2271 965 2322 68.
999 2269 1090 2334 „illaad
1105 2284 1161 2319 reon
1178 2272 1277 2333 agitas,
1296 2271 1328 2316 ut

200 2344 313 2389 sanctam
330 2339 398 2389 filius
417 2342 490 2390 omni
507 2339 630 2403 Aspiciat
645 2341 703 2387 sine
722 2337 780 2387 late
797 2337 907 2399 domum,
925 2339 1042 2402 vitioque
1060 2339 1229 2387 carentemd‘
1248 2335 1327 2386 Colu-

200 2407 288 2469 mella,
312 2407 356 2456 lib.
376 2406 408 2458 X.
427 2409 460 2469 [v.
479 2408 539 2468 279]
581 2404 678 2469 „Casta
701 2405 768 2466 fides
792 2405 891 2457 colitur
914 2407 1005 2468 nobis,
1035 2406 1168 2469 sanctique
1191 2407 1326 2468 penates.“

199 2476 305 2525 Porcius
323 2476 401 2524 Latro
420 2475 531 2524 Declam.
550 2474 578 2522 in
595 2473 741 2523 Catilinam.
761 2476 792 2535 [c.
812 2475 854 2534 14]
888 2471 963 2536 „Nec
986 2473 1076 2524 Druso
1100 2473 1257 2523 sanctissimi
1281 2473 1327 2521 sui

200 2547 312 2608 penates,
329 2559 378 2592 nee
397 2541 545 2592 Saturnine
563 2545 606 2590 ins
622 2546 809 2591 sacrosanctae
827 2542 968 2605 dignitatis
986 2543 1148 2591 ducidulum
1166 2543 1231 2591 est.“
1248 2540 1326 2591 Vale·

199 2611 326 2661 riusMax.
334 2610 378 2670 vl,
386 2612 409 2671 5,
421 2612 465 2672 1[5
476 2612 525 2673 pn]
544 2645 559 2670 ‚,
565 2607 676 2674 Tempus
685 2615 724 2659 est
731 2610 853 2659 Iustitiae
863 2624 967 2675 quoque
975 2615 1064 2659 sancte
1073 2609 1213 2673 penetralia
1221 2608 1326 2658 adire-‘⁸'

199 2679 270 2727 Idem
287 2678 323 2740 Π,
342 2680 365 2739 l,
384 2679 407 2729 6.
442 2675 517 2740 ‚‚Tu‚
534 2677 657 2726 Postumi
674 2677 803 2741 dictator,
821 2677 853 2727 A.
872 2678 1050 2741 Postumium,
1069 2693 1146 2742 qaaere
1163 2676 1200 2727 ad
1214 2677 1324 2740 generis

199 2744 419 2810 penetraliumque
437 2759 564 2793 sacrorum
581 2748 771 2795 successionem
786 2745 994 2811 propagandam
1010 2748 1169 2810 genueras.“
1187 2745 1257 2795 Idem
1275 2742 1322 2803 IX,

201 2815 241 2874 15,
252 2814 276 2864 3.
295 2814 346 2874 [15,
356 2814 382 2874 2]
400 2811 514 2861 dedomo
524 2811 643 2861 Octaviae
662 2814 754 2862 sororis
762 2814 874 2879 Augusti
890 2814 1008 2878 loquens:
1028 2812 1081 2877 „Ut
1097 2813 1187 2863 eodem
1206 2818 1323 2877 tempere

199 2879 354 2930 sanctissimi
372 2885 484 2944 penates,
503 2884 528 2929 et
545 2882 603 2929 ueri
619 2883 759 2945 sanguinis
776 2884 905 2932 mernoriu
921 2882 1116 2947 spoliarentur,
1141 2886 1167 2931 et
1182 2879 1250 2940 falsi
1265 2895 1323 2931 scr·

199 2947 264 2998 dida
287 2950 448 3012 contagione
471 2950 706 3012 inquinarentur.“
741 2949 844 3000 Tacitus
868 2950 958 3001 Annal.
978 2948 1005 3011 V,
1026 2953 1047 3002 1.
1066 2950 1097 2999 de
1118 2949 1196 2999 Livia
1212 2948 1323 3013 Augusti

199 3032 291 3080 uxore,
310 3017 388 3066 Drusi
405 3017 481 3065 huius
498 3020 592 3066 matre:
629 3017 782 3078 „sanctitate
806 3018 892 3069 domus
915 3021 1034 3083 priscum
1052 3021 1080 3067 in
1104 3033 1217 3079 marem,
1241 3018 1321 3067 comis

198 3085 371 3150 ultraquam
389 3086 508 3148 anaquis
524 3083 632 3144 seminis
647 3087 816 3149 protanern.“
843 3087 970 3136 Peculiari
987 3102 1045 3135 vero
1063 3085 1163 3135 ratione
1180 3085 1321 3150 penetralia

198 3155 310 3218 Augusti
333 3158 429 3203 sancta
447 3151 616 3212 vocabantur;
642 3168 699 3202 cnm
724 3154 785 3216 qnia
808 3155 891 3219 ipsum
915 3154 1012 3204 domini
1037 3169 1176 3217 cognomen
1200 3158 1320 3203 sunonem

199 3221 342 3286 significat,
360 3226 391 3270 ut
408 3221 512 3270 Glossae
530 3220 679 3280 Philoxeni3
704 3221 855 3286 Augustus,
873 3222 993 3285 ΙΕΡΟΣ,
1010 3227 1125 3273 sanctas.
1161 3221 1235 3271 ovid.
1252 3222 1319 3270 Fast.

198 3289 219 3349 1,
239 3291 296 3340 607.
332 3287 403 3352 „Sed
420 3295 507 3337 tamen
525 3288 649 3337 humanis
667 3290 833 3339 celebrantur
856 3291 1001 3340 tenoribus
1025 3305 1128 3340 omnes:
1151 3289 1203 3339 Hic
1220 3292 1319 3339 socium

198 3370 299 3405 summo
319 3371 378 3405 eum
396 3356 457 3405 Ioue
474 3371 569 3405 nornen
587 3358 671 3405 tabet.
708 3358 802 3407 Sancta
824 3363 922 3408 cecant
944 3364 1052 3423 augusta
1072 3362 1180 3423 patres.⁸
1205 3361 1319 3422 augusta

199 3428 331 3472 vocantur
351 3421 472 3488 Templa,
498 3425 666 3474 sacerdotnm
684 3429 736 3475 rite
759 3425 848 3475 dicata
866 3430 976 3478 manee.“
1010 3427 1075 3476 Tum
1091 3430 1237 3491 praeterea,
1263 3426 1319 3490 quia

199 3490 227 3539 in
245 3490 303 3555 ipso
320 3490 418 3555 palatio
436 3491 485 3550 duo
504 3491 598 3556 templa
616 3498 701 3555 erant,
720 3493 811 3543 Vestae
830 3494 978 3560 etApollini
996 3495 1119 3544 dedicata
1139 3494 1210 3543 Idem
1218 3494 1317 3543 Metam.

198 3557 255 3620 XV,
273 3559 333 3610 864.
368 3557 415 3621 „V
413 3564 519 3624 sataque
538 3559 680 3611 Caesareos
697 3565 769 3611 inter
785 3568 893 3612 samaia
909 3567 1033 3627 perantes,
1059 3561 1096 3612 at
1112 3577 1172 3612 carra
1191 3560 1318 3612 &asareel

199 3633 229 3677 tu
248 3626 348 3676 Phoebe
372 3625 512 3677 domestice
530 3626 637 3679 Vesta.“
671 3629 748 3679 Vides
772 3630 822 3679 iam
847 3646 922 3694 quam
946 3631 1033 3680 multis
1057 3629 1203 3680 nominibus
1227 3634 1317 3680 sancta

198 3695 249 3747 dici
268 3698 423 3744 mererentur
438 3696 588 3759 penetralia
606 3697 694 3747 domus
711 3697 856 3761 Palatinae3
881 3703 935 3748 tum
959 3698 990 3747 ob
1009 3703 1122 3749 sanctam
1149 3697 1317 3761 disciplinam,

198 3769 251 3814 tum
271 3762 303 3811 ob
321 3767 436 3812 sanctum
455 3764 686 3828 Augustinorum,
712 3770 766 3815 tum
790 3767 821 3816 ob
846 3771 934 3816 sancta
951 3768 1060 3817 Deorum
1084 3765 1177 3831 templa
1195 3766 1233 3815 ibi
1252 3766 1317 3816 aedi·

196 3833 285 3912 licata,
311 3837 341 3881 ut
361 3832 392 3881 de
416 3846 474 3882 vera
497 3831 573 3881 huius
596 3831 649 3882 loci
672 3835 834 3884 restitutione
859 3836 901 3884 rix
925 3836 1049 3900 amplius,
1073 3835 1177 3900 opinor,
1202 3833 1317 3883 dubitare
1398 3844 1399 3857 ¹

197 3916 287 3964 possis.

265 3969 305 4020 29.
324 3965 420 4016 Fortes
439 3972 567 4017 meanntr
583 3967 701 4028 fortitus
719 3976 744 4020 et
761 3971 846 4033 bonis]
864 3972 895 4019 In
913 3969 1031 4035 principe
1049 3970 1161 4021 editione
1179 3969 1277 4020 Veneta
1294 3974 1315 4019 et

196 4036 291 4086 maiore
308 4040 380 4100 parte
398 4035 599 4085 membranarum
616 4036 669 4086 alia
687 4037 819 4087 distinctio
837 4044 889 4098 est;
914 4037 1026 4101 „Fortes
1044 4044 1172 4088 creantur
1187 4037 1315 4100 sortitus:

197 4108 222 4151 ei
235 4103 314 4152 nonis
328 4102 377 4152 Est
394 4106 422 4152 in
441 4105 566 4167 iuvencis,
588 4108 672 4155 estin
690 4109 764 4171 equis
778 4112 889 4172 patrum
899 4106 1026 4158 Virtus“:
1044 4122 1119 4172 quum
1137 4106 1186 4156 viri
1203 4106 1313 4170 insignes
