2818 4758
468 302 646 350 CARMINUM
666 303 732 350 LIB.
754 303 803 349 111.
824 298 849 348 4.

179 439 244 504 Vos
266 439 337 505 lene
359 437 526 506 consilium
547 444 580 504 et
601 436 695 516 datis,
718 444 750 503 et
771 436 847 503 date

179 522 334 591 Gaudetis
356 524 469 590 almae.
492 523 612 590 scimus
634 529 670 587 ut
689 522 794 608 inpios

220 608 354 674 Titanas
375 609 597 692 inmanemque
620 615 756 673 turmam

264 694 410 760 Fulmiue
432 692 598 760 sustulerit
619 712 760 771 corusco,

447 829 470 863 v.
489 814 528 864 44.
548 811 623 876 Vulg.
643 809 756 861 Caduca.

97 965 164 1029 cipes
181 964 279 1016 Veneta
296 969 321 1015 et
337 964 473 1015 Lesoheri:
498 963 564 1015 unde
587 963 616 1014 in
639 979 725 1014 omnes
749 967 880 1029 sequentes
898 962 1038 1015 derivatum
1056 972 1102 1017 est.
1138 966 1213 1022 Quod

96 1032 233 1084 defendunt
249 1033 403 1098 Interpretes
427 1048 458 1082 ex
475 1032 526 1083 alio
543 1033 599 1082 loco
616 1031 702 1097 Epist.
720 1032 743 1093 1,
763 1034 785 1097 l,
803 1033 826 1083 5.
861 1029 1022 1095 „Veianiur,
1047 1036 1129 1084 armis
1147 1033 1212 1085 Her-

97 1100 163 1152 culis
186 1100 222 1150 ad
241 1106 343 1167 portem
368 1100 446 1163 fiais,
472 1100 537 1150 latet
560 1098 662 1150 abditus
685 1114 759 1164 agre,
794 1096 836 1150 Ne
852 1098 981 1165 populum
999 1104 1118 1151 'extrema
1136 1105 1212 1153 toties

97 1173 189 1219 enaret
206 1170 315 1219 arena.“
333 1168 413 1233 Atqui
430 1169 478 1219 hoc
496 1167 566 1218 aliud
584 1172 630 1232 est,
648 1183 737 1233 nempe
755 1167 911 1228 occultatur,
922 1167 1100 1232 absconditus,
1112 1169 1211 1229 lateam

94 1241 125 1286 ut
141 1236 277 1287 Suetonius
299 1238 327 1286 in
345 1235 447 1288 Tiberio
468 1238 505 1289 12.
541 1234 701 1300 ‚detinuere
726 1240 789 1286 tunc
813 1249 868 1286 nen
890 1237 1027 1300 priuatum
1049 1237 1143 1302 mede,
1165 1238 1213 1288 seri

95 1307 175 1355 etiem
192 1305 337 1356 obnoxium
355 1311 382 1355 et
398 1304 531 1370 trepidum
549 1306 617 1368 egit,
635 1302 836 1354 mediterraneis
853 1302 922 1367 agris
938 1301 1054 1366 abditus,
1073 1307 1212 1371 vitansque

92 1375 386 1438 praeternauigantium
415 1371 533 1435 arfinan
574 1370 661 1433 Certe,
693 1387 745 1421 non
769 1374 851 1432 metu,
876 1385 958 1434 neque
981 1375 1010 1420 ut
1033 1370 1071 1421 ibi
1094 1372 1210 1436 laterent,

94 1441 209 1491 cohortes
232 1456 289 1490 suas
313 1441 342 1491 in
365 1441 461 1507 oppida
483 1440 555 1490 misit
572 1442 714 1504 Augustus:
742 1438 785 1489 sed
808 1442 853 1488 aut
877 1438 1022 1490 missionem
1039 1440 1076 1489 eis
1094 1445 1119 1492 et
1136 1456 1211 1506 agros

93 1508 202 1559 militiae
218 1509 332 1574 praemia
350 1508 469 1571 daturus,
492 1512 537 1559 eut
560 1508 587 1558 in
606 1507 720 1558 hibernis
743 1523 786 1557 cos
809 1505 985 1557 collocaturus.
1022 1507 1105 1563 Quare
1121 1509 1212 1560 melior

92 1576 197 1627 omnino
214 1577 291 1628 lectio
308 1581 354 1638 est,
373 1592 449 1642 quam
465 1592 546 1641 neque
563 1576 697 1642 pauciores
713 1589 795 1640 neque
812 1573 948 1625 deteriores
966 1574 1065 1626 codices
1077 1575 1212 1638 exhibent;

92 1644 224 1695 reddidit:
243 1661 273 1695 ex
289 1645 352 1697 meis
369 1649 437 1696 certe
454 1643 588 1694 Bodleiani
606 1643 671 1706 duo,
688 1642 776 1705 Galei,
795 1642 967 1704 Battelianus,
986 1641 1146 1695 colbertinus
1164 1662 1212 1712 pro

92 1713 165 1763 varia
187 1713 304 1765 lectione.
340 1716 423 1777 Atque
446 1713 487 1762 bis
510 1712 684 1777 astipulantur
702 1711 857 1761 Gmevianus
880 1714 1007 1775 uetustus,
1035 1713 1077 1776 qui
1097 1713 1211 1779 aprima

91 1796 170 1831 manu
187 1781 277 1831 habuit
294 1781 414 1845 redditis,
431 1785 461 1830 ut
478 1780 510 1830 ad
528 1780 614 1830 Musas
632 1779 770 1840 reseratum
792 1785 818 1829 et
834 1778 1002 1843 Reginensis,
1021 1780 1065 1845 qui
1083 1781 1209 1834 redditas.

91 1847 217 1899 Cohortes
234 1848 341 1909 scilicet,
359 1864 421 1913 quas
439 1864 470 1898 ex
487 1847 593 1914 oppidis
610 1847 754 1907 deduxerat,
773 1862 828 1897 cum
847 1845 968 1896 dilectum
986 1848 1132 1899 institueret
1143 1850 1210 1899 mili·

90 1923 156 1981 tum,
173 1917 224 1966 iam
241 1917 344 1968 tandem
360 1919 485 1968 musione
501 1915 569 1967 taeta
587 1916 693 1981 oppidis
711 1916 764 1967 suis
781 1913 906 1981 reddidit
924 1914 998 1965 Nihil
1009 1916 1100 1967 verius.
1117 1918 1211 1967 Noster

89 1983 211 2050 Epistola
228 1985 249 2046 I,
268 1987 292 2046 7,
310 1987 350 2037 95.
386 1983 483 2048 „Vitae
500 1999 541 2034 me
564 1983 640 2034 redde
656 1985 771 2050 prieri.“
806 1982 910 2032 Tacitus
927 1983 1017 2033 Annal.
1036 1985 1057 2045 1,
1078 1987 1116 2035 Π.
1135 1984 1165 2035 de
1183 2002 1210 2035 re

89 2053 188 2105 eadem.
224 2053 284 2115 „An
299 2055 452 2119 praetorios
470 2053 604 2115 cobortes,
628 2067 696 2117 quae
714 2052 789 2102 dines
808 2050 932 2100 denarios
950 2050 1114 2117 acciperent,
1142 2068 1210 2118 quae

85 2126 153 2188 poet
164 2120 296 2171 nondecim
309 2136 393 2171 annes
401 2118 537 2185 penatibus
552 2120 605 2169 suis
618 2118 764 2181 reddantur,
774 2119 836 2184 plue
846 2118 1028 2184 periculorum
1041 2122 1210 2185 suscipere?·‘

87 2190 127 2239 Iit
144 2189 264 2238 similiter
281 2189 349 2240 Hist.
361 2189 396 2251 II,
406 2189 446 2242 69.
481 2186 626 2250 ,βοάσθω
644 2184 813 2240 Batauorum
830 2189 859 2236 in
878 2184 1048 2237 Germaniam
1066 2190 1211 2238 remissae.-

86 2256 191 2307 reddita
208 2255 356 2307 civitatibus
374 2255 512 2308 Gallorum
530 2255 661 2307 admittet*
697 2255 794 2305 Gellius
812 2254 921 2319 denique
938 2254 1010 2315 Ltt.
1030 2253 1056 2320 [ξ
1068 2257 1094 2317 t]
1119 2256 1210 2320 „Quid

88 2327 163 2375 enim
180 2324 310 2389 dicemus,
336 2327 361 2374 si
377 2324 493 2375 induciis
510 2339 629 2374 mausum
653 2322 756 2388 aliquot
778 2321 859 2384 facab
881 2323 910 2371 in
927 2322 1022 2387 oppida
1040 2324 1130 2373 castris
1148 2339 1209 2374 con·

88 2393 204 2455 cedatur,
222 2398 385 2445 nannetum
403 2406 507 2458 quoque
524 2391 650 2442 induciae
666 2394 765 2441 euntt“
800 2388 933 2440 Caeterum
957 2406 1008 2441 non
1027 2392 1210 2442 contemnenda

88 2465 131 2511 est
148 2460 290 2511 doctissimi
306 2458 427 2510 Lambini
445 2460 605 2521 coniectura,
629 2458 674 2508 ubi
691 2474 739 2524 pre
755 2456 841 2518 fereae
858 2458 960 2524 reponit
976 2457 1075 2521 fessum
1100 2461 1162 2510 adeo
1181 2466 1210 2511 ut

86 2529 163 2578 locus
180 2532 249 2579 totns
267 2529 439 2579 constituatur
461 2528 529 2578 hunc
552 2528 581 2577 in
604 2527 719 2588 modum,
744 2525 817 2588 „Ver
836 2523 973 2577 Caesarem
991 2526 1088 2590 altum,
1112 2527 1210 2579 militia

85 2596 172 2647 simul
188 2597 279 2647 Fessus
298 2597 418 2648 coterter
435 2595 547 2646 reddidit
564 2595 684 2661 oppidis,
701 2594 795 2645 Finire
813 2599 982 2659 quaerentem
1001 2594 1104 2646 lateres
1121 2595 1209 2647 Pierio

85 2667 220 2715 recreatis
243 2667 348 2716 antro,“
384 2665 484 2729 Quippe
509 2679 538 2713 ea
556 2678 621 2729 quae
638 2668 792 2727 sequuntur,
816 2667 985 2727 quaerentem
1001 2662 1081 2724 finire
1099 2663 1211 2730 lateres,

85 2739 114 2783 et
132 2736 262 2783 recreatis
281 2732 433 2797 Caesarne,
451 2732 594 2796 efflagitant
610 2732 711 2797 potius,
736 2735 766 2780 ut
781 2729 838 2796 ipse
856 2728 961 2792 Caesar,
986 2745 1060 2796 quem
1077 2729 1210 2794 cohortes,

83 2800 186 2850 militia
203 2801 338 2864 defatigari
362 2800 470 2851 dicatur.
505 2800 610 2850 Utinam
634 2798 764 2850 accederet
787 2798 918 2848 MStorum
942 2798 1094 2850 auotoritas!
1118 2803 1210 2863 tamen,

84 2868 129 2918 vel
147 2868 345 2919 reclamantibus
363 2869 408 2931 eis,
426 2883 485 2917 vera
502 2867 644 2918 emendatio
662 2869 707 2918 est.

159 2938 201 2988 44.
220 2936 344 2987 Fulmina
360 2936 500 2986 sustulerit
516 2936 627 2998 caduce]
662 2935 743 2985 Nemo
762 2949 792 2985 ex
809 2932 926 2988 omnibus
944 2934 1120 3000 scriptoribus,
1138 2951 1210 3000 pree·

83 3009 128 3054 ter
146 3004 271 3055 Nostrum
287 3005 316 3054 in
334 3005 382 3055 hoc
400 3004 471 3065 loce,
495 3003 598 3065 fulmen
615 3004 716 3053 vocavit
733 3000 872 3052 caducum.
907 3002 967 3052 Non
984 3002 1107 3068 indignus
1123 3004 1211 3068 itaque

81 3072 172 3122 nodus
190 3076 251 3135 erat,
270 3072 297 3121 in
316 3088 366 3137 quo
383 3072 551 3137 interpretum
568 3085 629 3122 cura
646 3075 672 3120 ct
688 3070 816 3121 industria
833 3085 859 3120 se
877 3075 1010 3120 exerceret.
1036 3070 1109 3119 Nihil
1126 3074 1211 3121 tamen

80 3140 130 3190 hic
150 3139 285 3204 proferunt
300 3146 402 3204 praeter
418 3140 522 3190 unicum
539 3140 626 3189 locum
643 3154 674 3189 ex
691 3138 806 3190 Camull
825 3139 912 3200 tarr.
930 3136 987 3201 „Te
1005 3141 1080 3188 triste
1098 3138 1209 3203 lignum,

81 3214 113 3259 te
139 3208 264 3259 caducum
287 3208 320 3258 In
344 3208 446 3258 domini
469 3214 550 3274 caput
571 3208 758 3257 immerenter
822 3206 879 3256 nasi
902 3221 961 3255 vere
985 3206 1051 3255 nihil
1075 3205 1209 3272 discrepet,

79 3281 176 3326 utrum
196 3276 299 3341 lignum
316 3291 377 3341 prae
395 3276 467 3326 senio
485 3281 510 3326 et
528 3275 595 3326 carie
613 3280 702 3339 sponte
717 3289 763 3325 sua
780 3274 925 3338 ruinosum,
949 3289 982 3324 an
999 3273 1101 3335 fulmen
1118 3290 1210 3340 magna

77 3359 166 3395 manu
185 3342 309 3394 Tonantis
327 3345 432 3394 missum
450 3349 475 3394 et
493 3348 644 3402 contortum,
662 3343 792 3394 cadurcum
809 3341 958 3407 appelletur.
993 3341 1046 3391 Nos
1064 3342 1167 3393 verbnm
1184 3349 1210 3394 et

78 3413 243 3463 sententiam
267 3413 349 3476 ipsam
372 3411 589 3462 considerabimus
613 3410 771 3477 diligentius.
809 3409 909 3461 Cadere
935 3414 960 3460 et
978 3409 1098 3460 decidere
1115 3410 1210 3463 tulmen

76 3480 185 3546 passim
208 3479 277 3545 apud
294 3479 416 3530 ductores
439 3480 546 3530 dicitur:
573 3495 656 3545 neque
680 3477 802 3544 exemplis
827 3478 854 3527 in
879 3493 905 3527 re
928 3477 1062 3528 manifesta
1080 3483 1118 3529 est
1136 3495 1209 3544 opus.

79 3547 226 3600 Ceducum
243 3554 328 3598 tamen
345 3548 461 3610 fielmen,
485 3553 515 3598 ut
536 3549 587 3598 iam
612 3547 680 3609 dixi,
704 3562 777 3597 nemo
802 3546 936 3610 qnisquam
959 3545 1105 3612 appellarit.
1142 3547 1210 3603 Quid

75 3618 142 3667 ita?
167 3631 258 3682 nempe
275 3616 336 3681 quia
355 3611 385 3666 τὸ
405 3615 541 3676 Caducae,
566 3616 614 3666 etsi
632 3631 647 3665 a
664 3614 782 3666 cadendo
802 3613 905 3664 ductum
929 3614 977 3676 sit,
1002 3614 1103 3664 notioni
1126 3617 1209 3666 tamen

74 3685 198 3735 cadendi
216 3700 313 3750 semper
330 3685 483 3749 superaddat
500 3683 688 3744 infirmitatem,
707 3681 878 3745 debilitatem,
898 3681 1076 3747 fragilitatem:
1100 3682 1163 3734 adeo
1180 3686 1210 3732 ut

73 3769 136 3802 non
157 3768 331 3817 quaecumque
349 3767 449 3817 quoquo
467 3752 541 3802 modo
560 3751 660 3812 cadant,
680 3750 782 3801 caduce
799 3753 867 3800 recte
885 3748 1014 3800 dieantur:
1040 3749 1083 3800 sed
1100 3765 1130 3801 ea
1147 3750 1207 3815 sela,

73 3836 151 3885 quae
171 3826 265 3885 sponte
285 3825 310 3871 et
327 3826 416 3885 suapte
433 3818 609 3871 imbecillitate
627 3819 658 3870 ad
677 3834 761 3869 casum
773 3823 798 3867 et
810 3818 910 3868 ruinam
923 3819 1037 3869 tendant.
1053 3818 1094 3866 Ita
1106 3818 1209 3883 lignum

72 3888 219 3940 caducum
236 3888 305 3954 apud
321 3889 456 3951 Nostrum,
480 3888 541 3953 quia
557 3904 618 3954 prae
635 3891 760 3938 vetustate
778 3885 874 3936 diutius
892 3890 958 3936 sture
976 3902 1027 3935 nen
1044 3885 1142 3951 petuit;
1173 3886 1210 3934 ita

70 3956 138 4019 alii,
160 3956 230 4017 felia
248 3956 358 4019 caduca,
375 3956 497 4021 glandes,
519 3955 638 4020 frondes,
661 3957 749 4017 fleres,
772 3959 873 4020 gretiam,
891 3956 971 4017 riuos,
989 3953 1122 4017 lacrimas,
1140 3968 1208 4019 spes,

69 4040 122 4075 rer
144 4024 272 4086 caducae,
291 4028 317 4074 et
334 4024 436 4086 similia,
455 4023 581 4075 dixerunt.
609 4023 696 4080 Quid?
715 4039 779 4073 anne
797 4023 845 4072 hoo
864 4038 939 4073 sensu
955 4021 1050 4072 fulmen
1069 4021 1096 4071 in
1112 4021 1210 4086 Gigan-

70 4097 117 4143 tas
138 4097 229 4142 actum
247 4092 377 4143 cadumum
395 4092 555 4142 vocitandum
575 4092 630 4142 est?
653 4092 730 4142 Hand
750 4090 802 4140 ridi
820 4090 908 4155 magis.
935 4089 983 4140 Sed
1000 4092 1130 4154 praeterea
1146 4089 1207 4140 vide

68 4160 158 4211 modo
179 4160 228 4210 heo
246 4161 364 4222 Senecae,
383 4159 412 4210 de
430 4159 542 4225 Fulgura
560 4162 615 4210 sine
632 4159 751 4221 fulmine,
770 4161 829 4209 Nat.
848 4157 950 4213 Quaest.
968 4157 1003 4219 II,
1022 4158 1062 4209 23.
1097 4156 1208 4221 „Credi-

66 4228 131 4279 bile
156 4231 223 4293 ert,“
242 4229 294 4294 ait,
318 4233 362 4293 „et
379 4228 534 4293 steririmiie,
553 4229 638 4293 ignem
655 4228 778 4278 caducum
796 4229 895 4291 ementi,
913 4232 939 4276 et
956 4227 1008 4276 cite
1028 4228 1208 4288 interiturum,
