2810 4764
209 257 271 323 iio
339 325 342 331 ,
594 271 625 331 q.
647 272 933 322 nonsummum

251 419 282 469 45
295 406 356 472 Vel
378 405 445 472 sole
467 425 564 491 puro:
587 426 651 471 non
673 413 780 472 temen
801 407 941 487 inritum,

294 491 513 573 Quodcunque
535 497 619 556 retro
642 497 700 571 est,
723 492 853 572 efficiet3
875 514 980 577 neque

335 576 498 657 Diifinget,
522 575 738 660 iniectumque
760 577 881 656 reddet,

412 659 506 740 Quod
526 659 655 743 fugiens
676 662 775 727 semel
796 662 876 727 hora
897 664 993 732 vexit.

291 746 435 811 Fortuna
457 764 552 812 saevo
573 746 659 812 laeta
679 747 819 829 negotio,
842 754 874 813 et

250 845 281 895 to
295 832 421 898 Ludum
443 831 632 896 insolentem
653 831 764 898 ludere
785 833 942 918 pertinax,

336 920 544 982 Transmutat
564 917 702 983 incertos
723 918 870 996 honores,

410 1001 504 1066 Nunc
524 1001 612 1079 mihi,
635 1022 718 1067 nunc
739 1002 794 1068 alii
817 1002 963 1085 benigna.

291 1086 406 1152 Laudo
427 1093 618 1152 manentem.
663 1086 691 1153 si
712 1086 825 1153 celeris
848 1088 951 1170 quatit

292 1173 436 1250 Pennas;
458 1171 586 1254 resigno
609 1192 692 1255 quae
715 1172 812 1248 dedit,
835 1179 867 1238 et
889 1194 961 1239 mea

249 1269 280 1320 tt
336 1256 460 1323 Virtute
482 1277 534 1323 me
554 1257 690 1336 involvo,
712 1259 909 1343 probamque

411 1343 602 1426 Pauperiem
625 1342 694 1408 sine
716 1343 789 1409 dote
812 1363 941 1425 quaero.

292 1428 365 1492 Non
388 1432 438 1491 est
458 1446 574 1504 meum,
598 1427 626 1492 si
647 1428 772 1509 mugiat
792 1427 909 1493 Africis

292 1511 397 1576 Malus
419 1511 576 1597 procellis,
599 1512 798 1578 admiseras
820 1534 932 1599 preces

334 1597 521 1673 Decurrere,
543 1603 576 1662 et
596 1597 679 1663 votis
701 1598 830 1696 pacisci,
943 1616 946 1620 ·

251 1693 282 1743 oo
409 1682 459 1746 Ne
482 1681 620 1768 Cypriae
642 1685 823 1766 Tyriaeque
843 1703 966 1750 merces

294 1765 425 1831 Addant
446 1786 544 1832 avaro
566 1767 695 1833 divitias
717 1768 807 1833 mari.

292 1854 375 1916 Tum
397 1871 449 1916 me
470 1851 601 1918 biremis
623 1852 784 1938 praesidio
808 1853 947 1938 scaphae

334 1939 453 2002 Tutum
474 1958 533 2023 per
553 1939 702 2019 Aegaeos
724 1939 882 2004 tumultus

410 2020 499 2088 durs
520 2023 612 2101 ferat,
635 2022 845 2107 geminusque
867 2022 991 2091 Pollux.

537 2142 558 2176 v.
578 2126 619 2178 oi.
637 2125 713 2191 Vulg.
735 2126 817 2177 Tunc.
854 2127 895 2178 64.
913 2124 1000 2177 Feret.

207 2244 397 2307 sempiternum
416 2248 517 2310 teinpus
534 2250 654 2308 spectare
672 2243 791 2294 dedsnt.“
825 2243 926 2293 Plinius
943 2244 1027 2310 Epist.
1045 2241 1076 2304 V,
1094 2244 1118 2294 5.
1138 2242 1164 2309 [ἕ
1178 2242 1204 2303 4]
1239 2237 1329 2303 „Nam

207 2311 256 2375 qui
277 2310 458 2376 voluptatibus
482 2311 567 2362 dediti
588 2314 666 2377 quasi
688 2313 716 2361 in
740 2312 806 2361 diem
828 2312 931 2376 vivunt,
963 2310 1069 2361 uiuendi
1091 2326 1186 2361 curuos
1210 2306 1329 2371 quotidie

175 2377 332 2439 ptiuiuutf‘
365 2380 401 2429 Et
424 2380 461 2429 sic
478 2379 523 2430 alii
548 2395 629 2446 saepe.
664 2379 730 2431 Vide
747 2378 924 2430 (lasauborium
941 2379 974 2429 sd
990 2378 1073 2430 Persii
1091 2379 1144 2430 Sat.
1162 2377 1212 2429 111.
1232 2378 1264 2438 [v.
1283 2375 1329 2436 621

206 2461 265 2512 pag.
276 2448 333 2498 ito.
353 2446 402 2497 Sed
419 2448 446 2497 in
465 2448 512 2498 huo
530 2450 719 2499 constructione
736 2448 809 2509 illud,
827 2450 848 2497 si
867 2449 946 2498 aciem
965 2447 1113 2508 intenderis,
1131 2446 1198 2497 clare
1215 2442 1327 2502 ridebis3

206 2530 258 2564 non
284 2516 388 2565 omnino
410 2518 482 2577 uiui,
506 2515 550 2565 sed
572 2520 631 2567 uiuo
656 2517 708 2567 dici
732 2516 887 2581 oportuisse:
921 2516 986 2580 „ille
1007 2520 1101 2581 potens
1117 2517 1162 2564 sui
1178 2513 1328 2575 Luctusque

207 2582 293 2646 deget,
312 2585 357 2632 eui
374 2583 443 2645 licet,
461 2584 492 2633 In
510 2584 585 2646 diem,
603 2585 718 2647 Dimisso,
735 2585 810 2635 vivo:
828 2600 889 2634 crus
905 2584 948 2635 oet
965 2586 1045 2635 atru“
1062 2589 1108 2633 ete.
1136 2582 1220 2639 Quare
1234 2578 1329 2628 rectius

207 2655 259 2710 est,
278 2655 307 2699 nt
323 2651 487 2713 posteriorem
505 2653 719 2702 constructionem
737 2667 883 2716 sequamur;
907 2652 974 2702 unde
992 2652 1068 2702 etism
1085 2651 1172 2701 sanior
1188 2648 1329 2711 fortiorque

206 2718 333 2768 sententia
350 2723 476 2767 nascetur.
511 2718 558 2768 Ille
575 2717 641 2769 liber
657 2720 797 2784 hilarisque
821 2720 909 2784 deget,
934 2722 979 2784 qni
1002 2723 1031 2769 in
1049 2719 1118 2773 diem
1142 2720 1194 2769 sire
1217 2714 1327 2780 singulis

206 2784 296 2834 diebus
313 2784 408 2834 dixisse
425 2789 516 2850 potest,
529 2785 602 2837 Vici.
637 2787 669 2837 In
688 2787 757 2837 diem
774 2789 841 2837 enim
859 2794 897 2838 est
915 2788 1039 2853 quotidie,
1059 2787 1126 2853 quod
1144 2787 1207 2838 alius
1225 2788 1253 2834 in
1272 2783 1327 2833 dies

207 2851 290 2903 dicere
307 2852 395 2902 solent.
431 2854 524 2907 Noster
541 2854 619 2906 Serm.
638 2857 673 2916 Il,
691 2859 717 2918 6,
734 2858 775 2907 47.
811 2857 879 2917 „Per
897 2861 981 2906 totum
999 2858 1048 2906 troo
1066 2861 1168 2921 tempus
1184 2854 1330 2905 subiectior·

207 2921 236 2972 in
254 2920 321 2970 diem
339 2926 364 2970 et
380 2921 469 2971 horam
486 2921 633 2974 Inuidiae.“
668 2923 769 2973 Plinius
786 2924 856 2976 Hist.
865 2924 924 2976 Nat.
933 2924 1023 2986 v11,n.
1033 2922 1060 2992 [ᾗ
1070 2925 1113 2986 32]
1149 2923 1204 2987 „lit
1216 2921 1326 2984 ringula

207 2988 313 3055 quidem
331 3005 399 3054 quiae
416 2989 485 3049 facit
501 2990 529 3039 in
547 2991 601 3041 dies
619 3007 648 3041 ao
665 3007 745 3056 prope
763 2992 838 3042 horas
856 2995 914 3056 quis
932 3007 1089 3042 enumerare
1105 2991 1228 3042 outeut?“
1253 2990 1326 3039 lure·

132 3057 137 3070 ¹
205 3056 257 3109 nsL
276 3057 328 3108 Sat.
348 3058 391 3108 VI.
411 3061 444 3122 [v.
464 3060 522 3121 183]
557 3059 698 3123 „Horreut
717 3061 794 3125 inque
812 3061 878 3110 diem
895 3062 1010 3125 septenis
1028 3059 1115 3110 oderit
1132 3060 1233 3110 hortsf‘
1260 3056 1329 3108 Vter

206 3129 298 3187 sutem,
316 3126 364 3176 hoc
383 3132 428 3187 est,
447 3126 509 3176 satis
527 3127 577 3176 iam
595 3128 671 3179 hodie
688 3129 755 3179 vixi:
775 3129 805 3178 de
824 3129 935 3178 crastino
952 3129 1020 3178 Deus
1038 3129 1186 3188 constituat,
1205 3132 1234 3176 ut
1250 3124 1324 3175 volet

205 3194 333 3245 Martialis
341 3195 419 3260 Epig.
429 3196 451 3257 I,
461 3197 501 3247 ts.
512 3198 543 3258 [v.
553 3198 594 3258 ll]
622 3194 701 3259 „Nou
719 3202 765 3260 est,
784 3196 861 3246 erede
877 3197 951 3257 mihi,
967 3198 1095 3262 rapientis
1112 3196 1203 3258 dicere,
1221 3194 1327 3245 Vivam.-

206 3261 274 3314 Seru
291 3265 371 3313 nimis
388 3266 443 3313 vitu
461 3268 499 3313 est
516 3263 650 3326 crastiua,·
668 3267 726 3314 vioe
743 3264 847 3315 hodie.“
874 3263 942 3314 Dido
959 3265 1028 3330 apud
1045 3263 1136 3328 Virgil.
1144 3265 1206 3312 Aen.
1216 3262 1259 3323 IV,
1267 3264 1325 3314 653.

207 3330 299 3391 ‚,Vixi,
323 3336 350 3380 et
371 3346 448 3395 quem
466 3330 577 3381 dederat
600 3348 707 3382 cuorum
730 3331 856 3393 fortuna.
875 3335 1000 3415 peregi.“
1035 3332 1129 3382 Seneca
1146 3331 1177 3382 de
1194 3329 1327 3381 Beneficiis

206 3397 237 3458 V,
248 3399 287 3447 ti.
300 3397 326 3462 [ξ
336 3400 362 3459 5]
379 3397 463 3461 „Quis
477 3405 595 3450 eutrerno
613 3400 656 3450 die
673 3401 756 3450 dicere
773 3401 861 3464 audet,
887 3399 954 3457 Vixi,
973 3405 999 3450 et
1015 3415 1091 3464 quem
1101 3399 1212 3449 dederat
1222 3413 1328 3449 cursum

206 3464 328 3528 fortuna,
346 3459 471 3530 peregi't
488 3469 547 3531 quis
564 3483 618 3517 nou
635 3484 769 3529 recusans,
788 3471 847 3533 quis
864 3484 918 3518 nou
932 3484 1039 3533 gemens
1053 3469 1145 3520 euiti“
1163 3467 1233 3517 Idem
1241 3466 1324 3531 Epist.

206 3531 266 3584 XII.
288 3531 316 3597 [ξ
335 3534 361 3594 9]
395 3533 445 3595 „Iu
461 3549 583 3584 somnum
605 3538 682 3599 ituri,
700 3536 765 3586 loeti
782 3536 932 3600 hilaresque
955 3536 1075 3587 dicamus.
1099 3531 1185 3599 ‘Vixi,
1209 3540 1327 3599 siquem

207 3600 319 3651 dederat
336 3616 443 3650 cursum
459 3601 580 3661 soricina,
598 3598 720 3667 peregi':
739 3607 885 3654 erastinum
901 3606 927 3652 si
944 3603 1073 3654 adiecerit
1089 3603 1161 3664 deus,
1180 3603 1245 3652 loeti
1259 3606 1326 3653 reci·

206 3671 320 3736 ptumus.
354 3667 404 3718 lile
420 3668 581 3719 beatissimus
599 3675 645 3733 est,
664 3676 691 3721 et
706 3687 809 3721 securus
827 3672 867 3721 sui
885 3687 1025 3736 possessor,
1044 3674 1091 3736 qui
1107 3673 1253 3721 crastinum
1268 3674 1328 3721 siue

206 3735 387 3788 sollieitudine
404 3742 533 3801 espectet.
570 3738 695 3803 Quisquis
711 3740 786 3803 dixit,
804 3740 884 3803 vixi,
902 3740 1021 3805 quotidie
1037 3739 1074 3789 ud
1091 3739 1195 3789 tucrum
1211 3740 1326 3803 mrfflt.“

276 3806 316 3857 64.
335 3805 414 3855 Aura
431 3804 501 3866 feret
515 3808 689 3870 geminumque
705 3808 812 3870 Pullum]
830 3808 918 3872 Neque
935 3808 1086 3873 interpretes
1104 3807 1189 3867 ceteri,
1208 3822 1253 3857 nec
1270 3806 1327 3871 ipse

206 3873 329 3924 Deoerius
353 3872 397 3937 qui
424 3873 588 3938 reprehendit
610 3880 720 3937 ceteros,
744 3876 879 3941 quicquam
896 3875 957 3926 hinc
975 3876 1131 3936 extundunt,
1156 3874 1223 3939 quod
1240 3872 1327 3925 Verru-

206 3944 267 3992 sina
286 3941 395 3991 lucem
414 3940 525 4006 dignum
543 3941 585 3993 sit.
620 3940 790 4008 Corrigendus
807 3943 926 3994 nimirum
943 3943 1014 3994 locus
1032 3948 1078 4007 est,
1094 3942 1242 4009 priusquam
1258 3947 1326 3994 reete

206 4008 329 4074 explicari
346 4009 435 4075 possit.
471 4009 540 4074 Lege
557 4025 630 4074 ergo:
656 4009 744 4073 „Tum
760 4027 802 4062 me
820 4014 925 4062 biremis
941 4012 1079 4077 praesidio
1095 4012 1212 4076 scaphae
1230 4008 1326 4062 Tutum

207 4092 256 4141 per
264 4077 383 4141 Aegaeos
401 4077 529 4128 tumuitus
538 4078 614 4127 Auru
631 4077 696 4128 terat
710 4082 885 4145 geminusque
897 4080 1020 4131 Porinas
1049 4079 1115 4130 Tum
1131 4078 1193 4131 libri
1210 4077 1325 4130 meliores

208 4159 265 4194 oum
283 4144 394 4196 editione
411 4145 541 4206 Loscheri,
559 4160 611 4195 non
629 4151 704 4197 tunc:
725 4146 898 4207 scrutantem
915 4147 982 4198 clare
998 4148 1075 4199 habet
1092 4146 1170 4198 codex
1180 4145 1251 4197 Gslei
1266 4161 1325 4200 oum

206 4211 354 4265 Bodleienis
370 4212 476 4267 duobus.
511 4215 540 4265 Si
556 4213 672 4278 iortnna,
696 4216 795 4280 inquit,
821 4232 885 4281 quae
909 4216 991 4297 dedit,
1016 4216 1114 4269 auterre
1137 4214 1218 4267 volet:
1244 4229 1325 4280 usquo
