2834 4758
175 193 239 255 usi
575 202 606 262 o.
629 201 771 250 uonnru
791 203 916 250 rnnoor

261 338 313 406 Ad
334 338 395 403 hoc
418 336 582 403 trementis
604 341 767 403 vertemnt
788 335 838 403 bis
860 335 947 403 mille
970 356 1071 420 equos

307 421 403 502 Gelli,
426 427 577 489 canentes
600 423 789 489 Gaesarem:

264 507 502 590 Hostiliumque
521 506 654 574 navium
673 512 770 594 portu
791 506 892 572 latent

222 606 254 658 uo
310 595 440 679 Puppes
463 592 681 659 sinistrorsum
703 593 796 657 citae.

575 708 600 746 ι.
620 694 658 745 17.
675 692 752 758 Vulg.
770 691 809 742 Ad
827 693 904 743 tuuc.

180 813 292 878 pestium
309 813 358 876 111,
376 814 400 863 9.
420 815 452 874 [v.
471 812 514 873 45]
537 810 697 876 „Foedaque
716 811 831 875 Tarpeio
848 809 959 874 conopia
978 808 1084 859 tendere
1101 813 1198 861 αωοβ(
1225 813 1312 876 Atque

181 882 228 932 hoc
247 880 346 945 placuit
363 879 440 930 etiam
457 879 621 943 sagacissimo
638 879 695 929 Nic.
713 877 830 928 Heinsio.

251 950 290 999 ii.
308 947 354 998 Ac
370 948 442 997 bunc
457 945 609 1009 frementes]
636 946 721 997 Locus
736 944 921 1014 difficillimus:
940 944 984 994 Ad
1001 946 1072 994 tuuc
1089 943 1235 1004 fremeutee
1253 961 1312 995 ucr-

183 1021 275 1066 teruni
296 1016 337 1065 bu
354 1015 427 1065 mitte
445 1029 525 1079 equor
545 1013 626 1077 Gelli,
650 1018 775 1064 canentes
794 1011 961 1064 Caesaremf‘
995 1012 1139 1062 Losoherus
1156 1017 1183 1061 et
1202 1027 1313 1077 sequen·

181 1084 247 1134 tium
263 1082 379 1149 plerique
404 1082 441 1133 ud
458 1083 537 1144 tuno,
555 1087 585 1131 ut
603 1082 768 1143 Graecianus,
788 1085 814 1131 et
831 1079 984 1145 Baginensis
1001 1081 1084 1129 nostri
1101 1095 1159 1129 cum
1178 1094 1222 1130 sex
1240 1080 1310 1131 aliis.

180 1152 272 1202 Editio
289 1151 388 1202 Venete
410 1150 506 1211 adhuc,
531 1154 561 1199 ut
584 1149 718 1200 Leidensis
737 1165 752 1198 a
769 1149 852 1213 prima
869 1164 954 1209 mauu,
979 1147 1141 1209 Bodleisnus,
1159 1152 1187 1198 et
1204 1149 1311 1198 Servius

181 1219 213 1269 sd
231 1222 293 1269 Aen.
311 1219 356 1280 VI,
375 1221 432 1271 613.
476 1217 617 1283 (lruquiani
648 1217 749 1282 aliquot
774 1233 832 1267 cum
856 1216 955 1266 duobus
979 1215 1116 1266 Pulmanni
1139 1219 1166 1264 et
1188 1215 1311 1266 Zuliclre-

181 1288 267 1336 miano
293 1301 322 1337 ac
347 1285 522 1351 vigorniensi,
546 1291 577 1336 ct
600 1287 659 1336 truc.
695 1287 725 1335 ln
750 1289 823 1335 tante
848 1284 980 1349 varietate,
998 1283 1111 1334 omniurn
1129 1284 1241 1348 pessime
1258 1300 1313 1335 ram

182 1358 282 1419 gerunt,
300 1353 346 1418 qui
362 1354 408 1403 Ad
424 1354 495 1403 lunc
511 1354 633 1415 retinent,
652 1359 677 1404 et
694 1354 897 1419 interpretantur
914 1356 1009 1402 contra
1027 1351 1183 1401 Antonium.
1218 1351 1311 1417 Neque

183 1424 250 1472 enim
268 1422 346 1471 Hunc
363 1420 394 1470 de
414 1421 526 1470 Antonio
550 1421 667 1488 accipere
685 1422 778 1486 possis,
797 1421 842 1485 qni
859 1435 985 1485 nusquam
1003 1424 1077 1469 antea
1094 1419 1137 1469 hio
1152 1419 1312 1483 nominatur,

183 1496 227 1539 aut
244 1488 414 1539 describitur:
438 1504 519 1553 neque
536 1489 581 1539 Ad
598 1493 670 1540 tuuc
695 1493 834 1539 certemut
856 1503 937 1553 equor
953 1487 1060 1552 perinde
1078 1493 1116 1537 est
1133 1503 1162 1536 ac
1180 1487 1313 1538 ade-creua

183 1561 261 1607 truce.
298 1555 408 1606 Omnino
431 1557 500 1606 enim
522 1557 565 1608 hio
589 1557 720 1608 iudicatur
744 1556 831 1606 Gallos
856 1557 932 1606 hosce
958 1556 1038 1606 fuisso
1057 1555 1208 1620 transfugas,
1233 1554 1312 1606 etad

182 1628 326 1690 Augustum
344 1623 375 1673 ab
396 1623 508 1674 Antonio
526 1640 604 1690 equos
622 1626 741 1675 vertisse:
765 1631 794 1674 ut
812 1623 919 1688 proinde
938 1624 970 1673 ab
988 1624 1039 1674 boc
1063 1622 1199 1673 dicendum
1221 1623 1311 1685 inerit,

182 1709 235 1743 non
259 1692 296 1742 cd
319 1693 396 1742 bunc.
440 1693 542 1743 Servius
565 1693 622 1742 loco
648 1693 699 1742 iarn
724 1692 842 1742 laudato:
872 1690 923 1756 „Si
946 1691 1039 1756 culpat
1062 1707 1114 1752 coe,
1139 1693 1187 1757 qui
1213 1697 1311 1742 conca

182 1761 262 1822 fidem
287 1760 366 1811 datae
388 1762 484 1811 canica
501 1760 673 1823 dimicarunt,
702 1763 792 1823 tonuit
808 1760 966 1823 Augustum.
1002 1757 1074 1809 Nom
1092 1761 1262 1810 necnee-unt
1278 1759 1312 1809 ad

182 1845 240 1879 eum
258 1827 290 1879 ab
309 1828 421 1878 Antonio
440 1828 492 1879 duo
510 1829 597 1879 mittio
617 1832 742 1894 equitum,
766 1843 816 1893 per
833 1842 899 1892 quos
918 1832 958 1877 eat
974 1829 1116 1878 uictoriam
1135 1832 1311 1888 consecutus,-

182 1903 213 1946 ιιι
230 1898 366 1959 Horatius,
384 1897 481 1946 Adhuc
498 1897 658 1958 frementem
676 1900 723 1946 eto.
759 1895 872 1946 Velleius
889 1894 1039 1946 Pataroulus
1063 1894 1093 1944 de
1118 1894 1184 1945 bello
1203 1895 1311 1945 Actiaco

182 1965 289 2029 loquens
299 1965 335 2028 II,
354 1965 394 2016 84.
414 1964 441 2029 [ξ
453 1965 479 2027 2]
508 1964 596 2028 „Hinc
613 1964 651 2014 ad
668 1964 815 2014 Antonium
833 1978 919 2026 nuno,
938 1963 1015 2013 illinc
1033 1962 1070 2013 cd
1088 1961 1228 2014 Caesarem
1246 1979 1312 2028 quo·

185 2033 249 2082 tidie
266 2032 371 2097 aliquid
388 2031 613 2096 transfugiebat.“
647 2032 737 2097 Neque
755 2030 835 2081 multo
854 2029 955 2080 felicius
974 2046 1000 2080 se
1018 2030 1164 2096 expediunt,
1183 2032 1229 2095 qui
1247 2030 1310 2080 alte·

182 2116 236 2149 ram
254 2099 390 2150 lectionem
408 2104 557 2165 sequuntur,
583 2101 633 2164 „At
657 2100 707 2149 huc
732 2097 874 2160 frementes
898 2103 1038 2149 uerierunt
1054 2100 1093 2148 bis
1111 2097 1184 2148 mille
1202 2100 1310 2163 equoa.“

184 2169 249 2232 Huc,
267 2169 397 2233 inquiunt,
415 2167 443 2217 id
460 2173 506 2227 est,
525 2167 562 2218 ud
578 2183 634 2226 nos,
655 2167 692 2217 ad
710 2165 832 2218 Caesaris
848 2171 947 2231 partes.
982 2167 1060 2217 Recte
1078 2165 1195 2231 quidem3
1213 2167 1236 2216 si
1255 2182 1310 2216 oar-

184 2251 241 2285 men
265 2236 313 2285 hoc
338 2236 366 2285 in
390 2236 481 2285 cestris
505 2234 664 2285 Caesarianis
687 2250 807 2300 praesens
831 2233 976 2300 scripsisset
992 2235 1098 2285 Noster:
1124 2234 1147 2283 is
1170 2248 1232 2285 roro
1255 2239 1310 2285 tum

184 2305 278 2354 Romae
302 2307 357 2354 erat
375 2319 432 2353 oum
449 2304 597 2354 Maecenate
619 2302 679 2353 urbi
701 2304 838 2369 praelecto.
873 2303 928 2352 lam
952 2306 1037 2352 autem
1060 2317 1125 2367 quae
1148 2302 1249 2367 reliqua
1272 2306 1311 2353 est

183 2371 261 2421 lectio
285 2372 389 2435 adbuc,
416 2370 516 2421 nullum
539 2372 662 2422 hactenus
686 2371 810 2421 fautorem
834 2369 947 2430 invenit3
972 2386 1053 2435 neque
1081 2386 1140 2420 sane
1161 2369 1246 2420 ullum
1268 2370 1310 2420 hic

185 2455 285 2489 sensum
303 2440 379 2504 parit.
414 2439 454 2488 Ea
472 2446 564 2501 tamen,
582 2440 612 2489 ni
628 2438 711 2502 tollor,
736 2438 849 2488 omnium
873 2438 988 2503 proxime
1006 2437 1039 2487 ad
1055 2452 1140 2487 veram
1156 2438 1311 2503 scripturam

185 2507 297 2557 accedit:
316 2509 352 2557 sic
371 2506 439 2557 euim
456 2507 590 2571 legendum
609 2508 736 2558 arbitror:
755 2506 900 2571 „Interque
917 2508 997 2571 signu
1017 2512 1095 2571 turpe
1111 2506 1246 2556 militaria
1264 2505 1313 2557 Sol

184 2577 284 2641 aspicit
298 2577 456 2639 ,correptum
498 2576 537 2624 Ad
563 2577 611 2626 hoo
634 2575 778 2636 frementes
801 2579 941 2624 certumst
963 2575 1003 2623 bie
1024 2574 1099 2623 mille
1123 2588 1204 2639 equos
1231 2573 1311 2637 Galli,

186 2648 310 2693 canentes
335 2641 500 2693 Gaesarem.“
534 2642 580 2692 Ad
605 2644 662 2704 troc,
687 2643 715 2693 id
739 2647 785 2706 est,
811 2641 843 2692 ad
869 2642 918 2692 hoc
942 2641 1087 2706 conopiurn,
1111 2641 1144 2691 ad
1169 2642 1219 2692 hoc
1237 2647 1312 2707 turpe

186 2709 373 2775 spectaculum:
391 2708 432 2757 vel
449 2708 522 2772 torte,
541 2710 578 2759 ud
595 2710 675 2761 iaec:
693 2711 741 2761 hoc
759 2714 804 2772 est,
825 2709 861 2759 ud
879 2710 927 2760 iras
944 2725 994 2770 rea,
1013 2724 1103 2774 nempe
1115 2709 1182 2774 quod
1200 2709 1311 2760 feminae

185 2783 211 2827 et
236 2777 359 2827 eunuchis
385 2776 524 2840 parendum
550 2782 622 2839 esset,
647 2779 715 2843 quod
739 2779 806 2827 inter
831 2778 905 2841 signa
928 2792 1068 2843 conopeum
1092 2777 1225 2841 viseretur,
1249 2793 1312 2843 prae

153 2877 157 2886 ι
185 2843 364 2909 indignatione
388 2843 587 2909 transfugerunt.
633 2846 728 2897 Noster
744 2846 829 2910 Epist.
851 2846 871 2906 I,
892 2847 932 2907 19,
951 2848 991 2897 45.
1025 2844 1076 2907 „ad
1099 2845 1161 2896 haec
1189 2860 1239 2909 ego
1264 2860 1314 2896 aa·

186 2915 260 2963 ribus
277 2914 320 2962 uti
335 2912 490 2962 Formido.“
507 2913 524 2962 i.
544 2929 563 2963 e.
584 2913 614 2963 ad
632 2914 695 2963 haec
712 2912 795 2964 rerba.
831 2912 902 2962 Naso
920 2915 994 2963 Pont.
1014 2914 1035 2974 Ι,
1053 2915 1077 2965 3.
1096 2916 1128 2976 [v.
1139 2914 1165 2975 9]
1184 2912 1240 2975 „Et
1257 2916 1312 2963 iam

186 2980 319 3044 deficiens,
343 2983 382 3030 sic
408 2978 440 3029 ad
464 2984 508 3029 tua
532 2982 608 3032 verbe
631 2984 728 3045 recisi,
762 2980 795 3033 Ut
817 2980 885 3031 solet
908 2979 999 3042 infuso
1017 2996 1084 3031 uena
1102 2980 1192 3031 redire
1209 2982 1312 3032 mero.“

186 3051 248 3099 Rem
271 3065 329 3098 vero
353 3049 435 3114 ipsam
459 3049 555 3113 optime
579 3053 680 3099 enarrat
697 3049 872 3116 Porphyrion3
899 3053 975 3113 atque
993 3049 1031 3098 ita
1049 3048 1161 3114 quidem,
1177 3052 1208 3098 ut
1224 3049 1312 3114 plane,

185 3119 224 3166 uti
248 3133 295 3167 uos
319 3133 388 3166 nuuc
412 3117 527 3181 legimus,
553 3117 645 3182 legisse
663 3116 725 3167 olim
741 3117 865 3167 videatur.
901 3115 1091 3181 „Significat,“
1109 3116 1155 3180 ait,
1173 3119 1312 3181 „equitum
1398 3104 1399 3159 ἶ

188 3184 326 3235 Gallorum
357 3185 409 3235 dcco
438 3185 525 3235 milita
550 3187 583 3234 ct
608 3186 724 3235 Antonii
743 3186 869 3250 partibus
893 3184 930 3234 od
954 3183 1093 3234 Gaesarem
1117 3182 1312 3249 transfugisse:

186 3267 300 3316 quorum
324 3252 383 3302 ideo
401 3255 500 3302 mentio
525 3252 599 3314 sacta
624 3257 670 3317 est,
688 3259 720 3302 ut
736 3251 878 3313 Romanoa,
897 3255 946 3317 qui
962 3253 1010 3302 sub
1028 3253 1196 3316 Praepositir
1213 3253 1311 3318 spado

186 3319 264 3367 nitrea
279 3334 363 3383 aequo
382 3323 473 3370 auimo
490 3320 648 3383 militarent,
667 3323 755 3384 mageb
773 3323 900 3370 numerat
912 3335 965 3385 per
982 3322 1211 3385 comparutionem
1222 3318 1311 3371 Gulie-

185 3400 253 3446 rum,
279 3388 327 3449 qui
349 3386 396 3435 hoo
420 3386 553 3450 dedignati
578 3387 615 3438 ud
640 3387 778 3439 Caesarem
801 3404 829 3437 ae
855 3388 1053 3438 contuleruut.“
1087 3387 1136 3438 Vix
1154 3392 1200 3451 est,
1220 3393 1250 3438 ut
1267 3394 1311 3438 aut

186 3453 261 3502 aliter
278 3452 411 3516 scripserit
427 3455 560 3519 Horatius,
579 3459 624 3505 aut
640 3455 733 3520 legerit
749 3455 899 3522 Porphyrio.

254 3521 295 3572 20.
313 3519 418 3585 Pupput
434 3524 618 3573 sinistrorsum
636 3526 715 3586 citae]
752 3523 837 3573 Etiam
861 3524 905 3573 hic
921 3524 992 3573 locus
1010 3523 1123 3572 omnium
1141 3524 1310 3588 interpretum

186 3588 291 3653 ingenia
314 3588 443 3652 exercuit,
470 3594 495 3639 et
518 3592 623 3654 posthac
648 3591 755 3641 tortasse
784 3589 918 3641 exercebit.
955 3591 1045 3656 Neque
1069 3591 1137 3641 enim
1160 3591 1310 3656 promittere
1398 3612 1399 3631 ι

186 3656 315 3718 audemus,
338 3668 384 3706 uos
409 3658 570 3722 expositione
593 3664 681 3709 nostra
705 3660 818 3709 omnium
841 3658 1047 3709 dubitationibus
1065 3658 1255 3709 satisfacturos:
1273 3658 1310 3709 id·

186 3740 242 3789 que,
268 3725 329 3790 quia
347 3740 431 3774 rerum
455 3725 520 3777 bello
544 3728 650 3777 Actiaco
672 3731 800 3791 gestarum
823 3731 924 3777 tenuem
942 3726 1019 3776 hodie
1037 3725 1157 3776 notitiam
1180 3728 1308 3777 habemus.

186 3793 221 3842 Ut
238 3794 306 3843 enim
323 3792 410 3844 nullus
436 3794 488 3843 iam
510 3798 580 3845 extat
597 3801 694 3856 auctor,
712 3796 757 3859 qui
775 3794 839 3845 illud
857 3795 973 3860 equitum
990 3794 1122 3845 Gallorum
1140 3794 1308 3860 transfugium

186 3865 314 3923 memoret,
331 3866 434 3926 praeter
450 3862 535 3929 ipsum
553 3863 705 3913 Horatium:
723 3864 762 3913 ita
778 3867 805 3912 et
820 3863 869 3912 hoo
887 3861 945 3912 looo
963 3878 1016 3912 rem
1034 3862 1147 3928 aliquam
1165 3862 1239 3928 tangi
1256 3862 1308 3913 exi·

187 3929 271 3993 stirne,
290 3927 321 3979 de
339 3944 389 3993 qua
405 3930 482 3981 hodie
499 3930 565 3980 nihil
585 3931 688 3982 aliunde
706 3935 863 3997 compertum
881 3929 1009 3980 habemus.
1045 3930 1128 3986 Quare
1146 3929 1246 3980 landem
1263 3930 1308 3980 ali·

187 4011 273 4060 quarn,
289 4000 334 4046 aut
351 3998 451 4047 reniam
468 3998 565 4063 saltem,
588 3999 754 4057 merebimur;
781 3999 803 4048 si
821 3998 944 4049 tentando
961 4002 988 4048 et
1005 3997 1145 4048 divinando
1162 4003 1208 4047 aut
1225 4014 1308 4048 verum
1398 4040 1399 4049 ,

186 4064 269 4127 ipsum
288 4068 333 4113 ant
350 4066 403 4114 veri
428 4067 490 4129 quid
513 4066 673 4117 simillimum
692 4082 778 4116 eruere
801 4067 950 4131 poterimus.
986 4067 1157 4130 Accingumnr
1174 4066 1261 4130 itaque
1278 4065 1309 4116 ad

186 4130 244 4192 ipsu
261 4131 336 4180 rerba
353 4132 489 4195 paullatim
506 4135 656 4185 evolvenda:
676 4135 820 4198 „Interque
837 4137 917 4198 tigria
936 4139 1014 4199 turpe
1031 4135 1164 4184 militaria
1176 4132 1225 4184 Sol
1241 4136 1308 4200 crpi-
