2818 4758
183 291 244 352 134
569 301 603 361 q.
624 300 767 349 nonaum
786 299 918 348 snsccr

266 437 418 502 Somnum
442 433 603 501 reducent.
627 453 758 500 somnus
778 434 954 515 agrestium

265 522 362 587 Lenis
384 521 523 586 virorum
545 540 609 585 non
629 518 760 585 humilis
782 518 894 585 domos

306 605 447 671 Fastidit
470 606 718 686 umbrosamque
741 603 855 688 ripam,

350 692 424 756 Non
445 689 603 777 Zephyris
626 688 751 770 agitata
773 690 904 773 Tempe.

221 790 253 839 ns
266 774 515 849 Desiderantem
538 773 625 857 quod
647 772 727 839 satis
748 778 808 851 est,
831 793 936 856 neque

264 860 514 925 Tumultuosum
536 857 685 925 sollicitat
706 877 806 937 mare,
837 935 841 942 .

307 945 376 1009 Nee
399 963 518 1010 saevus
540 943 667 1009 Arcturi
690 941 835 1007 cadentis

349 1030 504 1114 Impetus,
527 1034 584 1095 aut
605 1027 737 1099 orientis
758 1026 881 1093 Haedi:

263 1114 335 1178 Non
359 1114 549 1179 verberatae
571 1112 729 1194 grandine
750 1111 874 1187 vineae,

220 1212 252 1262 eo
266 1197 465 1281 Fundusque
487 1198 640 1270 mendam
664 1196 778 1263 arbore
799 1216 884 1261 nune
908 1215 1010 1278 aquas

308 1280 477 1383 Culpante,
500 1303 585 1348 nuno
606 1281 760 1348 torrentia
781 1299 879 1362 agros

351 1368 475 1445 Sidera,
497 1388 582 1433 nuno
603 1366 726 1433 hiemes
748 1364 887 1447 iniquas.

266 1454 437 1519 Contracta
480 1451 564 1518 isoes
586 1471 728 1534 aequora
751 1450 901 1526 sentiunt,

264 1538 361 1604 lactis
383 1537 417 1601 in
439 1474 542 1603 allum
563 1537 717 1602 molibus:
740 1535 802 1600 huo
824 1534 975 1616 frequens

223 1634 255 1685 35
312 1623 487 1689 anneum
509 1620 648 1688 demittit
668 1620 828 1687 redemtor

353 1706 435 1772 Cum
457 1706 599 1786 famulis,
622 1705 835 1786 dominusque
856 1709 960 1773 terrae

265 1791 485 1858 Fastidiosus:
510 1791 569 1856 sed
590 1791 686 1856 timor
707 1794 740 1859 et
760 1789 868 1857 minae

266 1875 432 1942 Soandunt
453 1875 567 1941 eodem
589 1894 653 1958 quo
675 1873 839 1941 dominus:
864 1893 968 1955 neque

308 1960 450 2027 Deoedit'
466 1966 578 2026 aerata
600 1959 732 2037 triremi,
755 1964 788 2024 et

222 2059 254 2108 so
353 2049 431 2111 Post
453 2044 595 2127 equitem
617 2043 709 2113 sedet
729 2048 800 2109 atra
822 2063 909 2111 oure.

266 2130 360 2209 Quod
384 2131 412 2195 si
434 2130 594 2195 dolentem
615 2149 676 2199 nec·
696 2127 859 2212 Phrygius
880 2127 974 2213 lapis,

265 2216 334 2281 Neo
357 2236 571 2301 purpurarum
594 2214 700 2281 sidere
723 2213 837 2281 clarior

305 2300 429 2365 Delinit
450 2320 539 2377 usus,
561 2319 620 2365 neo
641 2299 778 2365 Falerna

348 2384 442 2461 Vitis,
464 2385 755 2451 Achaemeniumve
776 2388 915 2459 oostum;

220 2457 333 2534 ltOur
354 2469 536 2536 invidendis
559 2470 715 2555 postibus,
739 2473 772 2533 et
793 2488 875 2533 novo

264 2553 408 2619 Sublime
430 2553 493 2618 ritu
514 2554 629 2618 moliar
649 2552 788 2619 atrium?

309 2637 375 2702 Our
396 2638 481 2704 valle
503 2644 681 2724 permutem
703 2636 825 2705 Sabina

352 2720 491 2788 Divitias
515 2721 737 2808 operosiores?

456 2856 479 2887 v.
498 2841 538 2890 44.
557 2839 633 2904 Vulg.
653 2839 918 2901 Attumneniumque.

248 3006 290 3057 39.
311 3003 429 3056 Priuerni
445 3011 471 3056 ei
487 3008 549 3056 Post
566 3009 688 3071 equitem]
725 3007 754 3058 ln
772 3006 889 3056 omnibus
900 3003 1058 3064 Bersmnni,
1076 3001 1265 3067 Pulmenuiqne
1284 3009 1311 3053 et

180 3073 275 3123 nostris
294 3071 446 3133 Oodioibus3
466 3074 541 3124 oredo
559 3074 637 3124 etiam
654 3074 814 3135 stallorum,
833 3071 947 3137 quamvis
964 3071 1031 3122 illud
1049 3070 1220 3136 dissimulent,
1238 3072 1312 3121 deest

181 3141 310 3206 partionis
328 3147 366 3191 et:
385 3142 456 3192 deest
473 3143 550 3192 etiam
568 3142 596 3192 in
615 3141 727 3193 editione
736 3141 866 3192 Losoheri.
885 3139 1009 3206 Princeps
1027 3143 1111 3189 temen
1121 3138 1221 3191 Veneta
1231 3138 1311 3190 habet

182 3214 221 3270 et,
246 3209 314 3259 unde
337 3210 366 3259 in
384 3212 481 3260 ceteras
498 3208 618 3260 manarit.
653 3209 776 3273 Mollius,
794 3209 899 3274 opinor,
917 3207 980 3257 fluet
996 3222 1099 3269 versus,
1117 3205 1141 3257 si
1158 3207 1196 3259 sic
1214 3207 1309 3273 legeris

181 3274 279 3393 εὲΙΙαδα
296 3276 448 3341 liquefacta:
483 3277 613 3340 „Diremit
629 3282 724 3328 aerata
744 3279 861 3339 triremi,
887 3276 999 3340 Postque
1024 3276 1137 3340 equitem
1154 3275 1229 3325 sedet
1245 3280 1310 3326 atra

203 3346 280 3392 ura.“
297 3350 327 3394 nt
344 3344 470 3409 Virgilius
489 3346 579 3409 Georg.
597 3345 647 3408 ΙΙΙ,
667 3348 723 3397 116.
759 3345 899 3409 „Impositi
914 3343 1002 3393 dorso
1026 3348 1104 3406 atque
1128 3345 1243 3407 equitem
1261 3342 1311 3394 do·

182 3424 262 3460 euers
285 3412 333 3460 sub
358 3415 468 3463 armis.“
491 3418 517 3463 et
539 3412 645 3464 Aeneid
664 3412 702 3474 X,
722 3413 779 3464 893,
816 3410 977 3476 „Versum
1004 3409 1168 3473 effusumque
1193 3413 1310 3476 equitem

181 3491 265 3542 super·
280 3480 338 3542 ipse
355 3484 468 3529 secutus.

252 3546 292 3595 ts.
310 3543 368 3596 Neo
384 3545 504 3601 Falerma
523 3546 592 3598 Vitis
610 3548 868 3612 Achaemeniumque
886 3547 996 3608 vestrim]
1027 3543 1097 3594 Illud
1109 3560 1165 3610 <que
1182 3562 1235 3595 non
1253 3546 1310 3596 edi·

181 3611 264 3661 tiones
281 3612 370 3675 modo,
395 3614 439 3664 ssd
456 3619 482 3665 et
499 3615 598 3667 codices
616 3632 679 3681 quos
696 3614 804 3665 viderim
829 3612 941 3665 universi
958 3612 1086 3662 exhibent.
1122 3611 1310 3678 corrigendum

182 3677 364 3741 nihilominns3
392 3681 463 3743 „Neo
479 3698 665 3748 purpurarum
682 3682 770 3733 sidere
788 3682 890 3732 clarior·
906 3680 1011 3730 Detinet
1026 3695 1105 3743 usus,
1123 3696 1170 3730 nee
1187 3680 1309 3732 Falemu

183 3743 261 3810 Vites,
278 3747 516 3800 Achaemeniumve
534 3752 661 3803 costum.“
695 3749 761 3812 Neo,
778 3765 834 3811 msc,
853 3765 884 3799 oe
901 3747 941 3798 vel
959 3753 1022 3810 aui,
1040 3748 1068 3797 in
1086 3747 1308 3799 disiunctionibus

181 3814 232 3864 rite
248 3830 278 3864 us
329 3820 421 3877 entim
439 3823 468 3868 ut
485 3818 644 3869 ostendemus
663 3817 695 3868 ed
712 3816 794 3883 Epod.
813 3816 882 3881 XVI,
901 3818 925 3868 6.
944 3819 970 3865 et
988 3814 1066 3867 Serm.
1084 3816 1105 3876 Ι,
1125 3819 1149 3870 6.
1167 3832 1191 3866 v.
1210 3818 1252 3869 68.

248 3830 426 3936 iiilrllioitius
458 3888 632 3950 oper-osterse]
686 3885 715 3937 Si
741 3884 871 3939 secederet
896 3883 993 3934 codicis
1018 3882 1129 3934 alicuius
1156 3885 1307 3948 auctoritas,

176 3947 263 4015 legere
286 3966 385 4015 posses,
422 3951 495 4016 „Cur
519 3953 588 4003 satta
610 3958 757 4018 permutem
781 3951 882 4003 Sabina
911 3952 1028 4005 Divitias
1052 3951 1250 4002 onerosioresi⁴⁴
1276 3958 1307 4001 ut

180 4016 273 4069 Noster
290 4017 362 4069 elibi.
398 4019 475 4070 Sem.
494 4021 516 4083 Ι,
525 4023 549 4073 6.
567 4037 590 4070 v.
600 4023 641 4073 99.
660 4021 690 4070 de
709 4020 822 4082 divitiis,
845 4018 969 4081 „Nollm
986 4033 1063 4082 onus,
1087 4019 1164 4069 houd
1178 4035 1308 4087 umqum

179 4083 282 4148 sottus,
299 4091 411 4151 portare
428 4088 593 4139 molestum.“
628 4088 700 4138 criu.
719 4089 822 4139 Metam.
840 4088 886 4150 IX,
904 4089 962 4141 675.
987 4087 1118 4137 onerosior
1142 4086 1230 4138 ultera
1246 4102 1307 4138 sors

179 4156 224 4228 est.
260 4153 339 4202 Favet
363 4153 516 4206 Scholiastes
542 4156 696 4223 Porphyrio,
720 4157 765 4220 qni
787 4156 872 4207 locum
894 4157 961 4205 huno
987 4155 1024 4204 sie
1049 4153 1178 4219 explicet:
1206 4154 1307 4218 „Cur·‚“

179 4218 273 4282 inquit,
290 4219 402 4283 „redoto
421 4221 521 4273 Sabino
538 4238 621 4288 agro,
638 4225 686 4273 sui
705 4238 895 4288 quaesturam
913 4225 994 4274 uitam
1013 4237 1064 4286 ago
1084 4226 1239 4289 contentus,
1258 4238 1307 4289 up·
