2818 4758
229 242 270 302 74
623 258 653 318 o.
677 259 819 307 noanon
840 260 964 311 runem

312 387 461 455 Declinat
482 389 639 457 Pholoen:
661 393 720 458 sed
741 393 832 477 prius
852 394 991 479 Appulis

355 476 534 557 Iungentur
554 496 689 562 capreae
711 477 806 563 lupis,

313 559 417 637 Quam
440 561 524 645 turpi
546 561 666 628 Pholoe
687 570 798 647 peccet
819 561 976 628 adultero.

273 657 302 706 10
320 645 372 710 Sic
394 644 498 709 visum
519 647 651 725 Veneri;
674 647 725 711 cui
746 647 853 730 placet
873 648 1002 733 inpares

312 730 446 794 Formas
468 735 565 811 atque
584 732 709 796 animos
732 732 792 796 sub
813 731 891 812 iuga
912 739 1013 798 ae'nea

355 814 458 879 Saevo
479 816 604 879 mittere
627 836 699 880 cum
719 817 799 880 ioco.

312 900 423 983 Ipsum
445 918 497 963 me
518 900 632 967 melior
653 920 725 965 cum
746 906 870 985 peteret
891 902 1009 979 Venus,

313 986 413 1051 Grata
435 980 571 1048 detinuit
592 985 744 1070 compede
766 984 904 1069 Myrtale

270 1082 300 1130 ts
314 1068 488 1145 Libertina,
511 1069 602 1134 iretis
623 1070 726 1134 acrior
747 1069 888 1136 Hadriae

355 1152 525 1221 Currantis
549 1154 703 1221 Calabros
724 1153 825 1219 sinus.

711 1321 863 1387 XXXIV.

311 1440 431 1505 Parcus
453 1440 596 1504 Deorum
618 1437 720 1503 cultor
742 1444 774 1504 et
796 1438 991 1525 infrequens,

310 1523 502 1589 insanientis
525 1522 601 1586 dum
623 1522 800 1607 sapientiae

356 1609 531 1673 Consultus
552 1627 638 1686 erro;
660 1608 746 1672 nunc
767 1614 941 1674 retrorsum

396 1693 475 1757 Vela
497 1691 585 1769 dare,
606 1698 703 1774 atque
725 1693 842 1760 iterare
864 1713 977 1759 cursus

282 1777 419 1860 sCogor
440 1777 584 1843 reiectos.
607 1798 746 1861 namque
766 1777 940 1865 Diespiter,

513 1911 536 1944 v.
555 1897 578 1945 5.
597 1894 673 1960 vulg.
690 1894 812 1947 Relicto-t.

224 2065 256 2115 ad
274 2065 341 2114 hunc
360 2063 472 2114 modurn:
493 2079 525 2127 „o
544 2062 665 2113 ladonam
675 2062 760 2113 Dulce
779 2063 900 2128 lenimen,
918 2064 993 2128 mibi,
1011 2061 1290 2127 reliquampartem
1308 2078 1350 2114 oo·

224 2133 326 2184 canti.“
343 2132 391 2182 hoc
409 2137 454 2194 est,
472 2130 540 2180 salve
558 2131 622 2180 mihi
639 2130 679 2180 rel
697 2131 846 2196 cuicumque
870 2131 917 2181 alii
939 2131 989 2181 rite
1006 2132 1114 2182 vocanti.
1152 2130 1253 2182 iudicet
1269 2129 1349 2181 lector

224 2201 386 2266 ingeniosum
410 2216 457 2264 ego
480 2199 547 2248 enim
574 2199 746 2249 coniecturam
768 2200 834 2250 hanc
858 2199 886 2248 in
909 2198 1021 2248 medium
1044 2199 1182 2265 protulisse
1206 2204 1348 2260 contentus,

224 2270 291 2319 tueri
309 2272 334 2318 et
351 2273 480 2333 praestare
499 2283 553 2316 eam
571 2282 622 2316 non
646 2266 759 2317 tenebor.

293 2339 332 2387 14.
351 2335 471 2401 Illyricis
487 2333 637 2397 Libertina]
656 2333 759 2398 quidam
777 2334 876 2385 codices
894 2332 1208 2398 Mirlale,aliill1irtalo,
1226 2333 1348 2384 Loscheri

221 2404 313 2455 Editio
325 2406 398 2456 1498.
417 2402 543 2470 Myrtilo.-
562 2403 610 2452 Sed
627 2403 719 2452 melius
737 2403 887 2452 vetustiores
905 2418 991 2452 omnes
1009 2401 1136 2468 Myrtale.
1171 2401 1302 2452 Martialis
1318 2401 1347 2464 V,

222 2475 318 2535 4.[v.1]
337 2471 464 2535 „Foemro
480 2469 563 2519 mrclto
575 2470 682 2536 Myrtale
691 2469 759 2520 solet
769 2472 858 2522 oino.“
873 2471 1041 2520 Recteautem
1051 2468 1211 2520 Libertina.-
1228 2484 1288 2519 nam
1302 2469 1347 2521 frc-

223 2555 303 2603 quens
329 2539 377 2588 hoc
401 2538 601 2588 libertinarum
625 2553 765 2602 cognomen
791 2539 903 2588 occurrit
925 2538 959 2601 in,
979 2536 1197 2601 Inscriptionibus
1225 2538 1347 2603 antiquis.

223 2610 324 2656 Gruter.
334 2607 375 2668 99,
385 2608 409 2658 5.
427 2604 580 2654 ΒΟΜΙΤΙΑ.
591 2604 623 2653 L.
632 2605 663 2654 L.
683 2605 857 2658 MYRTALE.
877 2607 936 2668 581,
946 2608 970 2658 6.
989 2604 1139 2655 FLAVIAE
1149 2604 1346 2655 MYRTALAE.

223 2676 283 2733 tto,
303 2675 341 2723 11).
377 2672 498 2721 SATIAE
523 2670 716 2722 mundanus.
736 2676 794 2735 711,
813 2676 836 2726 6.
870 2671 1021 2723 vennam
1043 2672 1219 2723 MYRTALE.
1247 2675 1308 2733 983,
1326 2675 1346 2722 'l.

222 2740 381 2806 VERATIA.
400 2740 427 2789 Ο.
445 2739 477 2788 L.
498 2738 662 2788 MOETALE
681 2742 797 2805 tcorrige,
814 2739 950 2806 Myrtale).
969 2742 1060 2802 14114.
1085 2741 1242 2789 ΓΕΜΙΝΙΑ
1259 2742 1346 2790 MYP·

224 2809 328 2857 ΤΑΔΗ.
347 2807 405 2868 882,
424 2807 447 2858 8.
472 2805 956 2858 NUMUSCULEIAEMYRTALES.
976 2810 1092 2870 11411.
1118 2807 1346 2859 DORYPHORVS

222 2875 268 2925 ET
291 2873 458 2925 MYRTALE
482 2873 669 2925 PARENTES.
697 2875 798 2926 Reines.
816 2875 886 2937 XIV,
905 2878 946 2928 75.
975 2875 1129 2926 GELLIAE
1152 2875 1346 2926 MYRTALES.

221 2942 282 3005 XII,
301 2944 341 2994 60.
368 2939 536 2992 MYRTALE
561 2942 709 2992 SABINAE
735 2942 782 2992 ΕΤ
798 2944 998 2994 ΡΟΜΡΟΝΙΑΕ
1016 2943 1148 2994 FESTAE
1167 2943 1345 2994 VXORIBVS.

115 3025 118 3034 ·
221 3012 311 3060 uam.
329 3010 424 3060 susm.
442 3026 501 3075 pag.
520 3013 578 3063 441.
596 3010 726 3061 manera
744 3011 915 3064 11111111.

290 3081 314 3130 5.
334 3079 437 3129 iterare
461 3094 554 3130 careae
580 3077 667 3144 Cogor·
690 3079 807 3140 relictos]
835 3080 866 3128 N.
884 3079 1008 3129 Heinsius
1032 3076 1140 3127 inlibri
1157 3078 1198 3128 sui
1224 3080 1345 3143 margine.

220 3146 311 3211 „Lege
328 3147 441 3197 reiectos.
477 3147 547 3196 Diaei
564 3146 603 3196 ad
618 3146 794 3212 Metamorpb.
812 3146 971 3208 u111,173.“
1007 3149 1061 3207 Quo
1080 3145 1183 3210 quidem
1200 3145 1258 3196 loco
1276 3161 1345 3212 prae·

222 3215 315 3264 claram
332 3214 398 3264 hanc
417 3213 616 3263 emendationem
634 3213 738 3277 profert,
762 3213 894 3278 firmatque
919 3230 949 3264 ex
966 3213 1070 3263 Valerio
1090 3213 1191 3274 Flacco,
1218 3216 1265 3278 qui
1282 3214 1345 3265 cele

218 3297 285 3345 gere
303 3297 434 3346 eurupam,
451 3280 569 3345 relegere
587 3283 658 3329 viam
675 3281 749 3344 dixit,
774 3286 799 3331 et
823 3281 889 3332 alius
912 3281 1031 3345 relegere
1055 3283 1175 3345 uestigia.
1211 3282 1344 3346 Equidem,

222 3348 289 3410 quod
307 3353 393 3397 sancte
411 3363 551 3397 asseverare
569 3362 679 3412 possum,
698 3349 753 3412 ipse
772 3364 872 3414 quoque
889 3349 917 3399 in
936 3349 1040 3399 eandem
1058 3349 1242 3399 correctionem
1266 3350 1345 3400 multo

222 3415 293 3478 prius
311 3415 458 3475 incideram,
477 3430 552 3479 quam
570 3413 600 3462 ab
618 3415 728 3465 Heinsio
746 3432 801 3465 eam
819 3416 905 3467 didici.
941 3418 1030 3480 Neque
1048 3420 1133 3466 tamen
1150 3416 1205 3466 ulla
1223 3432 1255 3467 ex
1274 3423 1345 3483 parta

222 3481 303 3541 obsto,
322 3481 384 3543 quin
402 3480 508 3530 solidam
525 3481 591 3530 hanc
609 3482 660 3532 sibi
677 3482 778 3532 laudem
795 3483 888 3534 habeat
905 3486 945 3533 vir
961 3500 1077 3549 magnus,
1094 3485 1231 3534 Poetarum
1240 3486 1346 3536 Latino

221 3565 278 3598 rum
296 3549 387 3598 unicus
405 3549 550 3611 sospitator.
587 3547 659 3599 certe
682 3565 820 3614 numquam
838 3552 902 3602 mihi
926 3552 1025 3618 placuit
1043 3566 1137 3602 cursus
1154 3551 1282 3616 relictos,·
1299 3554 1345 3603 etsi

222 3618 322 3683 praeter
339 3631 425 3664 omncs
433 3615 536 3665 Horatii
555 3616 662 3682 codices,
681 3619 749 3682 apud
758 3621 901 3685 Eutychem
920 3634 1020 3685 quoque
1031 3621 1232 3670 Grammatieum
1242 3637 1267 3686 p.
1280 3622 1344 3673 2182

221 3700 289 3734 nunc
307 3682 344 3732 ita
361 3681 468 3746 legatur.
503 3683 606 3734 Morare
633 3684 728 3735 relicta
744 3690 843 3751 maria,
871 3691 992 3752 vestigia,
1010 3689 1077 3752 cias,
1094 3690 1191 3754 spotia,
1210 3694 1281 3739 recte
1290 3689 1345 3753 qni·

221 3752 277 3802 dem
295 3749 402 3800 dixeris:
422 3764 515 3799 cursus
534 3755 692 3801 autemeam
709 3769 761 3803 non
779 3755 836 3819 ipsa
859 3756 964 3817 vineit,
989 3755 1033 3805 sed
1056 3771 1103 3821 per
1127 3756 1195 3805 riam
1213 3756 1344 3816 decursim

220 3836 272 3870 non
296 3817 391 3867 dixeris
418 3832 505 3866 cursus
531 3817 645 3883 relictos,
670 3820 912 3886 111111111111111,
938 3839 990 3873 non
1015 3822 1140 3887 desertos,
1168 3823 1213 3873 sed
1239 3824 1344 3875 desitos.

221 3889 311 3951 Itaque
328 3885 376 3935 hac
393 3882 503 3933 lectione
520 3885 596 3935 semel
614 3887 755 3953 repudiata,
783 3888 854 3939 nullo
872 3891 958 3940 statim
977 3891 1081 3954 negotio
1100 3891 1203 3957 perveni
1223 3892 1257 3942 ad
1275 3891 1344 3942 illam

189 3958 196 3963 ’
220 3955 333 4014 alteram,
353 3967 428 4016 quam
445 3955 487 4000 tot
504 3951 532 4000 in
550 3951 607 4002 aliis
625 3955 770 4005 auctoribus
789 3957 902 4021 exempla
920 3958 1055 4009 memoriae
1073 3958 1252 4023 suggerebant.
1290 3960 1345 4010 Sta-

220 4023 273 4072 tius
290 4019 373 4070 Achil.
391 4019 412 4081 I,
431 4019 472 4070 23.
491 4018 641 4084 „Plenaque
657 4026 775 4072 materni
790 4023 909 4083 referens
925 4029 1071 4090 praesagia
1095 4029 1183 4076 somni
1201 4025 1345 4092 Calpatma

220 4086 349 4153 relegebat
372 4086 447 4137 iter.“
482 4085 561 4135 eitius
584 4087 686 4137 ltalicus
704 4090 738 4139 11.
758 4093 789 4153 [v.
809 4093 851 4154 20]
878 4092 967 4156 „Ilum
984 4092 1069 4156 1111111,
1088 4093 1202 4158 relegant
1228 4100 1344 4159 pontum,

218 4172 272 4206 neu
295 4172 323 4204 11
346 4153 446 4204 addere
469 4152 566 4203 clausa
590 4153 751 4208 Festinant.“
787 4156 943 4209 Claudianus
961 4161 991 4210 da
1010 4159 1077 4211 bello
1095 4162 1194 4224 Getico,
1213 4164 1274 4215 529.
1295 4160 1346 4227 „dt
