2842 4758
203 237 265 297 346
524 262 525 267 1
591 245 622 304 o.
645 245 787 292 uonaun
808 243 932 292 rancor

288 379 374 459 Quid
394 385 440 444 mi
461 379 560 460 igitur
582 378 723 444 suades?
746 384 780 443 ut
801 378 906 443 vivam
928 376 1073 443 Maenius
1095 383 1152 443 aut
1175 378 1223 443 sic

289 467 331 532 Ut
350 465 593 530 Nomentanus?
614 462 728 544 Pergis
749 462 928 549 pugnantia
949 482 1058 528 secum

287 549 459 615 Frontibus
481 548 625 614 adversis
648 551 848 632 conponere?
869 566 933 612 non
954 568 1015 630 ego
1036 566 1170 612 avarum

290 635 370 701 (lum
392 641 465 699 veto
488 639 519 698 te
540 633 619 711 fieri,
641 653 781 782 vappam
804 632 899 698 iubeo
920 652 958 697 ac
980 632 1180 698 nebulonem.

233 734 276 783 roi
290 721 349 785 Est
369 719 452 783 inter
473 717 597 782 Tanain
619 717 674 799 qui
699 719 809 795 dam*)
833 736 1041 800 socerumque
1062 717 1192 784 Viselli:

288 808 347 871 Est
368 804 483 869 modus
504 803 536 866 in
559 802 671 882 rebus;
695 807 770 868 sunt
792 803 870 867 certi
892 801 1030 885 denique
1051 802 1141 882 fines,

289 891 377 970 Quos
400 890 485 953 ultra
506 888 648 971 citraque
670 886 780 970 nequit
802 887 975 953 consistere
997 893 1128 954 rectum.

288 975 378 1052 Illuc,
402 974 486 1038 unde
507 971 585 1048 abii,
608 972 714 1040 redeo.
751 972 874 1037 nemon’
898 980 934 1037 ut
954 993 1072 1039 avarus

290 1061 332 1126 Se
354 1060 477 1144 probet,
499 1077 539 1123 ac
560 1058 668 1142 potius
690 1058 801 1123 laudet
822 1057 951 1123 diversa
972 1058 1158 1141 sequentis?

232 1157 276 1210 110
290 1144 448 1227 Quodque
470 1143 576 1208 aliena
598 1143 722 1228 capella
744 1149 837 1225 gerat
859 1143 1029 1208 distentius
1051 1143 1140 1221 uber,

207 1266 296 1327 costis,
313 1263 412 1314 Accius
430 1265 458 1311 r'n
479 1259 611 1311 Thebaide
628 1265 654 1311 et
674 1259 823 1311 Troadibus
840 1262 968 1311 citantur:
992 1277 1045 1310 nou
1061 1260 1233 1322 Eumenidis,
1251 1261 1344 1312 Alce·

204 1331 283 1393 stida,
305 1329 447 1392 Thebaida,
468 1327 588 1378 Troadis.
613 1330 656 1379 Ita
672 1329 741 1394 apud
753 1331 858 1379 Accium
871 1328 1084 1392 Tantalidarum,
1102 1328 1170 1393 apud
1187 1329 1344 1379 Pacuvium

205 1398 394 1464 Pelopidarum
412 1398 534 1459 inuenies,
552 1412 604 1447 uon
623 1395 795 1448 aTautultda
812 1398 939 1461 Pelopida
955 1397 1032 1446 rectis
1049 1396 1196 1447 faemininis
1210 1396 1343 1458 deduces,

204 1466 248 1517 sed
266 1481 280 1515 a
293 1464 454 1528 Tantalides,
464 1465 608 1529 Pelopidas.
628 1468 690 1527 [Διι.
700 1482 723 1514 v.
733 1468 781 1517 657
793 1464 879 1527 Ribb]
896 1465 1031 1529 „Quinam
1039 1465 1231 1515 Tantalidarum
1247 1469 1344 1516 iuter·-

205 1537 313 1584 necicni
320 1533 447 1582 moduct‘·
466 1532 546 1582 Iidem
555 1533 637 1582 adhuc
647 1534 760 1583 citantur
775 1534 802 1582 in
811 1533 994 1595 Antenoridis,
1003 1533 1251 1598 Agarnemncnidis,
1269 1535 1343 1583 Plri-

205 1601 289 1662 nidis;
307 1600 352 1650 ubi
362 1601 418 1664 tilii,
428 1616 479 1649 non
490 1600 564 1661 filiae,
574 1600 736 1651 denotantur.
760 1600 844 1657 Quare
854 1601 934 1651 satius
944 1606 990 1662 ast,
1005 1601 1105 1665 opinor,
1113 1599 1241 1666 plebeiam
1249 1601 1343 1662 illam,
1415 1658 1419 1669 ¹

204 1686 280 1733 quam
288 1670 396 1720 Horatio
414 1668 554 1732 adfingunt,
573 1669 776 1719 terminationem
792 1670 895 1718 missam
912 1669 939 1718 in
949 1685 1067 1735 praesens
1085 1669 1179 1719 facere:
1198 1674 1276 1733 atque
1297 1671 1343 1720 itu

203 1738 285 1787 locum
304 1752 428 1803 exponere
453 1737 531 1801 (quod
554 1741 579 1786 et
597 1736 658 1786 olim
676 1738 764 1801 tetigit
779 1737 930 1802 Lambinus)
952 1742 982 1787 ut
1002 1735 1221 1803 Tyndaridarum
1238 1753 1341 1802 genere

205 1806 306 1871 quidem
324 1805 464 1855 masculino
481 1806 615 1869 utriusque
632 1820 705 1855 sexus
723 1805 830 1867 liberos,
858 1810 910 1855 tam
933 1805 998 1855 filias
1017 1821 1092 1869 quarn
1109 1805 1189 1866 filios,
1214 1821 1341 1871 compre·

205 1875 306 1925 hendat.
342 1872 448 1924 Liberta
465 1873 547 1936 igitur
571 1873 615 1922 illa
633 1873 756 1922 Ummidii
781 1878 835 1923 erat
859 1873 939 1922 altera
957 1872 1154 1939 Clytemestra,
1178 1872 1340 1933 fortissima

205 1946 323 1993 cranium
342 1943 486 1992 liberorum
506 1939 643 2006 Tyndari:
662 1957 712 2005 quo
730 1941 804 1990 modo
822 1946 848 1990 et
866 1941 935 1991 salve
953 1942 1002 1991 erit
1020 1942 1155 2002 sententie,
1173 1957 1257 2006 neque
1275 1942 1340 1992 ulla

205 2011 302 2061 scabies
320 2010 476 2060 nitidissimo
492 2013 583 2074 poetae
600 2008 766 2059 affricabitur.
798 2009 899 2076 Syuesii
915 2009 1066 2074 Philosophi
1083 2009 1259 2073 Epigramma,
1276 2012 1338 2060 An·

206 2079 301 2143 tholog.
326 2078 373 2139 IV,
398 2080 421 2129 4.
448 2081 497 2142 [ep.
517 2079 559 2139 20]
597 2071 632 2125 Ol
663 2080 735 2142 τρεῖς
769 2078 996 2134 ΤΥΝΔΑΡΙΔΑΙ,
1032 2070 1168 2145 Κάστωρ,
1188 2079 1336 2136 ΕΔΕΝΗ,
1418 2077 1420 2088 ’

206 2141 379 2208 Πολυδεύκης.
412 2143 475 2195 Tres
490 2146 533 2194 illi
541 2144 706 2210 Tyndaridae,
728 2144 831 2206 Castor,
848 2145 956 2208 Helena,
975 2145 1117 2196 etPollua.
1142 2146 1243 2195 Helena
1261 2162 1338 2211 ergo,

205 2219 235 2264 ιιι
252 2215 335 2276 vides,
360 2218 415 2263 erat
438 2229 493 2263 unu
518 2218 543 2262 et
561 2213 662 2277 quidem
679 2213 852 2277 pulcherrima
872 2211 1098 2280 Tyndaridarum.
1134 2212 1204 2269 Quin
1222 2218 1248 2263 et
1266 2214 1338 2265 alias

206 2282 376 2333 Masculiuum
394 2297 474 2346 genus
502 2281 548 2330 sub
575 2297 602 2330 se
625 2280 732 2330 alterum
756 2281 896 2333 concludit.
930 2282 1028 2345 Digest.
1046 2281 1089 2343 Il,
1109 2283 1140 2332 10
1165 2281 1214 2344 [Χ,
1233 2283 1269 2345 2],
1288 2284 1336 2334 38.

206 2351 323 2414 „bricius
341 2356 367 2400 et
386 2349 457 2409 Titia
475 2349 593 2398 iratres.“
628 2353 654 2397 et
679 2349 737 2412 [II]
757 2351 803 2411 14,
822 2352 862 2402 35.
899 2347 983 2412 „Tres
999 2349 1089 2399 fratres
1111 2347 1197 2399 Titius
1215 2355 1241 2400 et
1259 2349 1338 2401 Mue-

206 2423 264 2469 uius
282 2424 309 2468 et
325 2417 415 2468 sarar
449 2417 540 2467 Livius
557 2415 690 2480 XXXVII,
709 2419 732 2468 3.
753 2416 780 2482 [ὅ
799 2419 825 2478 9]
860 2417 975 2481 „Legati
993 2420 1026 2467 ab
1043 2417 1192 2468 Ptolemaeo
1213 2423 1239 2467 et
1257 2416 1337 2469 Ciso-

204 2493 294 2552 putra,
312 2487 414 2550 regibus
432 2485 558 2551 Aegypti,
577 2485 733 2534 uenerunt.“
767 2484 872 2535 Tacitus
889 2485 981 2536 Annei.
999 2484 1067 2549 XII,
1084 2488 1108 2537 4.
1142 2487 1336 2550 „Fratrumque

205 2571 259 2605 non
278 2559 421 2614 incestum,
444 2553 491 2602 sed
508 2552 700 2603 incustoditum
719 2567 835 2602 amorem
853 2553 890 2603 ud
907 2554 1048 2613 infamiam
1067 2555 1186 2603 trasib‘:
1215 2554 1265 2603 hoc
1284 2559 1336 2619 est,

205 2623 290 2673 Silani
307 2628 332 2671 et
349 2622 439 2670 Iuniae
458 2619 585 2672 Calvinae.
621 2621 672 2670 Ubi
690 2621 895 2671 accuratissimus
913 2622 1056 2671 Gronovius
1080 2625 1153 2686 pater
1177 2625 1203 2671 et
1221 2621 1269 2671 illa
1287 2622 1337 2672 Se·

206 2706 282 2740 necas
292 2689 403 2749 adducit,
421 2688 510 2737 Medea
520 2704 541 2736 v.
552 2690 593 2740 56·
604 2693 629 2737 et
638 2690 678 2739 59.
707 2688 769 2751 „Ad
786 2705 872 2753 regum
885 2687 1029 2739 Tbulamos
1047 2692 1156 2739 numine
1172 2690 1336 2754 prosperc.“

207 2759 328 2817 „Primus
345 2754 511 2821 sceptriferis
529 2755 597 2805 coila
616 2756 799 2806 Tonantibus.“
826 2772 928 2821 regum,
946 2757 974 2806 id
992 2762 1038 2818 est,
1056 2757 1155 2806 Iasonis
1169 2763 1195 2806 et
1206 2755 1335 2819 Creusam

210 2824 381 2886 Tonantibus,
400 2824 427 2873 id
445 2828 489 2887 est,
506 2824 562 2872 Iovi
580 2828 605 2872 et
622 2825 724 2874 Iunoni.
754 2827 838 2889 Atque
854 2825 915 2875 haec
933 2824 1096 2889 scripseram
1115 2841 1172 2874 curu
1189 2826 1218 2875 iu
1237 2841 1335 2877 memo·

207 2895 271 2943 riam
288 2892 387 2942 domum
405 2891 478 2954 redii,
497 2891 696 2941 eruditissimum
716 2892 883 2942 Muuclrcrum
901 2894 929 2942 iu
947 2893 1127 2943 commentario
1145 2892 1178 2942 ad
1196 2893 1334 2958 Hyginum

209 2959 368 3028 Tyndarida
385 2960 413 3010 in
431 2975 491 3009 casu
509 2969 578 3009 recto
595 2960 682 3009 multis
706 2960 827 3024 exemplis
852 2961 994 3021 adstruere;
1021 2961 1107 3026 qualia
1125 2967 1185 3010 sunt
1202 2959 1334 3012 Briseida

206 3047 253 3096 pro
270 3028 385 3092 Briseis,
412 3028 562 3093 Chryseida
585 3033 611 3078 et
631 3027 774 3078 Tritonida
793 3029 861 3092 apud
877 3030 1023 3095 Hyginum
1047 3029 1166 3079 Nereida
1183 3034 1210 3078 et
1227 3029 1333 3080 Aulida

206 3099 274 3163 apud
290 3097 384 3164 Dictyn
403 3095 562 3156 Cretensem3
579 3096 698 3147 Heroi'du
716 3096 785 3160 apud
804 3097 979 3161 Fulgentium;
998 3095 1124 3147 Titanida
1142 3096 1209 3162 apud
1221 3096 1334 3147 Martia·

206 3183 267 3216 num
285 3165 426 3230 Capellam,
454 3163 638 3230 Symplegada
662 3165 729 3229 apud
753 3164 895 3226 Isidorum,
923 3170 948 3214 et
970 3164 1021 3214 eliu
1044 3165 1119 3229 plura
1143 3167 1199 3214 eius
1222 3164 1332 3215 tarinae.

207 3235 277 3289 Quae
295 3234 387 3295 omnia,
406 3234 458 3282 sive
476 3232 541 3297 ipsis
559 3232 713 3293 auctoribus,
733 3237 762 3282 ιιι
779 3233 833 3282 fieri
852 3237 943 3297 potest,
962 3234 1018 3282 sire
1033 3233 1202 3283 delirantibus
1214 3232 1332 3284 librariis

207 3301 356 3367 imputanda
366 3302 426 3363 siut,
441 3317 496 3350 meo
506 3300 608 3363 quidem
617 3300 714 3350 iudicio
724 3300 790 3349 nihil
800 3301 832 3350 ad
841 3301 979 3350 Horatium
988 3301 1094 3350 faciunt.
1120 3300 1196 3349 Absit
1205 3302 1282 3362 enim,
1301 3304 1333 3352 ut

205 3372 336 3432 Augusteo
353 3385 414 3418 aevo
437 3373 463 3418 et
480 3367 659 3432 probatissimo
685 3369 787 3432 quidem
810 3369 930 3434 scriptori
954 3370 1029 3419 verba
1054 3369 1209 3427 tribuemus;
1236 3368 1332 3432 quibus

207 3442 265 3501 post
281 3436 361 3486 multa
378 3436 485 3498 saecula,
503 3435 554 3485 late
572 3441 625 3485 tum
643 3441 774 3500 grassante
792 3435 917 3500 barbarie,
936 3436 1071 3502 scriptores
1088 3436 1187 3501 aliquot
1194 3436 1332 3501 proletarii

206 3506 307 3555 chartas
324 3504 500 3568 inquinarunt.

276 3574 334 3623 101.
371 3570 660 3635 desiccabuntur,
685 3576 733 3621 aut
755 3574 793 3622 sic
814 3570 848 3623 dt
862 3570 1057 3634 Nomentanus]
1091 3571 1210 3635 Plerique
1228 3570 1331 3622 codices

206 3639 325 3692 Naeuius
348 3639 457 3700 habeut3
483 3639 619 3690 Editiones
643 3644 738 3690 veteres
757 3638 872 3700 Meuius;
902 3645 932 3690 ut
949 3643 974 3689 et
991 3641 1118 3690 Galeanus
1141 3643 1243 3700 noster,
1267 3643 1292 3688 ct
1315 3652 1332 3689 a

206 3709 289 3775 prima
306 3724 383 3758 mauu
401 3708 482 3757 codex
498 3708 593 3772 Regiae
612 3708 755 3758 Societatis.
784 3708 857 3758 Unde
875 3713 943 3758 recte
959 3709 1079 3758 uidentur
1096 3706 1240 3771 reposuisse
1257 3704 1331 3757 diae·

206 3780 276 3839 nius,
295 3776 340 3842 qui
357 3793 387 3826 ex
404 3776 523 3842 Epistola
540 3777 561 3838 1,
583 3778 621 3828 15.
640 3778 671 3839 [v.
691 3778 734 3838 26]
752 3780 828 3825 notus
846 3781 884 3825 est
900 3777 1022 3826 luxuriae.
1051 3778 1129 3825 Porro
1147 3782 1172 3824 et
1189 3775 1253 3839 Reg.
1272 3775 1328 3825 Soc.

206 3846 284 3906 libor,
310 3851 357 3906 „ut
379 3847 466 3895 uiuam
484 3843 600 3905 Meuius,
626 3859 659 3893 au
683 3848 722 3894 sic
750 3842 782 3896 tu
798 3842 1019 3895 Nonrentauust“
1043 3844 1170 3894 Nimirum
1195 3842 1264 3891 bunc
1283 3857 1329 3907 pro

206 3912 346 3974 nebulone,
370 3913 482 3962 Meuium
505 3928 552 3977 pro
575 3927 651 3962 avaro
674 3917 700 3962 et
717 3912 819 3962 sordido
837 3913 906 3978 cepit
922 3912 1056 3962 librarius:
1083 3926 1158 3976 quam
1176 3911 1330 3960 seutentIam

207 3996 283 4043 supra
300 3981 475 4031 refutavimus.
510 3979 603 4032 Melius
627 3979 714 4043 itaquo
737 3996 794 4030 cum
817 3981 909 4032 ceteris
933 3981 1016 4045 leges,
1042 3985 1073 4030 ut
1096 3978 1184 4029 uiuam
1201 3976 1329 4041 Naeuius,

207 4056 266 4097 aret
282 4052 335 4112 sic;
354 4054 399 4098 aut
416 4048 483 4113 quod
501 4048 583 4098 adbuc
601 4048 685 4097 miuus
703 4048 815 4112 ambigui
834 4048 918 4113 habet,
937 4054 967 4098 ut
984 4052 1071 4099 uiuam
1080 4045 1207 4109 Naeuius,
1226 4062 1265 4096 ac
1281 4048 1328 4111 sie,

206 4201 215 4238 ί
266 4133 291 4196 *)
310 4131 428 4251 [puidam
446 4145 466 4180 et
476 4143 497 4180 in
511 4144 607 4190 maraine
619 4140 695 4192 ..luia
711 4131 855 4200 quiddam“
870 4141 936 4181 Beati.
951 4143 981 4180 ed
996 4151 1017 4182 a.
1033 4141 1096 4188 illl,¹
1118 4141 1155 4179 ssd
1168 4140 1264 4179 conruit
1275 4139 1327 4179 ibid.

215 4210 229 4237 a
238 4204 312 4249 praef.
