2842 4758
348 250 534 300 annuouuu
555 251 621 299 nm.
637 252 660 298 1.
683 245 708 297 2.
1033 247 1096 309 357

99 382 192 464 iugis,
214 391 342 461 nasuta,
363 382 453 451 brevi
475 384 586 465 latere,
608 405 648 451 ae
667 385 752 472 pede
774 386 871 470 longo
894 397 951 455 ost.

99 488 208 545 ronse,
228 475 359 569 praeter
381 469 506 548 faciem,
528 469 574 534 nil
596 489 726 536 cernere
747 471 872 555 possis;

99 563 182 631 tera,
205 575 237 618 nr
260 552 354 619 Ostia
375 560 438 633 est,
458 554 600 621 demissa
621 562 710 623 veste
733 556 880 638 tegentis.

102 638 257 704 nterdieta
278 644 380 725 petes,
402 639 488 706 vallo
511 639 718 717 circumdata,
741 646 827 711 lnam
851 650 883 708 te

98 723 198 788 :facit
218 722 379 803 insanum)
401 724 522 790 multae
544 724 602 790 tibi
625 730 692 791 tum
714 724 854 791 officient
874 746 942 806 res;

100 808 201 886 todes,
223 808 344 881 lectica,
367 807 540 881 ciniflones,
564 809 742 909 parasitae;

105 894 187 958 talos
210 894 294 960 stola
315 892 467 972 demissa,
490 900 524 958 et
545 895 743 960 circumdata
763 895 852 980 palla

98 977 185 1055 rima,
208 998 291 1061 quae
314 977 479 1045 invideant
525 999 580 1045 ure
602 979 759 1066 adparere
782 981 838 1045 tibi
863 1001 940 1047 rem.

98 1083 141 1125 era
161 1063 207 1126 nil
228 1065 351 1130 obstat:
375 1062 451 1130 Cois
473 1001 531 1129 tili
552 1084 635 1150 pene
657 1064 767 1131 videre
788 1072 838 1131 est

98 1145 242 1248 limi,
257 1168 297 1214 ne
319 1167 411 1215 crure
432 1148 528 1226 malo,
549 1169 591 1214 ne
614 1148 657 1249 sit
677 1150 764 1248 pede
783 1148 884 1236 turpi:

98 1252 267 1395 utut
283 1234 493 1404 ttulit
515 1234 659 1397 ,titi
678 1254 784 1384 {31¹⁸

98 1422 136 1464 rm
158 1422 297 1468 meroem
317 1402 467 1469 ostendii
503 1405 699 1488 Leporem
721 1409 855 1469 venator
876 1410 912 1468 ut
933 1405 999 1469 alta

98 1485 160 1552 rive
183 1494 333 1565 sectetur,
355 1486 497 1572 positum
521 1487 568 1553 sic
590 1495 725 1569 tangere
747 1487 841 1553 nolite

98 1577 160 1648 tat,
184 1578 216 1637 et
237 1572 380 1658 adponit,
402 1591 517 1638 meus
540 1579 591 1640 est
611 1592 702 1638 amor
723 1573 799 1639 huie
820 1572 949 1639 similis:
972 1595 1046 1639 nam

98 1656 219 1722 osvolat
239 1657 274 1722 in
294 1656 401 1723 medio
422 1656 537 1743 posita,
561 1664 593 1724 et
615 1657 774 1740 fugientia
795 1662 914 1742 captat.

98 1740 158 1806 tine
179 1741 346 1809 versiculis
369 1761 481 1828 speras
503 1742 561 1807 tibi
583 1763 679 1829 posse
703 1742 840 1818 dolores,

98 1845 135 1891 ue
157 1832 278 1906 aestus,
301 1846 458 1909 curasque
481 1828 589 1909 gravis
612 1847 630 1892 e
651 1833 780 1914 pectore
801 1825 892 1891 tolli?

257 1960 280 1993 r.
302 1947 358 1999 loe.
376 1944 452 2011 Vulg.
471 1944 604 1998 Sectatur.
640 1943 789 1997 stereus.

98 2079 178 2141 aiunt,
196 2094 231 2128 ne
248 2084 286 2141 tu,
303 2084 408 2144 amator,
426 2083 527 2145 optima
545 2083 669 2146 corporis
685 2082 788 2130 amicae
805 2083 868 2128 tuae
885 2077 969 2128 acutat
984 2077 1089 2145 Lyncei

98 2147 161 2209 aris,
184 2147 258 2196 mela
282 2153 371 2198 cratem
395 2148 479 2199 octale&
497 2148 643 2215 Hypsaeus.
678 2149 752 2197 Itane
769 2146 847 2196 vero?
874 2159 907 2195 an
931 2161 960 2195 eo
978 2146 1086 2196 consilio

99 2229 127 2262 os
145 2214 324 2278 considerant,
342 2231 374 2266 ue
391 2220 515 2267 amatores
533 2215 561 2265 in
580 2215 719 2265 amicarum
736 2215 816 2264 forma
833 2213 997 2264 caecutiant?
1024 2213 1086 2264 Tam

102 2280 198 2332 facetos
216 2298 287 2347 reges
305 2299 356 2333 non
374 2288 466 2335 temere
483 2283 567 2345 hodie,
585 2283 669 2348 credo,
686 2282 822 2333 inveneris.
849 2281 899 2332 Sed
914 2281 963 2347 dio,
982 2282 1085 2332 amabo:

97 2348 200 2399 redibile
218 2356 271 2413 eat,
295 2355 347 2401 tam
370 2352 486 2417 ineptum
510 2354 559 2402 hoc
584 2351 614 2403 ab
639 2355 741 2402 auctore
759 2350 900 2415 proiectum
918 2349 991 2400 esse?
1018 2365 1086 2409 eave,

98 2417 167 2473 Quin
190 2417 295 2482 ignaros
318 2420 405 2483 potins
428 2419 549 2469 librarios
571 2419 689 2470 incusare
712 2420 753 2469 ius
777 2424 803 2467 et
819 2418 857 2468 las
876 2422 926 2471 est:
957 2417 1002 2482 qui
1020 2420 1085 2467 nuri·

99 2485 193 2536 Flacco
217 2487 260 2537 hie
284 2487 394 2553 positam
419 2487 618 2553 interpolatione
642 2503 689 2537 sua
710 2486 883 2551 perdiderunt.
922 2485 984 2536 Sine
1007 2486 1085 2536 dubio

100 2553 145 2604 ille
163 2554 314 2619 scripserat,
333 2555 408 2619 „Hoc
425 2555 469 2606 illi
486 2561 572 2606 recte.-
590 2560 620 2604 tn
644 2557 767 2620 corporis
784 2556 884 2618 optime
901 2552 1000 2619 Lyncei
1019 2551 1085 2603 (lon-

99 2622 200 2684 oeulis,·
228 2622 352 2689 Hypsaea
370 2626 489 2686 caemar,
516 2623 565 2674 illa
592 2623 666 2686 Ques
689 2622 762 2672 male
784 2625 861 2683 rent,
888 2623 1014 2686 spectas.“
1049 2622 1085 2672 Et

97 2706 139 2739 rra
162 2689 263 2755 quidem
281 2690 442 2756 praeierunt,
469 2695 571 2756 praeter
588 2690 769 2741 Torrentianoa
793 2689 905 2753 aliquot,
932 2688 1085 2754 Reginenais

97 2757 158 2807 alter
168 2757 278 2823 collegii
288 2757 437 2811 Trinitatis:
456 2759 524 2809 unde
542 2774 605 2809 ansa
621 2758 764 2826 porrigitur
781 2756 814 2807 ad
827 2761 910 2807 catera
924 2757 1083 2822 corrigenda.

97 2841 145 2887 eni,
163 2827 209 2887 ait,
226 2826 270 2876 illi
286 2833 371 2878 recte:
396 2832 426 2877 tu
444 2833 539 2878 eontra
557 2829 646 2892 inepte
663 2833 689 2876 et
704 2826 785 2876 atrrlte
800 2825 879 2887 lacis,
898 2827 946 2889 qui
962 2829 1085 2891 eorporis

97 2896 232 2943 certissime
249 2897 344 2957 emis,
362 2896 436 2945 mala
454 2910 517 2945 vere
535 2895 653 2959 negligis
670 2900 697 2944 et
711 2895 911 2959 praeter-initiis.

118 2961 150 3010 In
173 2964 235 3011 nive
257 2966 385 3026 sectatur]
426 2962 461 3013 At
486 2963 612 3012 editiones
638 2967 765 3022 vetustae,
792 2964 819 3010 et
843 2961 1005 3011 membranae
1031 2960 1083 3011 fare

96 3028 240 3093 ntiquioraa
257 3031 422 3096 praesertim,
446 3035 499 3081 tam
515 3031 637 3091 aliorum,
662 3045 737 3093 quam
755 3034 872 3090 nostrae,
889 3033 1011 3079 sectetur.
1047 3030 1089 3079 Et'

97 3096 166 3146 idem
185 3100 251 3157 (cam
270 3099 435 3164 Epigramma
452 3097 602 3148 Callimachi
621 3099 678 3162 [Ep.
690 3098 742 3158 331,
763 3095 831 3145 unde
847 3096 910 3145 haee
928 3095 960 3144 ad
978 3094 1084 3146 verbum

97 3169 165 3224 rota,
182 3166 233 3215 iarn
252 3167 347 3216 editum
365 3171 391 3217 at
407 3166 526 3217 omnibus
544 3167 686 3231 expositum
704 3165 748 3219 sitt
766 3179 850 3213 veram
867 3163 1003 3212 lectionem
1021 3180 1082 3213 oon·

97 3248 171 3297 mque
195 3234 276 3283 adhuc
300 3234 328 3284 in
352 3235 451 3285 incerto
475 3250 537 3284 esse.
580 3232 619 3283 Tu
643 3249 701 3283 vero
725 3232 762 3282 sic
786 3230 868 3282 scribe
892 3234 917 3280 et
941 3230 1081 3296 distingue.

97 3317 101 3347 ι
125 3306 237 3351 venator·
261 3307 292 3351 ut
316 3302 372 3352 alta
395 3303 427 3353 ln
451 3305 513 3352 aive
535 3306 659 3363 sectetur,
684 3304 802 3366 positum
819 3301 859 3350 sie
876 3304 988 3362 tangere
1004 3301 1082 3364 nolit,

97 3374 113 3416 a
130 3371 251 3433 apponit,
269 3368 343 3419 Meus
361 3375 399 3420 est
416 3385 494 3420 emor
510 3370 573 3420 truie
590 3370 702 3430 similis,·
721 3384 783 3419 nam
805 3366 965 3418 Transvolut
982 3370 1011 3418 in
1029 3384 1081 3419 me·

97 3452 114 3499 a,
134 3441 160 3486 et
175 3435 312 3500 fugientia
330 3439 447 3503 captat.“
473 3437 519 3488 ubi
536 3438 598 3488 ordo
613 3444 659 3500 est,
680 3436 784 3500 canat,
802 3441 1081 3487 eternales-sectetur

113 3505 155 3554 lta
171 3504 297 3568 Virgilius
315 3505 403 3571 Eclog.
422 3505 473 3567 VI,
497 3508 538 3558 31.
573 3504 714 3570 „Namque
737 3504 857 3564 canebat,
884 3502 925 3552 uti
951 3518 1081 3568 magnum

97 3591 99 3613 ÷
117 3578 210 3623 coacte
228 3572 336 3623 Semina
355 3579 541 3638 terrarumque
558 3577 716 3638 animaeque
732 3575 868 3636 marisque
893 3572 1026 3623 luissent.“
1055 3576 1081 3621 et

112 3639 198 3701 „Tura
216 3641 300 3702 cauit,
324 3646 458 3691 mentem
478 3641 607 3692 Permessi
629 3642 666 3691 ed
682 3642 795 3702 flumina
816 3639 921 3690 Gallum
940 3638 1032 3688 Aones
1051 3641 1080 3687 in

97 3712 105 3757 t
130 3708 231 3758 duxerit
254 3724 309 3759 una
332 3710 483 3760 sororum.“
517 3708 564 3760 Vel
588 3709 654 3759 illud
677 3708 747 3759 nolit
769 3723 815 3772 per
841 3723 867 3757 se
885 3707 948 3755 satis
964 3705 1084 3755 ostendit.

105 3792 159 3826 esse
176 3782 298 3827 sectetur.

117 3843 251 3910 Curasque
266 3860 364 3908 greces
382 3861 396 3895 a
412 3849 520 3909 pectore
536 3843 610 3908 peltz]
646 3844 687 3893 Ita
710 3844 810 3908 priseae
828 3840 967 3903 editiones,
992 3844 1018 3890 et
1036 3855 1084 3889 co*

99 3913 120 3960 ri
139 3913 310 3974 Graerianus,
334 3911 486 3977 Reginensis
504 3927 561 3962 cnm
579 3912 652 3971 aliis,
677 3916 706 3961 ut
724 3909 806 3960 Germ.
823 3909 852 3970 Ι,
869 3911 893 3969 Ἰ,
911 3910 952 3961 31.
987 3923 1080 3972 „nunc

97 3983 122 4028 te
139 3984 238 4029 curas.“
274 3980 353 4030 Silius
372 3979 429 4030 Ital.
447 3976 522 4031 XIII.
547 3984 580 4043 [v.
599 3981 660 4041 263]
695 3977 807 4040 „Virtus
831 3992 849 4026 a
868 3976 955 4026 Peene
974 3975 1078 4026 nullam

97 4047 243 4109 inclutam,
270 4047 444 4108 Vociferatur,
470 4048 553 4113 pulsis
576 4046 714 4097 vivendis
732 4049 834 4111 pectore
852 4044 946 4095 ouria.“
981 4043 1078 4093 Tamen

108 4114 166 4176 ille,
185 4120 293 4181 pectere
309 4115 381 4180 pelli,
399 4116 528 4179 ingratum
547 4114 668 4180 quiddam
686 4119 766 4164 sonet.
801 4112 875 4162 Unde
894 4111 1078 4162 disertissimus

98 4182 151 4233 sius
169 4199 182 4233 e
200 4183 346 4234 coniectura
363 4182 521 4248 corrigebat,
546 4200 561 4233 e
581 4188 690 4250 pectore
708 4181 808 4233 velli:
836 4179 904 4246 quod
921 4180 950 4231 in
967 4178 1077 4244 Collegit
