2810 4764
205 265 264 328 194
585 281 616 340 o.
638 280 779 329 noman
799 282 923 332 nascor
978 330 981 336 .

257 415 424 482 ιΑιιιιιιι
446 415 487 480 ab
507 413 563 479 illo
585 412 673 480 ducit
693 414 857 496 originem,

286 500 349 580 Qui
370 498 569 567 Formiarum
591 499 717 566 moenia
738 500 853 567 dicitur

327 586 489 670 Princeps,
512 591 545 650 et
564 584 727 651 innantem
747 584 885 653 Maricae

402 669 564 737 Litoribus
587 670 727 735 tenuisse
748 669 848 736 Lirim

282 757 363 822 Late
386 759 553 841 tyrannus)
575 774 645 820 oras
667 754 753 823 foliis
773 774 887 822 nemus

243 853 271 904 10
285 839 405 917 Multis,
427 845 459 906 et
480 841 557 923 alga
576 838 653 906 litus
674 839 779 906 inutili

324 925 475 991 Demissa
496 931 670 1010 tempestas
691 926 732 990 ab
755 927 840 991 Euro

402 1011 544 1090 Sternet;
566 1016 672 1093 aquae
693 1010 756 1076 nisi
776 1010 859 1076 fallit
878 1026 985 1092 augur
1016 1042 1030 1057 -ι

626 1128 649 1169 v.
668 1115 693 1164 5.
710 1111 786 1176 Vulg.
803 1111 893 1162 Ducis.

197 1230 263 1279 scire
278 1228 353 1279 hodie
370 1245 421 1280 non
439 1243 580 1293 possamus,
597 1245 679 1294 neque
695 1229 770 1280 flocci
787 1229 1011 1294 quideminterest.
1038 1229 1113 1294 Vide,
1131 1229 1152 1280 si
1171 1229 1243 1294 libat,
1257 1230 1323 1283 Nic.

194 1297 331 1347 Heinsium
348 1297 380 1347 ad
396 1296 530 1347 claudian.
548 1297 591 1347 IV.
609 1297 684 1349 (lons.
701 1299 799 1350 Honor.
817 1313 880 1347 vers.
903 1299 957 1349 155.

263 1368 287 1416 b.
306 1366 423 1416 Auctore
440 1366 473 1415 ιι
490 1364 538 1416 tlte
557 1365 632 1416 dunis
650 1368 790 1431 om'gr‘rssm]
818 1366 902 1417 Dacia
918 1365 1013 1416 habent
1029 1381 1116 1416 omnes
1133 1365 1228 1431 ubique
1244 1366 1322 1430 libri,

194 1437 247 1483 tam
264 1433 355 1499 scripti
372 1449 446 1498 quam
464 1433 536 1484 aditi.
570 1435 627 1498 Ego
644 1450 702 1485 vero
718 1433 770 1484 iarn
792 1433 853 1483 olim
870 1433 1043 1498 praevideram
1064 1433 1242 1499 corrigendum
1260 1452 1323 1487 asse

195 1502 277 1559 duait,
294 1502 441 1568 priusquam
459 1501 487 1551 in
505 1501 621 1552 Danielis
637 1502 741 1553 Heinsii
759 1502 873 1551 notulam
891 1498 1046 1552 incidissem.
1081 1501 1154 1553 Gesta
1171 1503 1194 1553 is
1211 1503 1264 1554 iam
1280 1504 1320 1555 ab

194 1568 269 1620 annis
285 1584 366 1636 prope
384 1573 484 1619 uentum
501 1569 644 1620 emendarit
660 1571 728 1621 huna
745 1570 843 1630 locum3
866 1584 949 1633 neque
965 1574 1056 1620 tamen
1079 1570 1147 1621 ullus
1171 1576 1261 1636 postea
1282 1588 1321 1623 ex

194 1638 345 1687 Editoribus
362 1642 407 1686 aut
424 1641 525 1687 secutus
542 1642 581 1688 est
598 1638 652 1688 eius
670 1639 865 1698 correctionem,
888 1641 934 1687 aut
950 1637 1054 1687 omnino
1077 1639 1205 1690 mentione
1222 1640 1317 1704 digna·

193 1710 235 1755 tus
252 1710 298 1757 est.
335 1705 403 1761 Quid
420 1710 466 1768 est,
486 1705 509 1755 si
526 1705 587 1756 baec
604 1722 655 1756 non
674 1706 814 1756 infelicitas
831 1707 889 1755 est?
913 1707 944 1757 In
962 1709 1017 1756 toto
1033 1706 1143 1756 Horatio
1160 1706 1203 1757 vix
1219 1706 1316 1758 iterum

193 1773 327 1824 tertiumve
344 1773 407 1823 bene
424 1774 534 1824 coniecit
550 1774 591 1823 vir
607 1789 713 1839 magnus
731 1773 845 1839 quidem,
869 1774 1003 1824 audiretis
1020 1774 1101 1824 Musis
1118 1775 1160 1825 hie
1178 1781 1317 1840 operatus:

193 1847 219 1891 et
235 1847 318 1891 tamen
337 1857 388 1890 una
405 1841 466 1891 haec
485 1841 603 1907 capitalis
620 1842 762 1893 amandatio
779 1840 940 1908 probatorem
963 1858 1014 1891 non
1038 1840 1147 1895 invenit.
1181 1843 1254 1899 Quod
1271 1861 1318 1905 ao,

192 1909 289 1975 opinor,
308 1909 410 1971 accidit,
429 1908 489 1974 quia
507 1909 584 1974 (quod
601 1911 656 1960 iure
674 1910 782 1962 mirerist
799 1926 831 1960 ne
848 1909 952 1960 verbulo
969 1909 1071 1974 quidem
1087 1911 1214 1961 rationem
1231 1911 1314 1963 ullam

193 1978 370 2042 castigationis
388 1991 448 2028 suae
464 1977 594 2030 reddidit·
618 1979 671 2028 Nos
688 1978 743 2028 eius
759 1978 840 2028 ricem
857 1978 936 2039 illud,
959 1985 989 2027 ut
1011 1992 1157 2044 possumus,
1181 1979 1318 2045 explicare

191 2046 346 2097 conabimur.
381 2045 447 2095 Vide
464 2046 550 2110 itaque
567 2050 650 2096 ιιιιιιιι
665 2046 762 2108 locum
786 2051 816 2096 ιιι
832 2045 894 2096 libri
911 2062 969 2097 eum
985 2061 1053 2096 nunc
1070 2046 1204 2101 exhibent:
1222 2049 1317 2112 „Asta

191 2119 293 2164 vetusto
310 2110 408 2164 nobiles
424 2115 458 2164 ct
474 2112 573 2178 Lamo,
602 2112 724 2176 tQucrsdo
743 2120 770 2165 et
783 2116 889 2180 priores
906 2116 969 2165 binc
985 2113 1095 2165 Lamias
1111 2115 1205 2176 ferunt
1220 2116 1314 2166 Dersa-

190 2184 312 2232 ms‘rsctca
341 2184 367 2232 st
382 2186 508 2248 nepotum
533 2182 584 2232 Per
600 2197 727 2233 mansores
750 2196 836 2246 gersus
859 2197 936 2232 ornae
958 2183 1052 2244 factost
1069 2184 1187 2233 Auctore
1210 2185 1242 2234 ab
1260 2184 1314 2235 illo

191 2250 263 2300 ducis
287 2252 419 2315 originem
445 2248 498 2312 Qus·
514 2248 686 2301 Farraticanus
712 2253 819 2301 moenio
843 2250 945 2301 dicitur
961 2250 1102 2316 Ριίιιιρι,
1129 2257 1156 2301 et
1171 2254 1313 2302 innantem

190 2316 311 2369 Maricae
328 2317 465 2368 Litoribus
482 2321 595 2368 terruisse
611 2317 691 2368 Lirin
708 2318 775 2368 Late
792 2324 934 2384 tyrcanus.
964 2317 1029 2369 Cras
1045 2319 1121 2380 fclis's
1137 2335 1229 2371 mensus
1237 2319 1313 2370 Mul·

191 2388 225 2436 ιιι
242 2414 273 2424 -
292 2386 363 2436 Dum
378 2391 461 2451 petas,
479 2386 586 2436 crisma
597 2385 729 2451 Ocmporse
744 2387 866 2451 lignem,-
884 2402 944 2437 cras
959 2390 1070 2452 genium
1086 2402 1159 2439 merc
1171 2386 1311 2440 Curatis.‘⁸

190 2452 330 2504 Considera
346 2469 423 2516 nunc,
441 2455 527 2517 sodes,
545 2455 717 2505 oeconomiam
734 2455 869 2507 carminis:
894 2454 948 2516 Τιι,
971 2455 1029 2505 Aeli
1045 2455 1149 2516 Lamia,
1175 2470 1190 2504 a
1206 2462 1313 2506 vetusto

189 2522 269 2572 Lamo
286 2522 462 2582 denominate3
489 2527 532 2583 tu,
550 2525 674 2587 impetam,
693 2525 825 2589 originem
843 2523 918 2573 ducis
935 2539 952 2572 c
969 2522 1053 2574 Lamo
1071 2523 1118 2573 illc
1136 2522 1313 2574 Formiarum

189 2604 267 2654 rege:
292 2605 347 2639 cras
364 2605 456 2655 magna
473 2590 561 2654 pluria
578 2590 640 2640 erit:
665 2591 738 2655 ligna
755 2590 830 2653 sicca,
848 2590 910 2640 dum
925 2589 987 2641 lioet
1003 2591 1093 2653 hodie,
1118 2590 1164 2641 sub
1183 2595 1251 2642 tacto
1268 2608 1310 2642 re·

188 2672 267 2722 pone:
292 2673 349 2706 cras
367 2658 434 2707 enini
452 2657 520 2707 domi
537 2657 609 2708 bibes
624 2658 735 2720 otiosus,
758 2659 820 2722 quia
836 2659 868 2708 ob
885 2659 998 2725 pluriam
1021 2659 1089 2709 lorea
1105 2659 1174 2709 exire
1190 2674 1243 2710 non
1260 2676 1311 2725 po-

187 2725 257 2775 teris.
292 2724 383 2774 Nonne
399 2726 451 2779 iam
469 2726 538 2775 rides
561 2724 697 2776 absurdum
714 2731 740 2776 et
757 2727 873 2792 ineptum
891 2743 958 2791 esse,
981 2728 1048 2792 quod
1071 2729 1099 2777 in
1122 2728 1205 2777 medio
1222 2729 1309 2778 incol-

182 2792 278 2842 catur?
303 2791 405 2842 ddecus
422 2793 518 2843 directo
536 2793 607 2843 etin
630 2809 657 2842 os
680 2793 822 2845 nudandas
847 2799 900 2847 erat
917 2795 949 2845 ob
967 2794 1128 2846 nobilitatem
1145 2796 1250 2858 Lamia,
1277 2804 1310 2848 ιιι

188 2876 239 2910 rem
255 2858 389 2909 leviculum
406 2859 437 2910 de
456 2861 537 2925 lignis
554 2861 676 2911 inferret?
711 2861 769 2913 ott
794 2868 824 2913 tu
841 2866 960 2928 antiquis
982 2864 1091 2928 regibus
1113 2864 1245 2915 oriundam
1263 2881 1307 2917 ess

188 2942 268 2993 curc,
294 2930 414 2989 obsecro,
437 2933 469 2978 ut
491 2929 568 2995 tigno
591 2935 794 2995 componeretur.
828 2931 944 2982 Haecine
970 2937 1000 2981 ιιι
1016 2931 1146 2983 laudemus
1164 2932 1254 2996 hodia,
1279 2940 1309 2984 et

186 3001 314 3060 tamquam
331 2995 465 3060 pulchrum
481 3002 508 3047 et
525 2997 642 3047 decorum
660 2997 828 3048 admiremur?
853 2999 916 3061 Vah,
936 3014 1012 3064 quam
1027 2999 1204 3064 indignaretur
1219 3000 1305 3052 Hora·

185 3065 245 3125 tius,
263 3064 286 3114 si
303 3063 335 3114 ed
349 3064 418 3115 vivos
434 3065 515 3115 redire
534 3071 625 3132 posset
656 3066 724 3122 Quin
742 3072 771 3116 tu
779 3067 882 3118 Hainaii
898 3068 1033 3117 lectionem
1050 3069 1101 3118 iam
1118 3068 1308 3134 contemplum

185 3136 215 3183 ut
232 3147 298 3182 nova
321 3132 365 3182 lux
382 3134 528 3194 exoriatur3
551 3130 678 3185 nt'norus
701 3135 771 3184 color
793 3136 933 3186 sententiae
956 3134 1075 3186 accedat:
1100 3136 1178 3198 „Aeli
1200 3143 1307 3189 uetusto

184 3200 282 3252 accitu
299 3202 332 3251 cb
349 3199 447 3264 Lamo,
471 3201 594 3265 (Quando
612 3208 638 3252 et
651 3205 758 3268 priores
775 3205 837 3253 birse
854 3202 962 3254 Lcmics
985 3203 1077 3265 fes-urst
1093 3204 1308 3269 Deucms'nctcs5

185 3274 210 3318 at
227 3274 352 3333 nepotum
369 3270 419 3319 Per
435 3285 563 3320 memores
578 3285 664 3334 gauses
682 3286 758 3321 omne
773 3270 857 3331 furtos
874 3271 992 3322 Auctore
1015 3272 1048 3323 cb
1065 3272 1112 3322 illo
1130 3271 1202 3323 ducit
1218 3276 1308 3338 ινφ-

184 3351 251 3399 nem,
270 3334 323 3398 Qui
339 3335 511 3388 Formiarum
528 3342 634 3389 moenia
652 3339 752 3389 dicitur
767 3339 904 3403 Ρνιιιιιιι,
923 3346 949 3390 ιι
964 3342 1102 3391 inncmtem
1119 3338 1239 3393 Maricae
1255 3339 1306 3390 La·-

185 3405 286 3454 tcrr'bus
304 3408 417 3455 tenuasse
433 3405 512 3459 Ls'rs'u
528 3405 596 3458 Luta
614 3412 755 3473 tyrcunmt
775 3422 835 3457 crae
850 3407 926 3468 soliis
942 3410 1051 3458 marcuar‘
1067 3412 1115 3458 etc.
1148 3408 1199 3458 Ubi
1215 3423 1307 3473 gersus

184 3486 260 3520 emus
286 3477 324 3521 ιιι
347 3488 407 3522 casu
432 3480 514 3526 recto:
542 3480 568 3525 et
589 3474 834 3540 premebamus,
861 3481 888 3525 et
902 3490 988 3540 gemus
1012 3491 1088 3526 omna
1110 3482 1237 3542 nepotum
1287 3493 1307 3527 r

184 3538 293 3603 tongere
309 3539 440 3600 scotorum
457 3545 565 3607 seriora,
589 3544 665 3593 ducit
680 3545 812 3606 originem
836 3558 852 3593 c
870 3543 953 3594 Lamo
971 3540 1032 3603 illc,
1050 3546 1099 3609 qui
1113 3547 1217 3609 primus
1257 3561 1306 3597 cr·

182 3609 243 3656 mito
259 3610 390 3671 regnarat.
426 3610 468 3659 Sic
487 3616 570 3660 autem
593 3610 654 3661 ordo
679 3615 705 3661 ιι
722 3611 879 3661 constructio
896 3616 946 3661 est:
972 3612 1047 3675 Aeli,
1071 3612 1170 3677 inquit,
1196 3611 1306 3676 Lcmsa,

183 3690 243 3725 erce
259 3674 353 3740 placete
371 3679 425 3726 erit
440 3683 595 3742 tempestcs,·
619 3694 694 3742 carc,
711 3684 743 3729 ut
760 3679 836 3743 liguo
854 3680 951 3730 babeas
974 3682 1004 3730 trs
1018 3686 1127 3746 parato,
1145 3683 1209 3745 quic
1227 3681 1307 3737 doma*

181 3743 349 3794 mouendum.
387 3745 444 3794 Non
462 3745 508 3795 illa
525 3746 614 3810 putida
633 3748 684 3796 iam
701 3747 887 3806 interveniunt3
904 3763 986 3812 neque
1003 3748 1071 3798 enim
1088 3747 1305 3817 προηγουμένως

181 3817 207 3861 ιι
224 3827 255 3861 ex
271 3812 398 3877 professo,
423 3813 466 3863 sed
483 3814 566 3864 obiter
583 3820 608 3865 et
625 3830 671 3880 per
687 3815 851 3879 parenthesin
869 3815 1027 3878 inferuntur,
1046 3831 1109 3881 quae
1126 3816 1158 3866 ad
1175 3831 1256 3880 genus
1273 3822 1306 3867 at

180 3879 339 3931 nobilitatem
363 3880 468 3931 Lamiae
491 3886 614 3946 spectant.
651 3882 766 3933 Ceteram
792 3888 870 3933 totam
891 3884 970 3934 buius
993 3884 1176 3935 emendationis
1197 3884 1301 3935 laudem

181 3948 230 3998 sibi
248 3954 329 4000 servat
345 3949 481 4010 Heinsius3
505 3951 569 4000 mihi
586 3950 651 4000 forte
674 3951 776 4002 aliunde
793 3952 932 4016 supererit,
956 3968 1006 4016 quo
1029 3968 1119 4003 nomen
1137 3953 1305 4017 pretiumque

179 4015 290 4067 hominis
308 4017 338 4067 de
355 4017 464 4068 Horatio
481 4034 533 4067 non
551 4018 615 4068 male
631 4020 716 4069 meriti
733 4019 849 4070 nancisci
866 4020 894 4069 ιι
909 4021 976 4070 tueri
993 4021 1096 4086 possim.

249 4086 272 4135 i.
292 4085 328 4136 [ιι
344 4088 481 4135 innantem
498 4084 627 4150 Murteae]
651 4087 743 4137 Nescio
767 4088 827 4152 quid
845 4087 907 4138 velit
922 4089 1059 4150 Heinsius,
1083 4089 1173 4154 quiin
1190 4092 1304 4154 utraque

179 4166 224 4200 aua
242 4152 353 4203 editione
372 4152 476 4203 Marica
493 4154 598 4204 rescribi
616 4153 700 4205 iubat:
725 4155 778 4205 nisi
801 4157 865 4206 forte
888 4171 904 4205 a
921 4156 1091 4222 Typograpbo
1115 4156 1232 4207 mendum
1250 4164 1302 4218 est,

88 4260 92 4269 ,
179 4219 245 4282 quod
263 4222 374 4271 auctoris
391 4221 479 4273 oculos
497 4223 621 4289 effugerit.
658 4222 730 4273 Certe
754 4229 855 4289 praeter
876 4240 963 4275 omnes
981 4224 1100 4287 Codices,
1124 4225 1161 4275 ita
1178 4225 1255 4275 habet
1273 4231 1305 4275 et
