2818 4758
581 209 613 270 ο.
635 209 776 257 nornen
798 210 922 276 euneos

699 394 823 460 XXV.-

572 510 644 577 AD
681 513 924 580 LYDIAM.

270 629 404 697 Parcius
425 628 551 693 iunctas
573 629 722 711 quatiunt
743 632 902 698 fenestras

270 716 392 781 Ictibus
414 713 534 780 crebris
554 712 687 781 iuvenes
709 716 858 801 protervi,

270 801 339 866 Neo
360 798 419 864 tibi
441 817 570 864 somnos
591 799 752 867 adimunt:
775 809 926 884 amatque
982 806 986 813 '

422 883 525 948 Ianua
545 882 651 964 limen,

242 969 363 1048 eQuae
386 968 476 1054 prius
498 968 634 1034 multum
657 968 761 1035 facilis
783 970 933 1035 movebat

274 1053 439 1120 Cardines.
460 1052 556 1118 endis
577 1054 683 1119 miuus
706 1060 738 1119 et
759 1053 865 1120 minus
885 1055 961 1133 iarn,

186 1223 357 1289 exemplorum
374 1227 427 1274 est:
455 1226 480 1271 et
498 1221 594 1273 similia
610 1238 689 1288 porro
711 1222 739 1272 iu
762 1222 853 1272 ceteris
879 1220 966 1274 Flacci
989 1225 1110 1289 oporibus
1133 1225 1235 1276 notabit
1252 1226 1315 1276 dili·

185 1309 247 1358 gens
265 1292 358 1342 lector:
382 1288 530 1355 ridebitque
547 1291 590 1341 vix
607 1305 725 1355 umquam
743 1291 818 1341 aliter
835 1295 920 1343 extare
938 1298 1007 1357 apud
1030 1299 1158 1356 uestrum,
1176 1293 1229 1344 uisi
1246 1293 1315 1344 forte

186 1377 243 1412 oum
259 1360 331 1410 locus
349 1363 387 1408 est
403 1358 545 1409 mendosus.

255 1431 278 1480 1.
304 1427 417 1477 Parcius
433 1429 540 1476 trenetur
557 1428 683 1490 quatenns
698 1424 831 1485 fenestras
848 1426 947 1477 lctibus
965 1428 1074 1491 crebris]
1093 1427 1199 1478 Codices
1211 1428 1314 1493 aliquot

185 1496 235 1546 mei
253 1495 417 1555 stelionum,
441 1497 559 1553 uinctus3
586 1492 629 1543 sed
647 1499 749 1559 recepta
765 1492 841 1544 lectio
866 1500 934 1545 recte
957 1496 1047 1555 hebot3
1073 1501 1103 1545 ut
1119 1495 1248 1547 Iuvenalis
1265 1495 1314 1558 IX,

187 1567 243 1616 105.
263 1562 369 1626 „olaude
386 1562 531 1624 fenestras,
551 1559 617 1611 Vela
636 1565 731 1626 tegant
746 1564 844 1626 rimae,
870 1563 948 1628 iunge
975 1567 1057 1625 estin,
1085 1564 1171 1614 tollito
1196 1565 1314 1616 Ιοηιοηέι

185 1633 246 1682 Mox
271 1647 319 1697 pro
345 1632 441 1681 ictibus
466 1629 592 1680 veterrimi
615 1630 665 1678 mei
690 1629 762 1681 Leid.
779 1631 870 1681 Graes.
888 1631 979 1696 Regin.
1004 1637 1030 1682 et
1046 1631 1187 1696 Cruquiani
1210 1638 1315 1698 practer

185 1715 264 1750 unum
290 1713 376 1747 omnes
408 1698 529 1748 iactibus.
570 1695 644 1751 Quod
679 1697 786 1762 probare
812 1697 914 1748 ridetur
944 1699 1003 1749 Nic.
1029 1700 1152 1749 Heinsius
1179 1700 1212 1750 ad
1237 1699 1315 1749 Ovid.

184 1768 286 1818 Metam.
298 1765 344 1828 IX,
354 1767 394 1818 35.
429 1763 533 1830 ‚‚Nz'ei,“
550 1763 635 1826 addit,
653 1765 781 1826 „tactibus
797 1768 890 1830 moure,
907 1772 940 1817 nt
955 1767 1030 1832 apud
1048 1765 1226 1818 Claudianum
1243 1768 1264 1817 Ι.
1284 1772 1314 1817 ia

186 1834 287 1901 Europ.
314 1850 338 1883 o.
364 1834 406 1885 93.
443 1832 475 1882 dc
498 1831 584 1882 Laide
608 1834 662 1880 iam
688 1834 794 1883 vetula:
828 1836 889 1900 ‘iam
916 1836 994 1885 turba
1020 1851 1142 1900 procae,
1174 1841 1315 1900 noctesque

186 1902 287 1955 recedit
302 1903 432 1963 Ambitus,
456 1906 483 1952 ct
499 1916 563 1956 raro
578 1900 706 1965 pulsatur
731 1904 815 1952 ianua
842 1903 930 1953 tuctu!
967 1903 1016 1953 Sed
1034 1919 1127 1965 vereor,
1146 1908 1176 1953 ut
1193 1904 1314 1968 cuiquam

185 1972 246 2022 haec
264 1970 419 2036 persuaserit
437 1968 477 2019 vir
493 1968 735 2033 praestantissimus.
762 1969 889 2034 Equidem
907 1970 993 2035 siquid
1010 1971 1052 2021 bio
1070 1976 1195 2021 mutatum
1214 1972 1313 2032 vellem,

187 2040 302 2090 uectibus
320 2039 420 2088 orcbrdr
436 2037 525 2101 potius
541 2036 654 2100 legerim,
684 2051 758 2102 quem
776 2044 821 2087 ant
838 2040 953 2088 tactibus
969 2044 1016 2088 aut
1032 2040 1154 2089 iactibus.
1190 2039 1314 2090 Vestibus

185 2108 253 2159 euim
270 2106 409 2156 utebantur
427 2110 550 2155 amatores
567 2103 600 2154 ad
618 2105 800 2172 expugnandus
818 2107 957 2156 amicerum
974 2108 1065 2156 ianuas
1083 2114 1108 2157 et
1126 2108 1263 2170 fenestras,
1283 2114 1315 2157 ut

184 2180 271 2227 noster
287 2173 369 2227 barm.
387 2173 432 2236 ΙΙΙ,
443 2174 484 2235 26,
503 2175 528 2225 Ι.
555 2174 625 2236 „dim
643 2175 686 2223 nio
702 2176 796 2238 penite
814 2173 905 2225 lucida
922 2173 1053 2237 Frrnnlr'a,
1071 2179 1098 2224 et
1114 2181 1205 2237 vectes,
1224 2180 1251 2225 et
1268 2190 1315 2225 ar-

185 2259 232 2295 ens
251 2243 384 2309 Depositis
400 2240 505 2303 sorderes
521 2242 664 2292 minaces.“
688 2241 828 2305 Eleganter
845 2247 929 2292 autem
948 2244 1047 2293 neone
1064 2241 1191 2292 vectibus:
1211 2248 1241 2292 ut
1253 2242 1314 2293 Vir·

184 2311 262 2377 gilius
280 2316 341 2361 Aen.
360 2311 395 2371 ΙΙ,
413 2311 470 2362 492.
514 2309 608 2373 „tubat
632 2309 711 2359 ariete
738 2309 825 2361 crebro
851 2310 952 2371 Ianua,
980 2316 1006 2359 et
1031 2314 1112 2361 arnoli
1132 2312 1315 2376 procumbant

185 2380 296 2430 cardina
310 2379 426 2445 poetes.“
461 2378 496 2426 Et
520 2376 583 2428 alibi
601 2378 694 2427 crebro
720 2377 786 2440 tela,
814 2379 916 2427 crebris
933 2379 1099 2442 bipennibus.
1134 2378 1183 2428 Sed
1208 2380 1314 2429 omnino

184 2447 318 2498 retinenda
335 2451 373 2497 est
390 2450 493 2511 recepta
509 2444 586 2495 lectio
604 2446 717 2507 tetidem
744 2446 786 2495 cui
810 2445 984 2511 astipulantur
1006 2446 1114 2496 alioruin
1141 2446 1242 2496 codices
1259 2462 1314 2496 non

183 2516 268 2581 pauci,
287 2519 312 2564 et
330 2530 360 2562 ex
376 2514 440 2563 meis
457 2513 593 2571 Petrensis‚
611 2512 826 2576 Magdaleueusis‚
843 2513 1011 2574 Bettrlianus,
1031 2513 1120 2574 Gelei3
1138 2513 1202 2563 adde
1220 2514 1315 2564 editio·

184 2600 241 2633 nem
257 2582 381 2633 Loschcri
397 2581 471 2632 1498.
497 2578 601 2630 Crebris
618 2581 722 2642 ictibus,
741 2590 770 2631 ut
786 2581 862 2646 plane
880 2581 1138 2643 LucretiuslV‚93·l.
1164 2580 1313 2645 „Tenediam

185 2656 265 2715 utque
282 2652 338 2699 eins
362 2647 451 2697 crebro
474 2647 611 2712 pulsarier
627 2647 707 2697 ictu.“
731 2651 756 2698 e't
773 2649 836 2699 ibid.
858 2651 932 2701 1277.
966 2647 1056 2712 „Nune
1081 2651 1173 2700 leviter
1191 2653 1314 2714 nicomede

185 2717 257 2784 quod
273 2716 361 2766 crebro
381 2714 505 2764 tunditur
521 2714 582 2764 ictu.
609 2714 702 2780 Virgil.
720 2718 782 2766 Aen.
800 2716 861 2781 XII,
883 2719 941 2769 713.
983 2723 1058 2781 „tnnc
1083 2715 1183 2769 crebros
1207 2720 1314 2768 ensibus

184 2786 251 2835 ictus
270 2783 490 2847 Congmninantd‘
523 2783 560 2833 Et
586 2781 648 2835 ibid.
667 2784 697 2844 V,
715 2786 772 2837 459.
809 2790 866 2848 „sic
887 2780 974 2837 densis
997 2784 1092 2840 ictibus
1115 2787 1193 2835 beros
1219 2785 1314 2836 Creber

184 2858 299 2917 atraque
316 2865 400 2901 rnanu
414 2850 509 2916 pulsat
525 2857 664 2916 orentque
681 2852 810 2903 Dareto.“

253 2923 276 2971 5.
305 2918 379 2982 Oscae
402 2921 482 2985 prius
505 2920 618 2970 multum
642 2920 737 2982 luciler-
760 2921 881 2971 movebat
900 2918 1037 2982 Cor-dines]
1056 2919 1171 2983 Facilis,
1195 2925 1225 2970 ut
1242 2927 1314 2971 extat

185 2989 212 3038 iu
230 2987 409 3038 vetustissimis
427 2985 548 3052 (nequii,
567 2992 592 3037 et
609 2988 750 3053 Regiuensi
768 2993 856 3039 nostro
870 3005 931 3041 cum
949 2987 1048 3052 aliquot
1065 2988 1138 3049 aliis,
1164 2989 1313 3053 ambiguum

184 3056 261 3119 feeit,
288 3062 405 3107 utrumne
428 3054 519 3117 facilis
537 3059 637 3120 ianua,
664 3072 697 3106 an
720 3056 815 3118 dociles
838 3057 962 3106 cardines
985 3058 1020 3105 sit
1036 3057 1241 3106 construendum.
1277 3058 1314 3106 Et

185 3126 308 3175 utrumvis
326 3140 386 3175 sane
404 3125 558 3190 optimorum
575 3129 708 3175 anctorum
725 3123 847 3190 exemplis
865 3124 931 3174 tueri
948 3124 1052 3192 poteris.
1077 3124 1205 3174 luvenalis
1215 3124 1260 3185 IV,
1271 3127 1312 3176 63.

184 3191 237 3255 „Ut
255 3196 345 3256 cessit,
369 3192 440 3243 facili
464 3197 614 3258 potnerunt
639 3191 741 3242 cardine
765 3193 896 3243 caloae.“·
921 3192 1029 3241 Serenus
1048 3191 1238 3257 Sammonicus,
1263 3191 1313 3242 fre·

185 3277 263 3324 quens
273 3262 353 3312 nostri
362 3260 484 3321 imitator,
505 3260 575 3321 [489]
589 3259 665 3322 „Aret
679 3260 765 3310 medio
781 3264 882 3310 centris
895 3260 1007 3324 prodeat
1023 3259 1184 3325 adspergere
1201 3266 1312 3322 terrena

186 3326 271 3390 Quam
288 3332 464 3392 signaverunt
481 3328 595 3390 vestiffl'a
611 3342 702 3391 presso
720 3333 842 3379 rotarum
850 3367 858 3392 ,
885 3328 1010 3377 Proderit
1027 3332 1053 3378 ct
1069 3327 1158 3392 ortloie
1174 3326 1247 3377 facili
1263 3331 1312 3378 rut

184 3395 285 3445 cardine
302 3396 424 3460 ruptus.“
449 3394 635 3445 Contraautem
649 3395 754 3445 Ovidius
769 3399 852 3446 Amor.
863 3395 883 3457 1,
895 3397 928 3457 [6,
939 3397 973 3457 2].
993 3394 1147 3456 „Difficilem
1164 3400 1237 3445 moto
1253 3412 1313 3446 cor

184 3463 246 3512 dine
255 3462 456 3526 pandororemr‘
482 3461 599 3511 Tibullus
607 3461 680 3526 Eleg.
692 3464 802 3526 1‚2[,r].
826 3464 932 3526 „lancta
944 3463 1065 3524 difficilis·
1084 3462 1193 3525 domini,
1212 3468 1238 3513 tc
1255 3479 1313 3513 oer-

185 3532 257 3581 deret
280 3530 390 3579 imber.“
417 3530 483 3594 quod
509 3530 559 3579 huc
584 3529 689 3580 adducit
706 3531 869 3582 Torrentius:
896 3546 982 3581 verum
1008 3530 1050 3581 hio
1076 3531 1164 3595 potius
1189 3531 1312 3593 difficilis

184 3598 288 3649 domini
304 3597 482 3661 coniungenda
499 3603 566 3659 sunt„
590 3613 665 3662 quam
691 3601 775 3649 danna
802 3598 931 3662 difficilis.
959 3598 1055 3649 Seneca
1083 3596 1225 3648 Troadibus
1252 3602 1312 3651 406.

183 3667 282 3731 ‚dunen
301 3670 326 3715 et
343 3665 464 3715 obsidens
483 3664 576 3717 Genetos
592 3681 647 3716 non
664 3665 733 3716 facili
747 3666 875 3718 Cerberus
891 3666 983 3719 ostio.“
1011 3666 1081 3716 ldem
1099 3666 1129 3716 de
1148 3667 1194 3728 ira,
1212 3667 1262 3726 111,
1270 3669 1311 3719 37.

184 3732 281 3798 „Num
299 3733 357 3795 ille,
385 3735 433 3797 qni
455 3736 530 3784 intro
556 3736 639 3797 iacet,
665 3733 735 3794 l'eddn
759 3735 968 3799 fortunatusque
986 3739 1039 3796 eet;
1066 3739 1092 3783 ct
1109 3735 1180 3784 beuti
1196 3736 1313 3784 bominis

182 3802 287 3852 indicat
312 3817 345 3851 ac
364 3805 481 3864 potentie
507 3802 644 3865 indicium,
662 3801 791 3852 difficilem
818 3802 935 3852 ianuam:
969 3803 1054 3851 nescit
1071 3801 1233 3865 durissimum
1258 3819 1312 3852 ecre

183 3871 276 3919 ostium
294 3869 436 3919 coroner
459 3871 543 3934 Atque
560 3869 610 3919 huo
626 3870 714 3935 potius
731 3870 837 3931 inclino,
854 3874 885 3920 ut
901 3869 993 3930 facilis
1010 3872 1093 3919 innan
1111 3870 1180 3934 apud
1189 3870 1312 3919 Nostrum

183 3938 218 3987 sit
235 3938 318 3987 verior
335 3937 507 3987 constructio:
532 3953 683 4002 quamquam
709 3938 800 3988 maiori
823 3939 992 4002 interpretum
1017 3938 1088 4002 perti
1105 3937 1212 3987 alterum
1230 3940 1312 4002 magis

183 4005 288 4069 placuit.
324 4004 449 4055 Convenit
473 4006 554 4067 euim,
582 4010 611 4056 ut
628 4004 749 4065 facilitas
766 4011 792 4056 et
810 4003 956 4070 benignitas
974 4004 1005 4055 de
1023 4010 1114 4068 agente
1131 4006 1217 4069 potius
1236 4022 1312 4069 quem

183 4072 213 4122 de
231 4074 346 4137 patiente
364 4072 479 4132 dicatum
497 4073 528 4123 de
546 4075 629 4125 innuo
648 4088 718 4137 qnae
735 4075 862 4136 monebat,
881 4089 956 4138 quam
975 4072 1005 4122 de
1024 4072 1181 4124 cardinibus
1199 4077 1248 4137 qui
1258 4089 1312 4121 rno-

182 4142 317 4191 nebnntnr.
353 4139 423 4190 Illud
441 4146 525 4191 autem
542 4141 700 4202 memineris,
725 4141 837 4191 rnnlturn
854 4138 946 4201 facilis·
964 4140 1007 4190 hic
1025 4141 1149 4205 accipere,
1174 4157 1225 4191 nou
1243 4140 1312 4191 rnul-
