2840 4762
204 242 248 305 26
606 250 795 311 anonam
808 250 932 299 mecm

249 402 278 452 15
292 389 394 453 Albus
418 393 453 452 ut
474 386 610 452 obscuro
635 386 782 466 deterget
803 386 915 450 nubila
934 386 1026 452 caelo

334 474 439 557 Saepe
460 474 575 549 Notus,
597 490 704 553 neque
725 471 863 556 parturit
883 470 995 536 imbris

291 561 468 643 Perpetuo:
492 556 538 622 sic
560 562 594 620 tu
616 557 747 641 sapiens
768 556 859 622 finire
880 563 1039 623 memento

334 641 512 708 'iristitiam
534 641 682 723 vitaeque
705 642 832 707 labores
1041 693 1042 697 ,

260 742 262 749 ’
290 727 389 804 Molli,
412 727 539 804 Plance,
562 746 665 805 mero:
689 747 747 791 seu
769 731 801 790 te
824 724 983 806 fulgentia
1006 724 1108 808 signis

245 825 279 876 20
337 812 451 877 Castra
473 817 590 888 tenent,
615 830 672 877 seu
695 812 797 876 densa
818 811 938 876 tenebit

290 896 418 963 Tiburis
443 896 555 961 umbra
576 896 632 960 tui.
677 898 801 962 Teucer
823 894 987 962 Salamina
1008 900 1198 981 patremque

333 981 415 1047 (lum
437 980 572 1062 fugeret,
596 989 702 1046 tamen
725 981 790 1046 uda
810 982 919 1065 Lyaeo

289 1069 449 1151 Tempora
470 1067 611 1152 populea
632 1067 733 1131 fertur
754 1065 895 1131 vinxisse
917 1084 1043 1146 corona,

334 1151 386 1217 Sic
407 1150 507 1217 tristis
529 1151 659 1217 adfatus
681 1150 815 1217 amicos:

249 1248 282 1299 25
299 1236 369 1316 Quo
392 1257 451 1301 nos
473 1255 609 1318 eumque
631 1236 712 1302 ieret
732 1235 845 1301 melior
866 1235 994 1300 fortuna
1015 1239 1159 1321 parente,

143 1326 148 1338 ’
331 1321 464 1400 Ibimus,
487 1323 506 1385 b
529 1320 606 1386 socii
629 1321 835 1403 comitesque.

290 1407 343 1472 Nil
366 1407 612 1491 desperandum,
634 1408 759 1471 Teucro
782 1406 872 1484 duce,
897 1412 930 1471 et
950 1405 1083 1490 auspice
1104 1407 1245 1471 Teucro:

333 1490 448 1558 Certus
470 1491 553 1556 enim
576 1491 723 1577 promisit
744 1490 859 1576 Apollo

517 1626 540 1658 v.
560 1612 600 1660 ΙΙ.
618 1609 695 1674 vulg.
714 1610 867 1681 Perpetuos.

202 1743 292 1804 bifera
309 1744 419 1794 Alcinoi
436 1743 541 1794 lacedem
558 1743 680 1808 pomaria,
704 1758 802 1807 corque
820 1742 873 1805 Qui
894 1739 1040 1806 numquam
1063 1745 1144 1792 uacui
1165 1745 1278 1793 venistis
1305 1746 1340 1794 in

202 1815 269 1863 seba
291 1814 396 1863 rami?“
432 1810 571 1872 Columella
588 1811 617 1872 ll,
636 1813 696 1863 407.
730 1811 786 1875 „Ei
811 1810 897 1861 Turni
928 1810 1011 1872 lucrm,
1045 1815 1071 1859 et
1093 1810 1192 1874 pomosi
1218 1808 1341 1862 Tiburis

203 1882 297 1931 oroa.“
322 1881 415 1931 Noster
424 1880 501 1930 Serui.
511 1880 546 1940 ΙΙ,
564 1882 589 1943 4,
604 1882 644 1931 lb.
663 1880 785 1943 „Picenis
803 1879 902 1929 cedunt
908 1879 990 1942 pomis
1002 1875 1124 1928 Tiburtia
1132 1882 1235 1929 rucco.“
1254 1879 1340 1945 Syrn-

202 1948 307 1997 mechus
324 1948 408 2012 Epist.
427 1948 485 2011 VII,
505 1949 544 1999 18.
579 1945 669 2011 „Num
687 1962 736 2012 ego
753 1950 822 1997 scire
838 1947 953 2012 perturbo,
980 1946 1046 2009 quid
1062 1948 1091 1994 iu
1112 1945 1266 1998 Tiburtibus
1286 1963 1340 2011 po·

202 2016 291 2066 mariis
309 2016 428 2068 liberarii
444 2018 533 2080 operis
551 2019 713 2068 emerceaffl
747 2017 783 2065 Et
802 2015 860 2077 Vll,
881 2017 921 2066 19.
937 2013 968 2063 de
986 2013 1093 2063 Tibure:
1111 2013 1180 2078 „Vel
1195 2017 1220 2064 ri
1236 2014 1340 2066 adicere

202 2087 279 2134 iuvat
297 2087 410 2133 aerbone
426 2083 482 2134 dies
499 2086 528 2133 iu
546 2084 668 2148 pomariis
679 2086 732 2133 tuis
747 2083 871 2134 ducere.“
888 2082 1036 2146 Propertius
1045 2081 1089 2143 IV,
1101 2084 1125 2144 7,
1135 2084 1175 2134 81.
1193 2083 1339 2145 „Parnasis

202 2153 274 2202 Anio
292 2167 345 2216 qua
369 2151 500 2217 spumifer
523 2152 634 2201 incubat
656 2153 755 2201 bromf‘
789 2151 827 2200 Ut
842 2151 973 2201 verissime
991 2155 1016 2199 et
1033 2150 1165 2214 ingeniose
1183 2150 1341 2203 emendavit

202 2220 391 2279 Broulrhusius3
411 2236 469 2269 cum
486 2225 561 2270 antea
577 2219 669 2269 inscite
687 2219 811 2280 ederetur,
836 2218 973 2282 „ilumeris
991 2219 1061 2267 Anio
1079 2233 1133 2282 qua
1145 2218 1268 2287 pomifer·
1290 2222 1340 2270 in·

201 2290 283 2338 curbat
300 2288 398 2339 aremf‘
433 2287 502 2343 Quid
519 2288 587 2337 enim
604 2286 693 2336 uolunt
710 2302 819 2336 ramoso
836 2290 922 2338 arou?
955 2284 1024 2340 Quid
1047 2291 1131 2335 autem
1156 2287 1252 2347 fluuius
1282 2303 1341 2352 po·

202 2355 303 2416 miliar?
337 2355 410 2405 Certe
434 2355 505 2405 eliud
528 2356 582 2420 egit
606 2355 763 2405 limatissimi
785 2355 877 2405 iudicii
902 2353 950 2405 Vir
966 2354 999 2402 N.
1016 2353 1148 2415 Heinsius,
1167 2369 1224 2404 cnm
1240 2353 1339 2406 locum

202 2423 289 2474 Ovidii
307 2424 344 2473 sic
364 2424 477 2485 refinxit,
495 2425 579 2472 Amor.
598 2424 647 2484 111,
666 2425 690 2485 6,
701 2425 742 2475 45.
758 2422 911 2473 deAniene:
929 2419 1003 2485 „Nee
1019 2427 1198 2486 tepraetereo,
1217 2425 1264 2487 qui
1276 2440 1340 2488 per

201 2507 270 2541 cuca
292 2507 362 2541 :aaa
385 2491 510 2542 volutum
538 2489 644 2541 Tiburis
667 2492 753 2554 Argei
774 2492 891 2553 pomifer
914 2504 981 2540 urvo
1003 2491 1108 2553 rigas.“
1143 2490 1238 2539 Iterum
1255 2492 1339 2541 enim

201 2574 272 2623 rogo,
291 2560 336 2623 qui
354 2559 450 2622 poterit
465 2559 534 2608 Anio
551 2574 626 2624 poma
643 2559 728 2609 ferre?
762 2559 815 2608 Nee
833 2564 917 2608 temen
937 2557 1029 2606 accedo
1047 2556 1209 2608 celeberrimo
1227 2559 1339 2609 Brouk·

200 2626 285 2685 husie,
302 2626 347 2690 qui
367 2625 498 2690 spumifer
521 2631 649 2690 receptam
672 2626 713 2675 hic
737 2626 799 2676 olim
821 2626 957 2676 lectionem
983 2625 1077 2678 frustra
1095 2630 1188 2677 tuetur.
1222 2625 1339 2692 Quippe

200 2693 385 2743 inconcinnum
409 2692 503 2758 ubique
526 2693 619 2758 duplex
634 2694 791 2758 Epitheton:
818 2695 861 2744 hic
885 2698 969 2744 autem
988 2709 1018 2742 eo
1035 2695 1124 2758 magis,
1152 2693 1220 2758 quod
1237 2694 1339 2745 eodem

203 2762 256 2811 fere
274 2760 365 2811 recidit
381 2765 523 2826 utrumque,
541 2777 591 2827 per
608 2777 674 2811 cavo
691 2776 760 2812 ruma
778 2764 902 2812 uolutans
919 2766 945 2810 et
961 2761 1101 2826 spumifer.
1136 2762 1251 2811 Proclire
1267 2768 1340 2814 erat

200 2829 343 2878 restituisse
360 2829 461 2878 literam
478 2832 500 2878 A
518 2845 533 2878 a
550 2834 670 2894 sequente
687 2828 846 2896 absorptam:
881 2828 1008 2893 „Tiburis
1025 2831 1111 2892 Argei
1121 2830 1243 2893 pomifera
1256 2845 1340 2882 arva

201 2898 304 2960 rigar.“
323 2895 403 2946 Silius
420 2896 465 2948 lib.
475 2897 519 2959 IV,
528 2899 585 2949 224.
604 2898 636 2948 de
653 2899 740 2947 eadem
757 2915 798 2948 re:
817 2897 958 2962 „Quosque
975 2897 1169 2948 rubHererieir
1187 2900 1338 2950 taciturno

200 2966 312 3027 [turnino
328 2968 413 3014 muria
430 2966 555 3017 Pomitera
572 2982 632 3016 arva
655 2969 773 3015 creant.“
808 2968 861 3016 Nec
887 2965 996 3014 verearis
1021 2964 1153 3015 elisionem
1176 2965 1269 3016 voculis
1301 2967 1336 3018 in

200 3032 341 3097 posteriore
358 3038 430 3097 parte
448 3034 618 3083 Pentametri:
643 3035 693 3085 etsi
710 3034 858 3099 plerumque
882 3033 910 3083 id
933 3039 1021 3083 caveat
1044 3033 1158 3083 Ovidius.
1193 3035 1235 3083 Sic
1253 3034 1338 3089 Fast.

200 3101 310 3166 11‚216.
345 3100 490 3165 „Silvaque
507 3108 647 3152 montaum
665 3103 786 3152 occulere
804 3107 868 3167 apta
885 3102 985 3162 fer·ur.“
1020 3102 1056 3151 Et
1080 3100 1144 3151 alibi
1169 3117 1221 3152 nou
1238 3103 1334 3153 semel.

272 3171 310 3220 17.
329 3166 422 3233 Neque
438 3172 561 3233 parturit
577 3171 673 3220 imbres
687 3171 840 3235 Perpetuos]
855 3170 957 3221 Servius
971 3170 1003 3219 ad
1020 3169 1112 3234 Virgil.
1122 3171 1213 3234 Georg.
1231 3169 1252 3233 I,
1262 3171 1334 3223 460.

200 3236 294 3298 „Claro
312 3237 447 3300 aquilone:
471 3237 625 3299 rumiliac,
653 3242 717 3303 quia
742 3244 781 3288 ert
798 3245 824 3288 et
841 3237 957 3300 nubilus,
974 3240 1045 3287 simut
1061 3237 1119 3297 fere
1137 3253 1225 3288 omnes
1242 3243 1333 3289 vanu.

199 3304 341 3354 Horatius:
366 3305 467 3367 „Albus
490 3311 522 3355 ut
547 3307 658 3355 obscuro
683 3306 803 3369 deturpet
827 3306 919 3356 rrrtbilu
939 3307 1011 3354 coelo
1031 3305 1116 3370 Saepe
1132 3311 1220 3369 notua
1237 3320 1335 3370 neque

199 3374 322 3436 parturit
337 3373 433 3422 imbres
450 3373 619 3438 Perpetuos.“
655 3374 697 3423 Sic
716 3375 817 3438 quidem
836 3374 918 3423 Servii
935 3373 1073 3423 editiones:
1103 3389 1136 3423 an
1151 3374 1334 3453 manuscripti

198 3438 238 3488 ita
256 3437 373 3500 habeant,
391 3440 487 3492 dubito.
523 3439 596 3491 Certe
613 3442 715 3492 Horatii
736 3444 884 3492 vetustiores
902 3440 1017 3502 cedices,
1036 3446 1086 3490 tres
1105 3441 1236 3491 Blandinii
1253 3443 1333 3505 apud

200 3505 349 3571 Cruquium.
376 3512 448 3557 etex
466 3509 528 3558 meis
546 3509 647 3574 optimi,
665 3510 806 3575 Leidensis,
825 3510 989 3567 Gruerianus,
1008 3509 1167 3573 Baginensis,
1185 3525 1242 3559 cum
1260 3508 1333 3560 duo·

201 3574 248 3625 bue
266 3574 324 3624 aliis
341 3574 408 3624 clare
434 3575 553 3627 exhibent
576 3583 713 3643 perpetuo.
743 3592 806 3643 quae
824 3577 913 3628 melior
926 3578 1003 3627 lectio
1022 3582 1068 3627 est
1103 3576 1203 3642 Saepe,
1228 3577 1331 3642 inquit,

200 3647 293 3692 Auster
310 3658 424 3691 serenum
443 3644 513 3706 facit,
531 3660 612 3709 neque
629 3651 758 3710 perpetuo
776 3646 889 3710 parturit
906 3645 1005 3695 imbres.
1031 3644 1081 3694 Ubi
1099 3644 1169 3694 vides
1187 3645 1330 3708 antitheta,

198 3727 286 3776 saepe,
303 3716 449 3775 perpetuo:
467 3713 576 3778 quaein
594 3712 674 3763 altera
691 3713 800 3763 lectione
819 3714 973 3777 dispereunt.
1008 3713 1079 3762 Adde
1106 3712 1174 3776 quod
1186 3711 1330 3763 subabsur-

199 3780 259 3829 dum
277 3783 315 3828 est
332 3777 397 3828 illud
414 3787 562 3845 perpetuos.
598 3780 668 3836 Quid
685 3782 751 3830 euim
769 3787 903 3846 tantopere
920 3780 1075 3842 notandum,
1096 3780 1163 3847 quod
1180 3786 1329 3846 perpetuos

199 3845 292 3897 imbres
311 3862 362 3896 non
380 3849 536 3911 parturiret?
554 3850 609 3898 Imo
627 3864 684 3899 vero
702 3866 734 3899 ne
753 3850 805 3899 ullo
823 3850 925 3914 quidem
946 3849 1020 3899 modo
1038 3849 1066 3899 id
1083 3849 1139 3897 lieri
1157 3855 1202 3898 aut
1219 3849 1327 3914 concipi

198 3920 291 3980 potest.
326 3916 391 3964 Nam
409 3917 492 3981 siipsi
510 3917 602 3966 imbres
616 3921 741 3982 perpetui
754 3923 852 3977 essent:
869 3923 923 3967 tum
932 3917 1015 3966 Notus
1032 3922 1129 3967 crearet
1147 3917 1247 3976 imbres,
1266 3933 1328 3967 cum

199 3998 251 4032 non
275 3983 355 4045 flaret,
379 3982 427 4033 hoc
445 3989 491 4046 est,
509 3985 640 4049 cumipse
664 3986 767 4035 omnino
790 4002 842 4034 non
866 3990 938 4035 esset.
974 3985 1034 4034 Nisi
1057 3986 1122 4034 forte
1145 3985 1209 4035 selis
1227 3985 1326 4035 Notum

198 4066 300 4115 quoque
317 4055 469 4115 perpetuum
486 4068 547 4112 esse,
565 4052 671 4116 perinde
689 4068 718 4103 ac
737 4053 842 4103 imbres:
862 4069 912 4116 quo
930 4051 997 4102 nihil
1015 4052 1157 4103 absurdius.

267 4121 308 4170 27.
330 4116 431 4169 Teucro
455 4120 522 4170 duce
545 4126 571 4170 et
593 4123 701 4184 urupice
727 4120 837 4183 Teucro]
861 4122 964 4170 Invitus
988 4121 1105 4183 equidem
1128 4121 1197 4171 hune
1212 4122 1324 4170 'versum

197 4185 319 4248 sollicito,
345 4187 391 4252 qui
408 4191 460 4237 tem
477 4193 536 4253 apte
553 4188 708 4254 pulchreque
725 4205 741 4239 a
758 4187 912 4238 christianis
930 4188 1076 4239 hominibus
1093 4186 1325 4258 παρωδιᾰζεσθαι
