2810 4764
211 296 271 359 too
553 309 585 370 q.
607 307 747 356 nonnrn
768 306 891 355 runem

294 446 382 512 Inter
402 444 535 512 audacis
555 445 653 529 lupus
675 448 761 508 errat
781 461 899 525 agnos:

295 531 427 617 Spargit
447 531 585 613 agrestis
607 529 665 594 tibi
687 528 770 593 silva
791 528 936 594 frondes:

255 630 283 679 15
298 617 426 684 Gaudet
445 615 582 682 invisam
604 613 769 700 pepulisse
792 614 896 681 fossor

498 703 562 766 Ter
583 698 665 786 pede
691 705 818 764 terram.

722 867 813 933 XIX.

566 987 636 1052 AD
664 986 975 1055 TELEPHUM.

295 1106 457 1186 Quantum
479 1105 577 1173 distet
597 1106 639 1172 ab
659 1106 779 1172 Inacho

381 1189 516 1274 Codrus,
539 1211 597 1276 pro
619 1191 725 1278 patria
745 1212 809 1257 non
831 1190 961 1257 timidus
982 1189 1073 1268 mori,

295 1275 426 1355 Narras,
449 1281 482 1342 et
502 1296 605 1359 genus
626 1276 735 1353 Aeaci,

381 1361 423 1426 lit
442 1368 588 1460 pugnata
610 1381 702 1430 sacro
723 1361 810 1427 bella
831 1362 891 1428 sub
912 1360 990 1426 llio:

266 1445 368 1525 uQuo
390 1445 507 1512 Ghrum
528 1449 630 1533 pretio
653 1447 768 1513 cadum

378 1532 564 1611 Mercemur,
587 1531 660 1616 quis
681 1551 800 1615 aquam
822 1536 979 1617 temperet
997 1528 1136 1612 ignibus,

295 1614 365 1694 Quo
387 1618 562 1701 praebente
583 1618 722 1694 domum,
746 1624 779 1684 et
799 1623 898 1700 quota

275 1724 278 1729 ’
377 1700 520 1784 Pelignis
542 1722 668 1769 caream
690 1702 874 1784 frigoribus,
898 1708 994 1767 taoes.

293 1785 346 1849 Da
366 1786 477 1852 Lunae
498 1807 634 1873 propere
655 1806 767 1866 novae,
969 1868 974 1877 ,

254 1881 283 1932 ιο
381 1872 433 1936 Da
454 1872 556 1938 noetis
578 1871 713 1951 mediae,
736 1872 788 1952 da,
810 1892 900 1958 puer,
922 1870 1055 1953 auguris

293 1954 462 2023 Murenae:
486 1957 588 2025 tribus
610 1964 667 2024 aut
688 1978 801 2025 novem

380 2042 551 2108 Miscentor
572 2044 697 2128 cyathis
720 2043 836 2128 poeula
857 2039 1040 2107 commodis.

595 2162 618 2192 v.
639 2145 678 2197 12.
696 2144 771 2210 vulg,
789 2142 943 2195 Miscentur.

209 2277 319 2328 Africam
336 2279 472 2343 Asiamque
488 2295 541 2329 non
558 2280 690 2329 nascitur?
714 2280 775 2344 quid
798 2294 874 2344 porro
898 2282 936 2327 est
959 2276 1053 2344 pardus
1076 2275 1160 2337 festus
1177 2277 1203 2324 et
1221 2287 1332 2336 oscena,

208 2347 256 2396 hoc
274 2351 325 2407 est,
349 2347 454 2397 feriatus
472 2352 498 2397 et
515 2362 620 2412 operum
637 2349 753 2398 solutus?
788 2350 827 2397 An
843 2345 927 2413 pardi
943 2346 975 2396 ad
993 2360 1067 2410 agros
1084 2342 1205 2394 colendos
1223 2344 1332 2405 etopus

208 2414 331 2463 rusticum
354 2413 526 2465 adhibentur?
560 2417 638 2466 Recte
664 2433 723 2466 vero
745 2414 838 2466 Festus
861 2429 949 2480 pegaso
972 2429 1031 2464 cum
1054 2408 1243 2477 antiquioribus
1260 2408 1333 2458 codi-

208 2481 288 2544 cibus,
306 2487 336 2531 ut
353 2483 458 2533 Ovidius
475 2484 545 2535 Fast.
564 2485 585 2545 I,
601 2487 660 2538 667.
693 2482 817 2548 „Viltica
836 2483 871 2533 da
888 2484 1006 2548 requiem
1025 2487 1122 2543 terroe,
1138 2481 1254 2530 sanante
1271 2492 1332 2542 pcr-
1403 2520 1404 2531 ,

209 2555 285 2599 acta:
303 2549 349 2601 Da
366 2554 491 2616 requiem,
510 2557 608 2602 terram
627 2555 675 2618 qni
691 2552 804 2617 coluere,
822 2553 895 2602 uiris.
920 2550 1005 2616 Pagus
1022 2553 1089 2615 agat
1104 2548 1211 2598 festum:
1228 2559 1332 2610 pagum
1403 2572 1404 2617 3

209 2618 329 2680 lustrate,
353 2619 456 2668 coloni:
491 2618 528 2669 Et
551 2619 612 2669 dete
632 2622 748 2685 paganis
770 2635 863 2670 annua
887 2619 941 2669 tite
964 2616 1058 2679 sociif‘
1092 2617 1171 2667 Porro
1194 2614 1260 2667 illud
1278 2633 1331 2667 non
1403 2642 1404 2695 p

208 2684 387 2748 omittendum,
411 2686 476 2735 male
500 2702 552 2736 rem
575 2702 661 2752 gerere
684 2688 727 2737 hie
752 2688 920 2754 interpretes,
945 2702 1003 2737 oum
1019 2702 1066 2753 per
1083 2689 1164 2736 totum
1182 2700 1284 2735 carmen
1302 2688 1333 2735 si

209 2747 263 2802 ἀπὸ
279 2755 372 2803 κοινοῦ
391 2769 408 2805 a
426 2757 560 2804 communi
581 2755 691 2819 singulis
715 2757 849 2806 sententiis
866 2760 1041 2822 praeponunt:
1076 2754 1213 2818 Propitius
1230 2756 1284 2817 aab,
1311 2753 1332 2803 0

207 2819 317 2882 Fauna·
343 2821 366 2870 si
383 2821 499 2885 haedus,
528 2828 554 2872 et
575 2826 681 2887 vinnm,
708 2829 733 2873 ct
757 2840 806 2874 era
829 2827 881 2874 rite
906 2825 956 2873 tibi
972 2823 1078 2873 amnt.
1112 2822 1244 2872 Hactenus
1261 2825 1331 2872 recte

208 2886 298 2948 habet,
320 2889 364 2938 sed
381 2893 492 2955 pergunt
509 2894 534 2940 et
550 2891 716 2951 continuant3
741 2892 860 2957 sipeeus
878 2890 961 2957 tuest,
986 2891 1009 2941 si
1025 2890 1109 2952 lesnes
1123 2904 1213 2957 pagus
1230 2894 1283 2951 est,
1309 2889 1332 2939 si
1402 2924 1403 2961 3

210 2955 288 3021 iupus
305 2958 376 3007 inter
394 2972 486 3022 agnos,
507 2959 529 3008 si
546 2959 614 3009 sitve
631 2961 739 3026 spargit
753 2960 872 3023 frondes,
890 2960 913 3009 si
929 2959 1018 3020 fossor
1034 2958 1123 3008 saltat.
1155 2958 1225 3013 Quae
1243 2958 1332 3007 omnia

208 3039 287 3089 prava
310 3032 336 3074 et
352 3026 441 3090 inepta
459 3031 526 3078 sunt.
562 3026 627 3077 Vide
651 3028 732 3078 enim:
768 3028 860 3093 „inter
885 3028 1000 3078 audaces
1024 3027 1102 3092 lupus
1120 3031 1194 3077 errat
1210 3029 1332 3091 cgnos“.·

208 3092 288 3142 Lenis
305 3098 366 3157 esto,
385 3095 406 3144 0
423 3095 518 3156 Fauna,
536 3096 559 3145 si
576 3095 671 3161 pietate
687 3112 743 3147 mea
760 3098 797 3147 ita
814 3097 907 3157 merui,
926 3095 949 3145 si
966 3110 1038 3145 saera
1055 3093 1105 3145 tibi
1122 3094 1254 3144 sollemnia
1272 3093 1331 3154 ieci,

208 3164 239 3210 ei
254 3161 332 3226 iupus
348 3166 419 3213 inter
433 3177 518 3228 agnos
532 3169 608 3216 erret
621 3167 758 3215 innocuus.
786 3164 873 3221 Quint
890 3179 922 3213 an
940 3164 988 3213 hoc
1001 3162 1105 3213 Horatii
1119 3162 1238 3212 meritum
1256 3163 1332 3211 erati

208 3229 285 3278 immo
316 3231 399 3280 Fauni
422 3232 579 3284 beneficium.
623 3232 804 3297 Quamobrem,
834 3235 893 3300 post
917 3231 1069 3281 versiculum
1092 3235 1208 3281 octavum
1231 3229 1332 3280 Fumat

209 3296 298 3360 odore,
314 3298 391 3363 pleno
406 3304 511 3365 puncto,
529 3304 559 3351 nt
575 3301 603 3350 in
621 3305 707 3351 nostra
725 3301 844 3365 editione,
862 3300 994 3351 distinctio
1010 3299 1127 3350 iacienda
1140 3305 1191 3349 est:
1219 3302 1244 3347 et
1265 3313 1330 3363 qnae
1401 3332 1402 3347 ι

129 3417 132 3422 ,
208 3363 327 3429 deinceps
352 3372 503 3431 sequuntur,
528 3374 588 3418 sunt
605 3370 688 3419 Fanni
712 3369 813 3431 laudes3
844 3367 903 3420 Tibi
926 3384 1002 3434 pecus
1025 3366 1105 3429 ludit,
1134 3364 1173 3417 Tu
1189 3365 1274 3428 faceis,
1300 3370 1331 3416 ut

208 3431 284 3495 lupus
302 3439 368 3483 erret
385 3440 432 3484 etc.
467 3435 538 3485 Idem
556 3437 586 3486 de
603 3437 692 3487 Fauno
708 3438 840 3503 praedicat
856 3437 937 3488 Carm.
955 3437 977 3498 I,
997 3438 1035 3487 Π.

277 3500 299 3549 ¹1.
319 3499 377 3563 Quo
393 3502 536 3567 praebente
554 3504 660 3555 domurn
678 3511 704 3555 ct
721 3509 811 3571 quote]
837 3505 925 3569 Quota
942 3504 1037 3554 habent
1054 3509 1079 3553 et
1097 3502 1188 3569 scripti
1206 3506 1231 3552 et
1248 3501 1329 3553 editi:

208 3582 289 3632 neque
307 3567 363 3618 loco
380 3570 529 3621 movendum
546 3577 591 3624 est.
611 3572 698 3636 Quota
716 3575 783 3625 bora
801 3575 833 3624 ed
853 3589 940 3624 cenam
957 3573 1074 3622 veniam?
1091 3577 1187 3631 octava,
1207 3586 1239 3620 an
1253 3587 1329 3629 nona,

208 3636 248 3685 vel
266 3636 384 3702 quando?
419 3638 531 3691 Iuvenal.
549 3641 570 3706 1,
587 3642 627 3692 to.
663 3641 757 3706 „Encd
780 3644 812 3693 ab
837 3646 926 3692 octava
944 3639 1048 3690 Marius
1071 3641 1151 3703 bibit,
1176 3644 1201 3688 ct
1223 3637 1331 3699 fruimur
1400 3652 1401 3695 t

209 3705 260 3754 diis
277 3705 385 3755 Iratie.“
418 3704 511 3756 Noster
528 3707 612 3773 Epist.
631 3709 652 3773 Ι,
672 3712 696 3774 7,
715 3712 755 3761 71.
791 3711 871 3773 „Post
892 3724 986 3759 nonam
1009 3711 1113 3769 uenies,·
1139 3722 1212 3757 nnnc
1229 3710 1254 3772 i,
1272 3723 1329 3757 rem

208 3778 333 3823 ehennae
350 3773 452 3838 enge“:
487 3775 592 3826 Poterat
614 3779 712 3837 tamen,
737 3779 758 3827 si
776 3777 945 3843 Manuscripti
969 3776 1131 3836 accederent,
1157 3789 1235 3839 aeque
1260 3790 1329 3824 com·

207 3840 280 3891 mode
297 3840 349 3906 legi
374 3847 483 3907 quotus,
507 3846 537 3892 nt
560 3845 643 3910 Epist.
662 3846 683 3907 I,
702 3847 727 3907 5,
746 3848 787 3898 30.
822 3844 882 3910 „Tu
905 3848 996 3910 quotus
1014 3859 1068 3894 erse
1085 3842 1164 3908 velis,
1187 3844 1329 3894 rescribe.“

208 3914 234 3959 et
250 3909 377 3960 Martialis
394 3907 463 3971 XIV,
482 3912 539 3962 217.
575 3912 650 3977 „bea
669 3918 760 3978 quotus
779 3920 805 3964 et
821 3916 918 3980 quenti
934 3915 1026 3979 cupias
1044 3927 1154 3974 cenare‚·
1178 3927 1227 3961 nec
1244 3926 1329 3961 nnrcrn
1399 3902 1400 3949 ἶ

208 3977 352 4028 Addideris
369 3980 491 4029 verbum:
510 3995 575 4029 cene
589 3985 690 4046 perata
709 3983 759 4032 tibi
774 3984 838 4032 e.rt.“
1399 3988 1400 3995 ’

278 4047 316 4097 12.
334 4044 481 4097 Miscentur
504 4046 617 4115 mettis]
653 4049 730 4100 Recte
754 4050 821 4101 hunc
845 4051 928 4100 locum
951 4049 1020 4113 cepit
1044 4047 1100 4098 Nic.
1119 4046 1256 4111 Heinsius,
1284 4046 1331 4111 qui

207 4112 235 4161 in
254 4113 403 4180 exemplaris
421 4114 461 4164 sui
479 4116 601 4181 margine,
619 4115 699 4182 Lege,
717 4118 810 4183 inquit,
828 4117 1026 4169 Miscentur.
1061 4114 1134 4170 Quod
1152 4117 1253 4165 stante
1271 4131 1329 4165 sum

208 4180 301 4231 lecerat
318 4182 358 4231 vir
374 4182 521 4247 ingeniosus
539 4184 616 4236 Ianus
634 4186 784 4251 Rutgersius
809 4187 836 4235 in
854 4183 1020 4236 Lectionibus
1037 4182 1176 4234 Venusinis
1194 4198 1249 4247 cap.
1269 4181 1331 4234 vn,

208 4248 361 4300 Posteriores
385 4256 468 4302 tamen
485 4251 578 4317 glande
595 4254 662 4303 vesci
679 4254 837 4317 maluerunt,
865 4269 939 4320 quam
956 4256 1068 4318 repertas
1085 4251 1128 4301 hic
1146 4251 1231 4313 fruges
1249 4265 1328 4316 agno-
