2834 4758
234 245 296 307 262
622 256 654 315 a.
677 256 818 304 nonnum
839 256 963 304 runem
1015 270 1019 275 ·

301 390 489 460 ¹Sordidum
511 390 659 456 flammae
682 389 844 475 trepidant
865 395 1006 456 rotarum

438 476 563 541 Vertice
585 475 719 540 fumum.

315 561 359 628 Ut
380 566 487 626 tamen
508 560 595 626 noris
617 558 735 642 quibus
756 557 921 626 advoceris

316 645 467 725 Gaudiis3
489 646 568 712 Idus
589 644 648 710 tibi
670 650 745 710 sunt
766 644 922 724 agendae,

274 745 303 794 15
318 731 380 810 Qui
403 731 472 797 dies
494 741 636 797 mensem
658 729 792 795 Veneris
814 729 957 795 marinae

434 815 543 882 Findit
563 814 722 900 Aprilem:

231 937 367 984 tremunt.“
403 939 428 983 et
445 932 541 984 ibidem
558 951 579 983 v.
592 936 649 986 156.
684 932 874 998 „Supplicibus
892 933 978 981 uerbis
997 931 1071 981 iilam
1087 931 1210 996 placate.-
1237 932 1291 981 sub
1311 931 1357 981 illa

230 1002 267 1052 lit
281 1001 380 1064 forma,
396 1007 426 1050 'et
441 1017 535 1066 mores,
554 1006 580 1051 et
596 1003 666 1052 bena
682 1000 758 1062 fama
775 1003 905 1050 manent.“
929 1001 969 1049 Ita
987 1014 1017 1048 ex
1036 999 1113 1047 unico
1126 999 1214 1050 codice
1228 999 1359 1050 Vossiano

230 1068 325 1129 edidit3
350 1085 406 1119 cum
424 1075 540 1132 centum,
559 1069 643 1132 credo,
661 1068 708 1118 alii
726 1066 888 1118 exhibuerint
906 1069 1003 1131 tremit,
1021 1072 1118 1116 manet.
1154 1067 1197 1118 Sic
1215 1068 1359 1133 pessimat

230 1137 326 1203 ubique
343 1137 454 1202 plurales
472 1153 590 1188 numeros
607 1135 764 1196 introduxit,
782 1151 885 1200 prorsus
903 1140 992 1185 contra
1010 1150 1103 1185 morem
1120 1134 1314 1197 Horatianum,
1332 1140 1359 1185 nt

229 1206 285 1256 inse
303 1205 459 1255 ostendimus
475 1206 504 1255 in
524 1206 601 1255 Notis
618 1205 650 1255 ad
668 1202 750 1254 Germ.
761 1205 782 1265 Ι,
792 1206 833 1266 21,
844 1205 867 1255 8.
896 1203 985 1267 Neque
1002 1202 1093 1253 melius
1110 1203 1135 1253 ei
1152 1204 1280 1254 successit
1296 1204 1359 1254 haec

229 1273 316 1323 Flacci
335 1273 493 1323 emendatio:
512 1274 592 1339 proba
610 1272 678 1322 enim
695 1271 810 1321 codicum
824 1271 901 1321 lectio
912 1276 957 1333 est,
977 1269 1213 1333 „Cunctalestinat
1225 1275 1358 1322 manur“:

231 1346 260 1392 nt
277 1339 359 1390 Oarm.
379 1342 427 1402 ΙΙΙ,
446 1345 470 1404 6,
488 1344 512 1393 9.
547 1342 623 1405 „lam
647 1342 686 1390 bis
710 1338 829 1390 Monesen
847 1345 873 1389 et
889 1338 988 1389 Pacori
1004 1354 1094 1388 manns
1119 1337 1182 1390 Non
1201 1343 1357 1406 auspicatos

231 1407 349 1460 contudit
373 1410 519 1474 impetus“:
551 1413 577 1459 et
600 1409 681 1463 Scrm.
699 1409 720 1470 I,
739 1409 838 1470 11,141.
873 1406 977 1470 „Multa
992 1409 1134 1472 postumam
1152 1408 1239 1458 veniet
1257 1424 1357 1468 manus,

231 1477 336 1527 auaitio
354 1491 425 1541 puae
442 1476 485 1527 Sit
501 1477 599 1526 mibi“:
629 1476 675 1526 ubi
693 1475 889 1525 nullus‘erroris
906 1480 987 1525 metus
1009 1479 1054 1525 aut
1080 1474 1193 1541 suspicio
1219 1480 1274 1526 est:
1300 1491 1358 1525 nam

229 1545 314 1594 locum
331 1545 442 1609 priorem
459 1560 546 1594 versus
563 1545 618 1610 ipse
637 1548 749 1606 tutatur;
768 1543 795 1593 in
811 1544 950 1608 posteriore
968 1544 1106 1594 siuenient
1122 1546 1285 1609 reposueris3
1304 1548 1357 1593 tum

231 1616 257 1662 et
275 1611 410 1662 dicendum
427 1611 512 1675 inierit,
530 1613 654 1675 „auxilio
673 1615 721 1677 put
736 1614 792 1661 sint
808 1612 900 1663 5ιί]ίέ

300 1683 338 1730 11.
367 1678 504 1730 Flammae
522 1681 668 1746 trepidant]
704 1681 747 1729 Ita
769 1695 855 1729 omnes
882 1679 974 1743 scripti
1000 1679 1114 1743 editique
1139 1695 1197 1729 cnm
1225 1679 1356 1730 veteribus

231 1747 394 1810 Scholiastis,
412 1747 575 1810 „Sordidum
592 1750 717 1810 {lammae
735 1747 865 1812 trepidant
881 1751 1001 1799 rotantes
1020 1745 1126 1797 Vertice
1141 1748 1274 1809 sumum.“
1312 1747 1356 1797 nbi

231 1816 369 1881 trepidant
385 1816 442 1878 erit,
460 1821 506 1866 ant
524 1816 636 1867 tremula
654 1822 727 1866 rnotu
744 1816 879 1879 ferrentur,
897 1819 927 1864 nt
945 1814 1035 1879 virgil.
1049 1815 1140 1880 Eelog.
1153 1815 1226 1870 VIII,
1247 1819 1285 1879 [r.
1297 1817 1355 1876 105]

230 1883 354 1949 „Arpina
372 1886 506 1950 corripuit
516 1884 630 1933 tremulis
640 1883 741 1933 altaria
751 1883 890 1933 flammis“:
909 1887 1004 1945 (verum
1023 1882 1067 1932 isti
1086 1883 1173 1933 sensui
1187 1883 1355 1948 exprimendo

229 1952 334 2001 verbum
352 1957 472 2002 rotantes
489 1952 551 2001 satis
568 1968 615 2017 per
631 1967 658 2001 se
676 1952 813 2016 suffecerit)
832 1952 973 2016 autpotins
987 1950 1132 2011 satanan&
1151 1955 1181 2001 ut
1198 1951 1226 2001 id
1244 1951 1355 2002 voluerit

229 2020 331 2083 Noster,
349 2025 472 2069 cunctane
480 2034 599 2083 manum,
616 2022 716 2069 minias
722 2022 816 2085 pueris
822 2018 936 2085 puellas,
955 2019 1032 2068 etiam
1049 2021 1121 2084 ipsas
1128 2020 1260 2085 flammas,
1282 2019 1356 2081 sesti-

230 2088 314 2137 aare?
350 2087 398 2136 Sed
422 2087 464 2137 rix
488 2087 639 2137 crediderim
666 2092 718 2136 tam
739 2088 841 2137 inanem
867 2091 893 2137 et
915 2086 1035 2152 frigidam
1058 2087 1166 2151 figuram
1189 2093 1241 2137 tarn
1268 2103 1354 2138 severo

229 2155 326 2206 iudicio
344 2155 443 2220 placere
454 2155 575 2220 potuisse.
603 2154 687 2211 Quare
704 2154 770 2214 vide,
789 2171 875 2205 annon
893 2155 958 2205 forte
975 2154 1111 2219 legendum
1129 2155 1170 2217 sit,
1189 2155 1354 2220 „Sordidum

229 2224 352 2283 masmae
370 2224 498 2288 crepitant
514 2229 635 2274 rotantes
653 2222 759 2273 Vertice
776 2222 908 2283 sumum.“
942 2222 1014 2272 Certe
1040 2239 1069 2273 ea
1087 2239 1138 2273 vox
1161 2227 1187 2273 et
1210 2224 1354 2275 sententiae

228 2307 323 2341 norum
341 2291 440 2356 aliquid
458 2291 544 2354 addit,
568 2296 595 2341 et
610 2292 694 2357 potitis
713 2290 772 2340 aliis
789 2291 818 2341 in
836 2292 914 2341 simili
932 2291 1104 2356 descriptione
1121 2291 1228 2342 mirifice
1246 2290 1379 2356 pleonico

229 2359 322 2424 Virgil.
332 2360 424 2425 Georg.
440 2361 461 2422 Ι,
473 2362 514 2412 85.
549 2360 655 2425 „Atque
674 2359 754 2409 lenem
771 2359 900 2424 stipulans
918 2359 1105 2424 crepitantibus
1122 2375 1202 2409 urere
1218 2360 1353 2411 fiammis.“

228 2430 290 2476 Aen.
307 2427 364 2489 VII,
381 2431 421 2478 74.
460 2427 565 2492 „Atque
582 2443 684 2478 amnem
703 2431 828 2477 ornatum
845 2427 946 2476 flamma
964 2427 1105 2491 crepitante
1124 2430 1266 2478 ermuari.“
1302 2428 1355 2477 Ln-

229 2495 323 2561 crebns
340 2495 384 2546 VI.
401 2499 434 2559 [v.
451 2497 509 2558 154]
545 2494 619 2559 „Nec
637 2512 679 2546 res
696 2495 753 2544 ulla
772 2497 866 2559 magis,
885 2510 965 2560 quam
982 2495 1081 2544 Pbacbi
1097 2495 1228 2560 Delphica
1248 2497 1351 2557 laurus,

231 2561 359 2613 Terribili
373 2566 464 2614 sonitu
481 2564 581 2613 flamma
598 2564 740 2628 crepitante
758 2564 921 2613 cr·ematur.“
955 2562 1073 2613 Tibullus
1090 2564 1126 2627 ΙΙ,
1138 2566 1161 2614 5.
1177 2566 1210 2626 [v.
1220 2565 1264 2627 81]
1302 2560 1353 2628 „br

227 2646 354 2682 succensa
379 2634 465 2680 sacris
492 2632 599 2695 crepitet
623 2634 687 2680 bene
710 2631 804 2681 [citrea
827 2632 979 2691 flamrnb.“·
1003 2631 1172 2681 Nemesianus
1198 2632 1292 2698 Eclog.
1308 2630 1352 2681 IV.

229 2701 261 2760 [v.
273 2699 315 2760 65]
341 2697 504 2760 „Incendent
515 2701 574 2748 vico
584 2700 738 2763 crepitantes
747 2697 852 2759 sulfure
862 2698 980 2750 lauros.“
1005 2699 1161 2764 Propertius,
1170 2699 1214 2762 IV,
1226 2702 1249 2753 3.
1264 2703 1299 2763 [v.
1308 2700 1348 2759 58]

223 2763 284 2828 „lit
300 2769 388 2829 crepat
412 2765 449 2814 cd
470 2770 569 2815 veteres
587 2766 668 2816 barba
687 2766 790 2817 Sabina
808 2768 910 2826 focas.“
944 2766 1044 2817 Plinius
1060 2768 1129 2816 Hist
1145 2768 1180 2829 ll,
1197 2769 1237 2820 22.
1263 2769 1292 2835 [ξ
1309 2769 1349 2829 82]

227 2831 319 2895 „Ergo
336 2837 369 2881 ut
385 2849 398 2881 e
414 2832 550 2896 flagrante
568 2833 642 2897 tigno
662 2836 741 2883 carba
760 2849 819 2884 cum
838 2835 946 2898 crepitu,
963 2838 1003 2885 sie
1015 2851 1031 2884 a
1048 2835 1135 2885 sidere
1144 2836 1267 2885 caelestis
1281 2837 1351 2901 rgnr's
1410 2850 1412 2861 ⁴

228 2901 384 2964 capuitur.“
418 2900 524 2950 Ovidius
541 2901 610 2951 Fast.
620 2902 664 2951 IV.
676 2904 707 2964 [v.
718 2904 778 2964 781]
804 2901 938 2968 „Moaque
954 2919 1004 2967 per
1021 2902 1147 2953 ardentes
1163 2904 1281 2969 stipulae
1298 2918 1349 2953 cre·

227 2967 337 3032 pitantia
356 2970 491 3018 aceruos.“
526 2969 681 3019 Prudentius
699 2970 840 3034 Peristeph.
860 2972 909 3032 ΙΙΙ,
929 2972 968 3022 13.
1005 2969 1089 3037 „Cum
1112 2971 1255 3036 crepitante
1279 2985 1349 3038 pyra

228 3036 346 3101 trepidos
367 3034 475 3086 Terruit
498 3052 594 3103 aspera
620 3037 792 3099 Carnifices.“
826 3042 852 3088 et
875 3055 897 3087 v.
914 3040 969 3090 156.
1005 3038 1136 3100 „Flamma
1153 3055 1260 3104 crepans
1279 3039 1350 3090 volat

227 3108 256 3154 in
273 3104 397 3165 faciem.“
433 3105 513 3155 Silius
531 3105 638 3155 Italicus
656 3105 701 3157 lib.
714 3105 758 3157 IV.
777 3104 810 3173 [v.
825 3108 884 3169 683]
919 3104 1034 3169 „Uritur
1052 3122 1129 3157 omne
1146 3123 1248 3173 nemus,
1267 3109 1348 3158 lucas·

227 3186 278 3237 pue
296 3173 396 3235 effusus
413 3175 443 3222 in
461 3174 531 3224 altos
548 3174 676 3223 Immisrir
692 3174 802 3237 crepitat
818 3177 906 3224 uictor
924 3173 1062 3225 Vulcanus
1080 3176 1217 3228 tabenis.“
1253 3175 1348 3226 lbidem

226 3240 270 3290 lib.
281 3240 310 3290 V.
320 3244 352 3303 [v.
362 3243 423 3303 571]
442 3242 559 3306 „stipula
577 3242 720 3306 crepitabat
738 3243 816 3291 inani
832 3241 1006 3305 iguminus,
1026 3258 1179 3308 cassamque
1197 3244 1281 3294 dabat
1295 3245 1348 3294 sine

226 3309 322 3358 robure
338 3310 503 3370 llarnmam.“
537 3309 608 3359 Idem
625 3308 807 3371 lib.XVII.[v.
819 3311 877 3372 107]
899 3309 1004 3375 „ipsius
1022 3313 1127 3375 ingenti
1143 3314 1215 3374 regis
1235 3313 1347 3362 tentoria

226 3375 297 3424 saltu
308 3374 435 3440 Lugubre
452 3377 610 3443 increpitans
629 3377 682 3428 late
700 3378 876 3427 circumuolat
886 3378 996 3429 ardor‚“
1015 3378 1085 3427 Idem
1102 3378 1148 3428 lib.
1160 3378 1230 3428 XIV.
1245 3383 1279 3443 [v.
1290 3379 1345 3438 310]

226 3442 346 3505 „Perque
364 3443 447 3493 attam
464 3445 559 3494 molem
577 3451 604 3495 et
621 3448 697 3495 toties
715 3447 863 3495 crescentia
882 3450 951 3496 tecta
969 3445 1083 3496 Scandit
1100 3463 1183 3497 ouans
1193 3448 1346 3513 rapidisque

227 3515 306 3558 corat
322 3511 475 3574 crepitantia
491 3514 607 3574 {lammis
623 3512 756 3563 Robora.“
790 3514 831 3563 Ita
847 3513 1120 3564 doctissimnsModius
1139 3531 1169 3565 ex
1186 3514 1346 3576 membranis,

226 3578 254 3626 in
272 3576 490 3642 LectNovantiq.
504 3595 560 3644 cap.
574 3582 615 3632 44.
640 3597 698 3631 cum
715 3584 790 3631 antea
807 3581 1013 3631 circumferretur
1032 3583 1205 3647 trepidantia.
1243 3584 1346 3649 Saepius

227 3645 295 3697 enim
312 3660 355 3694 eae
365 3661 437 3695 voces
456 3646 605 3697 aLibrariis
614 3648 819 3709 contunduntnr3
837 3654 868 3698 nt
885 3649 967 3700 iuhoc
978 3650 1065 3701 Flacci
1075 3650 1131 3701 loco
1145 3651 1345 3702 credoevenisse.

225 3713 297 3764 Idem
314 3712 394 3764 Silius
417 3712 462 3766 lib.
480 3714 550 3768 XVI.
577 3718 609 3778 [r.
627 3719 669 3779 30]
704 3732 786 3781 „nam
809 3720 929 3767 concitus
952 3718 1047 3767 Hanno
1071 3719 1243 3769 Adventabat
1269 3732 1345 3786 agean

226 3780 413 3847 crepitantibus
437 3785 547 3846 agmina
571 3786 678 3834 cetris.“
713 3792 739 3835 et
764 3785 806 3834 hic
831 3786 908 3835 etiam
931 3789 990 3835 ante
1015 3787 1133 3836 Medium
1149 3788 1221 3837 Lect.
1239 3788 1345 3839 Norant.

226 3866 246 3900 c,
268 3852 306 3902 19.
333 3849 396 3900 libri
414 3850 512 3916 vulgati
530 3851 732 3916 trepidantibus.
769 3852 924 3902 Prudentius
941 3854 1083 3920 Peristeplr.
1101 3855 1146 3920 VI,
1168 3858 1224 3908 100.
1262 3857 1345 3920 „Haec

225 3920 297 3968 inter
314 3918 419 3983 rapidis
436 3918 505 3970 iocos
523 3926 655 3985 crepantes
679 3922 788 3971 intrant
802 3922 939 3986 passibus,
964 3926 990 3970 et
1012 3926 1152 3973 minantur
1175 3926 1242 3989 ipsis
1259 3923 1345 3974 Flan-

225 4001 331 4036 marum
349 3986 538 4051 trepidantibus
557 3991 697 4041 caminis.“
732 3990 773 4038 Ita
790 3989 890 4039 codices
908 3989 1019 4054 potiores
1038 3991 1105 4055 apud
1124 3990 1180 4041 Nic.
1198 3991 1344 4042 Heinsium:

225 4054 305 4103 ceteri
322 4057 521 4118 crepitantibus.
558 4056 607 4106 Sed
625 4058 778 4119 notandum,
803 4057 860 4106 ideo
887 4057 929 4107 hic
946 4062 1015 4108 recte
1032 4057 1124 4109 habere
1144 4059 1343 4125 trepidantibus,

225 4121 285 4183 qnia
302 4123 441 4184 praecessit
457 4127 610 4174 urinanturr
628 4125 679 4189 ipsi
699 4126 767 4174 enirn
785 4126 879 4175 camini
897 4141 958 4191 prae
976 4129 1045 4176 metu
1064 4131 1090 4176 et
1107 4131 1201 4178 terrore
1213 4128 1344 4195 trepidare

226 4187 269 4236 hic
285 4188 424 4251 finguntur.
460 4190 516 4245 Quo
535 4191 609 4242 modo
627 4197 652 4242 et
669 4193 738 4259 apud
756 4193 877 4242 Senecam
895 4192 992 4258 Oedipo
1011 4211 1033 4246 v.
1053 4196 1110 4248 383.
1146 4193 1258 4261 „Neque
1282 4199 1343 4262 ipsa,
