2842 4758
206 268 268 331 376
591 278 623 337 o.
646 277 787 324 uonnru
807 240 931 323 rrraccr

269 414 319 479 Ne
342 411 461 476 scutica
483 410 614 492 dignum
637 410 779 475 horribili
802 417 923 475 sectere
944 408 1082 491 flagello.

208 512 252 562 ιιι
273 498 367 575 Nam,
390 504 425 561 ut
447 496 550 561 ferula
571 496 688 560 caedas
708 496 855 560 meritum
878 496 999 560 maiora
1021 495 1127 560 subire

271 583 421 659 Verbera,
443 600 506 645 non
528 600 653 646 vereor:
678 599 749 644 oum
772 579 861 645 dicas
883 600 955 646 esse
977 598 1071 665 pares
1093 600 1144 645 res

270 669 370 733 Furta
390 666 578 744 latrociniis3
601 673 633 731 et
653 665 780 747 magnis
801 685 901 750 parva
922 664 1051 730 mineris

269 753 365 818 Falce
387 751 562 816 recisurum
586 751 744 827 similite,
768 750 796 815 si
819 749 875 814 tibi
901 770 1034 831 regnum

270 836 460 904 Permittant
481 835 634 901 homines.
680 835 706 901 si
729 835 828 913 dives,
852 835 905 917 qui
930 834 1058 920 sapiens
1081 839 1139 911 est,

209 937 254 988 ιιι
273 924 315 988 nt
337 927 426 988 sutor
446 921 549 987 bonus
572 929 603 986 et
625 921 713 986 solus
736 920 894 985 formosus
917 928 949 985 ct
970 926 1020 984 cst
1040 939 1111 984 rex:

273 1007 338 1072 Cur
358 1013 451 1106 optas
473 1005 559 1089 quod
580 1006 703 1070 habes?
734 1005 805 1069 Non
826 1004 910 1071 nosti
934 1004 1011 1088 quid
1034 1011 1134 1089 pater,
1157 1003 1288 1086 inquit,

273 1092 473 1177 Ohrysrppus
496 1090 589 1155 dicat.
634 1090 762 1175 sapiens
785 1089 931 1175 crepidas
954 1089 1015 1155 sibi
1037 1110 1213 1170 numquam

270 1179 339 1243 Nec
361 1177 465 1242 soleas
488 1176 577 1241 fecit:
600 1181 689 1241 sutor
711 1181 816 1240 tamen
839 1181 888 1240 est
910 1175 1048 1259 sapiens.
1093 1174 1178 1253 Quia

248 1265 324 1339 “Ut
347 1261 492 1344 quamvis
514 1266 600 1325 tacet
621 1261 849 1341 Hermogenes,
873 1266 983 1324 cantor
1004 1266 1109 1324 tamen
1133 1265 1232 1340 atque

208 1362 253 1412 130
275 1347 301 1414 Ο
326 1345 422 1412 timus
444 1353 494 1410 est
515 1344 710 1422 modulator;
734 1351 769 1409 ut
790 1345 925 1410 Alfenus
946 1345 1043 1426 vafer,
1067 1343 1152 1408 omni

271 1369 403 1498 diiecto
425 1430 635 1495 instrumento
657 1430 735 1495 artis
756 1430 931 1513 clausaque
953 1431 1094 1507 taberna,

277 1519 401 1581 Tonsor
423 1522 506 1579 erat:
530 1516 660 1601 sapiens
681 1515 786 1600 operis
809 1516 854 1580 sic
876 1514 1015 1600 optimus
1037 1513 1140 1578 omnis

272 1603 332 1666 Est
353 1600 461 1686 opiter
483 1600 580 1678 solus,
604 1600 649 1665 sic
671 1619 736 1664 rex.
780 1600 946 1676 Vellent*)
968 1599 1025 1665 tibi
1047 1599 1180 1664 barbam

207 1705 297 1755 alas.
312 1702 387 1767 Vulg.
407 1701 483 1764 Qraeo?
508 1700 657 1753 132.Sator
675 1706 736 1752 erat.
766 1703 823 1753 133.
835 1701 884 1750 Est
900 1716 949 1766 op,
969 1701 1005 1751 sic
1022 1717 1066 1751 rer
1084 1701 1160 1751 solus.
1193 1702 1247 1752 134.
1258 1698 1345 1750 Nnc

279 1822 336 1873 128.
373 1820 455 1870 Sutor
473 1825 561 1869 tamen
579 1825 616 1869 est
634 1823 749 1884 sapiens.
787 1820 874 1884 Quot]
910 1821 950 1868 lta
975 1818 1074 1883 quidem
1097 1819 1176 1868 editi:
1206 1819 1251 1868 sed
1277 1819 1347 1883 lego

208 1905 266 1939 cum
289 1887 426 1938 Blandinio
449 1886 568 1952 Cruquii,
596 1892 622 1936 ct
644 1885 706 1940 (lod.
731 1886 839 1950 Collegii
861 1886 1010 1936 Trinitatis:
1038 1885 1111 1949 „Nec
1133 1886 1221 1936 solcas
1250 1888 1347 1948 lectt:

207 1962 286 2008 sutor
306 1963 393 2006 tamen
411 1961 450 2005 cst
465 1959 578 2020 sapiens.
614 1955 700 2010 Qutr‘
728 1953 793 2018 Orsi,
819 1954 918 2018 idest,
945 1955 1081 2018 quomodo,
1100 1970 1150 2018 quo
1169 1960 1261 2018 pacto,
1282 1970 1343 2019 qua

208 2025 325 2075 ratione?
354 2024 453 2074 Terent.
472 2022 569 2073 Andria
588 2023 618 2084 V,
643 2026 667 2075 4.
687 2026 719 2086 [n
738 2025 780 2084 51]
816 2022 908 2085 „Dauo
927 2039 975 2087 ego
993 2024 1080 2072 isthuc
1097 2022 1192 2071 dedam
1211 2027 1267 2072 iam
1290 2039 1343 2072 ne·

207 2091 274 2157 gott.
309 2090 372 2143 Non
394 2096 487 2157 potest.
523 2090 592 2146 aar?
627 2090 696 2153 (tnta
721 2092 800 2140 nnbat
821 2090 898 2140 ctc'nd
919 2094 1005 2155 magis
1030 2106 1064 2139 aa
1086 2105 1142 2139 sese
1165 2096 1192 2138 et
1215 2092 1341 2141 maius.“

208 2162 249 2210 lta
272 2159 367 2210 O'ornici
392 2160 500 2223 passim,
535 2163 561 2208 et
583 2164 668 2208 noster
693 2158 747 2223 ipse
772 2159 886 2221 saepius:
917 2159 1004 2221 [Serm.
1023 2158 1049 2220 1,
1075 2159 1087 2208 1
1107 2174 1130 2206 r.
1150 2160 1174 2219 1]
1202 2159 1273 2219 „Qut
1293 2160 1340 2221 fit,

209 2229 356 2292 Maecenas,
374 2228 506 2277 atraerno“
522 2229 570 2278 etc.
595 2226 637 2275 Sic
655 2230 681 2276 et
692 2224 747 2288 Qut
761 2226 823 2275 darn
830 2225 909 2276 iidem
918 2225 1015 2275 Comici
1024 2241 1097 2275 sensu
1108 2226 1202 2276 eodem.
1226 2229 1263 2277 At
1273 2229 1344 2291 Quo

208 2312 345 2361 numquam
355 2295 421 2344 valet
439 2310 490 2359 qao
499 2300 585 2359 pacto,
604 2294 647 2344 sed
665 2309 742 2359 quern
760 2294 796 2344 ad
807 2293 898 2354 finem:
918 2295 985 2358 quod
993 2295 1024 2343 ab
1039 2295 1085 2343 hoc
1095 2294 1151 2343 loco
1161 2294 1274 2344 alienum
1286 2301 1341 2345 est.

278 2368 334 2416 131.
371 2363 519 2427 Clausaque
537 2364 647 2412 taberna
666 2361 748 2412 Sator
766 2365 832 2424 erat]
868 2363 908 2411 Ita
933 2362 995 2411 editi
1020 2363 1051 2410 ad
1076 2378 1153 2410 unum
1172 2379 1278 2425 omnes,
1309 2368 1340 2412 et

209 2433 308 2483 codices
325 2432 414 2494 nostri,
433 2429 520 2481 Sator.
550 2430 599 2479 Sed
617 2432 639 2478 si
656 2430 796 2479 sententiae
815 2429 882 2478 ltlnm
899 2431 1024 2494 sequaris3
1044 2438 1158 2479 occurret
1176 2429 1226 2479 tibi
1244 2431 1337 2491 credo,

209 2500 276 2565 quod
293 2500 413 2549 nonnihil
430 2497 584 2563 displicebit
620 2497 740 2562 Sapiens,
758 2499 850 2562 inquit,
874 2500 993 2562 quamvis
1009 2501 1094 2548 soleas
1111 2500 1163 2547 sibi
1178 2514 1233 2548 non
1251 2499 1340 2562 facit,

210 2573 249 2618 ast
274 2574 360 2618 tarsen
384 2572 475 2616 sutor:
499 2567 581 2631 plane
603 2570 634 2615 nt
650 2566 839 2629 Hermogenes,
865 2568 985 2630 qrrarnots
1009 2570 1091 2630 tacet,
1115 2571 1153 2616 ast
1170 2572 1277 2629 cantor,·
1309 2573 1338 2616 et

209 2636 335 2698 Alfenus,
364 2637 443 2684 etiarn
467 2649 526 2682 carn
545 2634 678 2683 clauserat
694 2634 843 2692 tabernam,
862 2640 921 2683 erat
938 2634 1020 2682 Sutor.
1056 2634 1134 2684 Aufer
1151 2628 1244 2698 ouaeso
1262 2634 1341 2684 illud

208 2704 302 2754 sator?
329 2701 403 2751 Certe
419 2701 559 2766 exemplum
576 2717 629 2750 non
648 2717 677 2750 ex
696 2701 782 2751 eodem
801 2700 904 2751 artificii
921 2717 1025 2766 genere,
1052 2702 1096 2752 sed
1120 2717 1149 2751 ex
1166 2703 1266 2752 diverso
1287 2719 1336 2768 pe·

209 2771 313 2822 tendum
331 2776 397 2820 erat:
416 2770 532 2834 Sapiens,
550 2770 598 2818 etsi
615 2769 695 2818 soleas
713 2786 764 2819 non
783 2768 852 2829 facit,
871 2774 910 2818 est
926 2775 1014 2819 sutor:
1033 2776 1063 2818 ut
1075 2770 1161 2829 Cleon,
1180 2773 1257 2820 etiam
1270 2787 1336 2820 cum

210 2838 332 2889 exercitui
350 2838 492 2901 imperaret,
512 2840 643 2886 cartarius
661 2842 728 2897 erat,
747 2849 776 2886 ut
787 2836 946 2901 Agathocles,
965 2839 1041 2886 etiam
1054 2843 1188 2903 postquam
1200 2844 1336 2903 regnaret,

209 2906 310 2971 figntns
352 2904 536 2953 luconciunum
560 2911 598 2954 est
620 2906 722 2968 utique,
741 2906 763 2954 si
787 2906 819 2954 ad
842 2905 908 2955 idem
926 2905 1055 2970 opificium
1072 2911 1213 2956 revertatur
1230 2908 1335 2957 oratioe

209 2975 298 3025 saltem
316 2974 465 3024 concinnius
484 2989 550 3035 esse,
576 2974 597 3022 si
616 2989 661 3038 per
678 2973 748 3022 varia
766 2973 905 3033 discurrat,
930 2974 969 3023 vel
993 2975 1087 3025 invitus
1104 2973 1222 3024 fatebere.
1259 2974 1334 3030 Quid

209 3044 287 3107 argo?
315 3044 433 3091 Placetne
451 3046 480 3090 ut
497 3041 678 3105 amplectamur
695 3041 860 3090 vetustissimi
887 3041 998 3091 omnium
1022 3041 1155 3091 Blandinii
1171 3042 1336 3093 lectionem?

209 3112 254 3176 qui
272 3113 355 3160 erasis
372 3111 583 3169 characteribus,
610 3110 693 3158 idest
715 3111 806 3173 opinor
830 3110 944 3172 aprima
961 3125 1051 3172 mauu,
1078 3114 1187 3159 testante
1206 3109 1331 3175 Gruquio,

209 3181 246 3229 sie
265 3179 362 3238 habuit,
381 3183 429 3241 „at
444 3176 558 3236 Alfenus
575 3178 659 3240 valer,
678 3180 752 3227 omni
768 3177 876 3226 Adtento
894 3180 1070 3228 instrumento
1088 3181 1162 3241 artis,
1182 3179 1335 3243 clausaque

210 3247 320 3298 taberna
338 3247 435 3295 Tonsor
452 3246 540 3294 erat‘:
572 3243 620 3294 Cui
644 3245 742 3294 accedit
759 3248 842 3294 Aaron
860 3245 948 3294 MStus
971 3247 1066 3310 Regiae
1085 3246 1234 3307 societatis3
1261 3246 1332 3310 „Ur-

210 3315 308 3376 bana,⁴‘
326 3313 426 3383 inquit,
445 3314 527 3375 „satis
545 3312 671 3373 Alfenam
690 3312 793 3363 Varum
809 3312 1006 3363 Cremonensem
1025 3314 1140 3376 deridet,
1159 3317 1207 3378 qai
1224 3316 1332 3365 abiecta

209 3383 343 3442 tonstrina,
362 3395 441 3445 quarn
459 3383 488 3429 tn
505 3383 651 3445 murttcipio
669 3397 717 3430 sao
736 3386 899 3442 exercuerat,
918 3380 1027 3431 Romam
1039 3385 1126 3432 venit:
1144 3385 1334 3447 magistroque

209 3464 272 3500 usas
285 3448 400 3513 Salpttio
411 3448 612 3512 Iurisconsulto,
631 3448 667 3497 ad
684 3454 787 3499 tanturn
804 3451 925 3513 pervertit
941 3452 1060 3512 sciendo,
1079 3455 1111 3499 at
1119 3456 1145 3499 ct
1154 3449 1329 3500 Consulatum

208 3522 339 3583 gereret.“
373 3515 508 3565 Editiones
533 3514 640 3576 habeut,
668 3518 769 3566 obtecta
792 3520 905 3567 satra'na.
948 3516 1016 3571 Quin
1040 3524 1079 3580 et,
1109 3521 1216 3568 notante
1241 3518 1330 3568 eodem

209 3585 335 3650 cruquio,
358 3584 500 3633 Alexander
517 3583 548 3632 ab
566 3584 723 3644 Alexandro,
747 3584 792 3648 qui
815 3585 891 3634 ferme
916 3585 1032 3635 ducentis
1050 3586 1143 3635 abhinc
1160 3586 1236 3635 aunis
1253 3588 1328 3649 vixit,

210 3654 354 3706 Genialiurn
371 3653 475 3702 Dierum
492 3651 536 3712 Vl,
555 3654 586 3704 23
613 3655 646 3717 [p.
667 3654 715 3704 129
732 3653 833 3715 Hack],
860 3651 987 3714 Alfenam
1006 3654 1077 3703 bunc
1094 3654 1127 3703 ab
1145 3654 1330 3705 adolescentia

211 3725 424 3773 tonstrinum
442 3722 603 3783 eoeacretsse,
622 3720 720 3783 aliaque
738 3726 831 3783 narrat,
850 3736 914 3784 quae
932 3736 983 3771 non
1000 3720 1052 3770 nisi
1070 3737 1084 3770 a
1104 3721 1199 3786 scripto
1218 3723 1327 3786 quodam

208 3792 315 3841 Acronis
333 3790 372 3840 rol
389 3788 571 3854 Porphyrionis
588 3788 676 3837 codice
694 3788 783 3838 haberi
807 3793 951 3853 potueruut.
987 3788 1060 3839 Certe
1084 3795 1168 3839 utrum
1193 3797 1270 3840 sutor
1294 3806 1326 3840 an

210 3864 302 3909 tonsor
324 3857 402 3908 fuerit
425 3856 544 3917 Alfenus,
571 3872 621 3905 non
644 3856 746 3906 aliunde
769 3858 819 3906 iam
844 3857 918 3905 datur
941 3872 1105 3921 cognoscere3
1131 3858 1218 3907 malim
1243 3863 1326 3908 muron

208 3926 312 3977 Horatii
329 3941 425 3986 caussa,
443 3928 473 3974 ut
489 3940 536 3991 pro
557 3922 673 3973 Tonsere
689 3924 774 3988 potius
792 3925 922 3975 habeatur.

278 3997 333 4046 133.
361 3992 410 4043 Est
427 3996 526 4057 opiter,
544 3995 582 4040 stc
600 4007 650 4041 rear
666 3992 755 4056 sotim]
782 3993 867 4042 Etiam
886 3994 928 4041 hic
943 3994 1143 4057 quoqueAldum
1160 3992 1226 4042 male
1245 3995 1328 4045 secuti

210 4067 269 4112 sunt
286 4062 453 4127 posteriorum
470 4060 591 4125 plerique.
627 4059 729 4125 Quippe
754 4062 879 4111 editiones
896 4059 960 4110 Aldo
986 4062 1097 4125 priores,
1125 4065 1151 4110 et
1167 4062 1329 4113 membranae

209 4164 292 4269 ,witti
303 4159 454 4279 lfflaellpnr‘
464 4175 483 4209 er
494 4173 515 4209 a
528 4181 596 4218 marr.
611 4169 688 4222 „vap
707 4160 830 4215 Vellarr‘
843 4174 874 4211 ea.
884 4173 940 4213 un.
951 4160 1095 4226 „Velluntr
1104 4172 1170 4212 Bene·
1184 4178 1327 4223 recrearem

253 4241 261 4268 a
291 4240 304 4267 n
383 4253 389 4266 .
1029 4237 1031 4240 ’
