2818 4758
180 169 223 231 94
568 194 600 254 o.
621 195 763 243 nonina
783 198 907 248 nascer

268 321 381 421 Latius
403 343 518 407 regnes
539 327 669 395 aridum
692 330 850 396 domando

226 416 255 466 10
270 405 432 506 Spurium,
455 431 551 493 quam
574 413 600 478 si
622 415 758 498 Libyam
780 416 911 482 remotis

269 491 414 560 Gadibus
436 494 562 576 iungas,
585 503 618 563 et
640 506 774 583 uterque
795 503 924 567 Poenus

420 579 545 646 Serviat
566 582 630 647 uni.

267 658 390 727 Crescit
409 661 581 746 indulgens
603 666 664 733 sibi
687 667 776 734 dirus
797 668 957 754 hydrops;

265 743 334 810 Nec
355 747 440 812 sitim
461 751 561 833 pellit,
587 752 649 818 nisi
672 773 769 818 causa
790 754 892 818 morbi

225 840 254 890 15
268 828 401 911 Fugerit
422 834 521 913 venis,
544 842 576 901 et
597 856 739 919 aquosus
761 837 834 903 albo

419 916 558 1004 Corpore
580 921 725 1003 languor.

265 998 435 1097 Redditum
459 1003 534 1088 Cyri
557 1005 636 1071 solio
659 1006 829 1082 Phraaten,

265 1084 434 1151 Dissidens
456 1089 551 1173 plebi,
573 1110 705 1155 numero
727 1091 892 1155 beatorum

265 1169 384 1235 Eximit
404 1172 522 1251 virtus3
544 1176 763 1260 populumque
785 1174 876 1239 falsis

223 1264 254 1313 20
419 1257 562 1324 Dedocet
583 1259 630 1324 uti

182 1405 325 1455 Scholiasta
347 1406 443 1471 legunt,
468 1413 531 1474 agit.
567 1411 714 1461 Retinemus
737 1413 821 1460 tamen
845 1412 909 1472 aget
930 1423 988 1458 cum
1011 1411 1204 1463 recentioribus.
1240 1413 1305 1466 Cum

181 1474 249 1523 enim
267 1473 336 1537 haec,
354 1474 377 1524 si
399 1481 467 1527 recte
490 1479 601 1529 rationes
626 1480 750 1543 ponimus,
773 1478 842 1526 circa
865 1491 966 1526 annum·
976 1477 1082 1529 Horatii
1103 1479 1160 1543 XL,
1185 1483 1306 1546 Augusto

181 1540 246 1591 VIII
264 1546 289 1591 et
307 1541 390 1592 Tauro
406 1545 433 1594 H
451 1544 528 1608 Coss,
556 1547 651 1611 scripta
669 1547 729 1611 sint,
755 1544 904 1595 Proculeius
922 1548 975 1593 tum
993 1549 1018 1595 et
1035 1546 1080 1597 diu
1104 1553 1164 1611 post
1188 1549 1217 1598 in
1235 1550 1303 1600 vivis

182 1615 242 1672 erat,
269 1614 299 1659 ut
324 1626 355 1659 ex
379 1611 497 1663 Historia
523 1619 618 1665 notum.
661 1613 728 1678 Ergo
755 1618 818 1677 aget
841 1611 916 1673 fama
941 1619 1073 1677 superstes
1097 1620 1158 1679 post
1180 1622 1305 1679 mortem

179 1694 255 1741 quam
272 1678 303 1741 is,
326 1684 445 1731 narrante
467 1680 553 1731 Plinio
574 1682 644 1732 Hist.
661 1681 780 1742 XXXVI,
798 1683 840 1743 59,
867 1682 897 1729 in
919 1683 1038 1731 maximo
1060 1684 1193 1734 stomachi
1210 1685 1306 1736 delore

179 1761 266 1813 gypso
284 1751 347 1811 poto
365 1748 416 1797 sibi
433 1749 504 1798 nitro
523 1753 665 1811 conscivit,·
692 1753 826 1814 postquam
842 1746 967 1798 Horatius
991 1754 1021 1798 ut
1039 1749 1137 1814 opinor,
1162 1752 1195 1800 ad
1212 1752 1304 1816 plures

180 1814 285 1866 abierat.
320 1815 399 1865 Poma
416 1816 442 1865 in
461 1833 534 1866 versu
551 1809 724 1881 praecedente,
742 1817 781 1865 vir
799 1817 895 1880 doctus,
915 1814 959 1879 qui
969 1816 1105 1866 Horatium
1118 1833 1202 1883 nuper
1210 1819 1300 1882 edidit,

180 1881 389 1948 distinguendum
406 1889 491 1934 censet
514 1889 574 1949 post
598 1890 686 1948 notus,
707 1883 805 1948 „Vivet
827 1888 933 1933 extento
950 1884 1105 1935 Proculeius
1122 1902 1186 1935 neoc
1204 1885 1304 1953 Notus,

179 1957 208 2004 in
226 1951 325 2014 fretra
344 1954 428 2002 animi
443 1955 584 2018 paterni‘r
602 1952 670 2017 quod
688 1956 713 2001 et
731 1952 838 2001 miratur
854 1952 979 2002 neminem
998 1956 1057 2002 ante
1075 1953 1211 2004 sevidisse.
1242 1956 1302 2020 Ego

178 2035 237 2071 uero
256 2023 282 2069 et
298 2019 376 2070 miror
399 2025 424 2070 et
446 2021 518 2071 doleo
541 2025 592 2070 tarn
615 2036 718 2085 pravam
741 2019 930 2070 distinctionem
954 2021 982 2069 in
1004 2024 1113 2069 mentem
1141 2021 1165 2070 ei
1192 2023 1300 2073 venisse.

181 2089 258 2140 Vivet
274 2094 370 2138 notas:
388 2093 483 2152 quanto
500 2089 584 2138 minus
601 2088 731 2151 leviusque
748 2087 796 2136 hoc
815 2093 860 2148 est,
879 2102 955 2151 quam
972 2090 1042 2137 ciust
1058 2088 1181 2140 absolute.
1216 2089 1301 2140 Velle·

178 2158 219 2208 ius
237 2160 333 2207 Paterc.
352 2157 387 2218 II,
406 2160 447 2210 66.
483 2157 571 2218 „Vivit
595 2156 711 2220 vivetque
731 2154 821 2205 Cicero
847 2171 897 2219 per
920 2157 1037 2204 omnium
1060 2156 1230 2206 saeculoram
1247 2173 1300 2207 me-

177 2226 318 2276 moriam.“
352 2224 457 2275 Ovidius
475 2226 503 2274 in
521 2223 748 2288 dneMetamorph.
782 2222 852 2285 „Ore
871 2223 947 2285 legar
962 2223 1072 2288 populi.-
1088 2238 1190 2288 perque
1208 2227 1299 2276 omnia

178 2295 286 2345 saecula
303 2291 378 2353 fama
397 2294 439 2353 (Si
456 2292 522 2359 qnid
539 2293 637 2342 habent
652 2295 711 2342 ocri
720 2295 810 2340 natam
818 2293 973 2354 praesagia)
991 2291 1100 2342 vivam.“
1134 2291 1205 2341 Idem
1215 2295 1299 2342 Amor.

177 2363 198 2423 I,
219 2366 257 2415 15.
277 2365 308 2425 [r.
328 2365 353 2425 9]
372 2362 464 2425 „Vivet
481 2359 642 2423 Maeonides,
665 2358 780 2409 Tenedos
798 2358 860 2407 dnm
878 2359 959 2407 stabit
975 2364 1001 2407 st
1017 2358 1080 2408 Ide:
1097 2358 1168 2408 Dnm
1187 2360 1301 2424 rapidas

178 2429 275 2480 Simois
285 2433 314 2480 in
323 2429 492 2480 marecolvet
501 2444 592 2493 aquas.
627 2428 703 2477 Vivet
712 2432 738 2476 ct
753 2425 902 2476 Ascraeas.-
921 2425 983 2474 darn
998 2429 1091 2475 mustis
1099 2441 1153 2475 nce
1163 2429 1308 2477 tamehit“-

177 2497 240 2547 Tum
259 2502 284 2548 et
300 2497 374 2561 illud,
392 2497 423 2547 In
441 2497 540 2557 matres
559 2498 644 2544 animi
658 2496 768 2559 paterni
784 2496 833 2556 vir,
851 2494 936 2542 minus
953 2493 1042 2558 utique
1060 2493 1140 2543 multo
1158 2499 1206 2559 est,
1224 2511 1300 2559 quara

176 2564 263 2615 Notas
281 2567 367 2615 animi
379 2566 504 2629 patenti:
521 2562 587 2610 illud
605 2562 672 2610 enim
689 2561 756 2612 nude
775 2555 947 2627 φιλάδελφον
963 2559 1041 2611 fuisse
1050 2561 1213 2612 Proculeium
1231 2563 1299 2612 indi·

178 2638 233 2691 cat;
251 2632 307 2694 hoc,
326 2627 510 2698 φιλαδελφίας
526 2629 628 2677 nomine
646 2643 692 2692 per
709 2646 754 2679 ora
770 2629 900 2678 hominum
918 2627 1047 2678 celebrem.
1083 2628 1152 2684 Quid
1163 2630 1297 2694 quodsua-

176 2699 306 2748 vissimam
329 2698 436 2762 figuram
459 2713 489 2745 ex
514 2696 610 2746 Graeco
634 2694 703 2745 fonte
730 2697 863 2747 deductam
886 2698 933 2745 hoc
956 2701 1032 2760 pacto
1055 2698 1193 2759 amisimus,
1218 2704 1298 2748 notas

177 2770 276 2816 animi:
295 2780 370 2827 quam
387 2765 491 2828 primus,
511 2765 610 2829 opinor,
629 2763 721 2813 Noster
738 2764 843 2826 invexit,
862 2769 887 2812 et
904 2763 1012 2827 posteris
1021 2764 1171 2814 imitandam
1181 2765 1295 2815 tradidit.

177 2834 256 2883 Silius
273 2831 379 2882 italicus
405 2830 460 2882 XV.
481 2834 512 2892 [r.
532 2833 601 2893 270}
615 2830 708 2895 „Hane
731 2836 818 2881 notam
835 2831 929 2881 formae
952 2834 1081 2881 concessit
1101 2833 1186 2882 taetris
1204 2849 1298 2883 ouans·

177 2902 253 2966 qne.“
276 2905 301 2950 ct
318 2899 398 2951 XVII.
415 2903 447 2961 [v.
461 2900 518 2960 147]
538 2899 656 2962 „inuisas
674 2897 765 2963 Marti,
783 2904 908 2963 notusque
925 2898 1067 2963 fugamm.“
1102 2900 1200 2949 Statius
1219 2899 1296 2951 Theb.

175 2970 211 3032 Il,
222 2971 279 3021 274.
298 2967 450 3035 „Cyclopea
468 2968 573 3031 notique
583 2982 687 3032 operum
699 2965 843 3030 Telchines,
853 2970 939 3016 amica
951 2965 1076 3017 Certatim
1090 2970 1181 3018 insere
1189 2969 1299 3018 mana.“

175 3037 338 3103 Symmachus
356 3035 440 3100 Epist.
460 3035 494 3096 ΙΙ,
503 3037 553 3087 113.
573 3035 700 3101 „Sascipe
718 3037 804 3100 igitar
820 3039 909 3085 notum
926 3034 1035 3083 militiae
1053 3036 1167 3084 eirnm.“

246 3109 284 3156 15.
303 3104 340 3154 Et
357 3118 472 3167 aquosae
496 3103 556 3152 alic
576 3102 693 3168 Corpore
716 3103 841 3167 languor]
868 3101 1008 3166 Eleganter
1033 3102 1093 3151 haee
1117 3103 1234 3153 imitatus
1260 3108 1299 3154 est

175 3173 338 3233 Prudentius,
357 3170 558 3220 Christianorum
587 3172 658 3220 Maro
685 3175 710 3220 et
738 3170 852 3232 Flaccus,
879 3169 990 3220 (lathem.
1020 3169 1092 3229 VIII,
1119 3172 1160 3221 tl.
1201 3171 1299 3235 „Ergo

175 3255 209 3290 ne
228 3241 320 3291 timeam
337 3237 464 3302 fragilem
481 3238 586 3288 solatae
602 3239 734 3289 Descrant
750 3241 828 3301 circs,
847 3242 873 3287 et
888 3252 999 3302 aquosus
1017 3235 1082 3286 albis
1092 3236 1192 3286 Humor
1209 3239 1238 3288 in
1257 3255 1300 3289 ve·

175 3307 216 3357 nis
235 3307 393 3367 dominetur,
421 3320 531 3370 aegmem
551 3304 602 3356 Cer
621 3322 653 3356 ns
676 3307 825 3356 inerrans.“
861 3309 886 3354 et
911 3306 1005 3354 iterum
1022 3305 1162 3369 Peristeph.
1180 3306 1215 3367 II,
1238 3308 1297 3357 241.

174 3373 317 3440 „Hydrops
336 3388 451 3438 aqncsns
469 3372 557 3423 lucido
600 3374 674 3424 cndit
691 3388 789 3423 ueneno
816 3374 1002 3422 intrinsecus.“
1037 3372 1086 3422 Sed
1110 3374 1223 3437 apertius
1252 3375 1300 3423 Se-

174 3457 250 3491 renus
274 3440 448 3490 Sammonicus
472 3455 527 3504 cap.
547 3443 579 3492 26
599 3444 662 3507 [cap.
683 3444 713 3492 27
732 3458 755 3489 v.
775 3443 843 3502 5171,
868 3440 898 3489 de
921 3439 1054 3505 Hydrope:
1083 3437 1227 3504 „Ungednc
1244 3456 1298 3506 qao

173 3508 283 3573 frangit
298 3511 368 3558 uires
384 3508 515 3572 languoris
530 3509 648 3573 aquosi“:
668 3509 747 3564 Quem
765 3508 798 3557 ad
814 3512 899 3573 partes
917 3508 1006 3557 citavit
1024 3508 1101 3556 etiam
1118 3507 1212 3557 Theod.
1227 3509 1299 3558 Mar·

174 3578 258 3638 cilius,
277 3581 302 3625 et
319 3579 378 3640 post
395 3591 452 3624 eum
469 3576 614 3626 Dacierius:
642 3581 717 3641 atque
744 3593 773 3626 eo
791 3576 839 3625 fine
858 3582 883 3624 et
906 3591 952 3625 nos
970 3591 1069 3639 quoqne
1087 3574 1245 3638 adduximus,
1264 3592 1299 3626 ne

173 3646 232 3710 quis
256 3644 384 3709 superiore
402 3643 536 3694 Prudentii
552 3644 608 3694 loco
633 3645 741 3694 confisus
765 3649 856 3693 temere
874 3643 942 3707 apud
959 3643 1095 3693 Horatium
1113 3648 1227 3707 reponat,
1251 3649 1299 3708 „ct

174 3728 290 3779 aqreosas
308 3711 364 3762 albi
382 3709 508 3776 Corporis
528 3712 650 3763 inmor.“

245 3783 283 3833 18.
302 3778 441 3830 Dissidens
458 3779 539 3844 plebe]
563 3780 653 3830 Verior
678 3779 778 3829 videtur
796 3777 889 3827 Iacobo
907 3776 1018 3842 Cruquio
1035 3777 1230 3828 Blandiniorum
1252 3794 1295 3826 co·

174 3850 258 3900 dicum
275 3848 360 3910 lectio,
378 3846 516 3897 Dissidens
531 3848 633 3912 pictis:
657 3852 682 3897 et
706 3848 743 3896 sic
769 3862 829 3896 sane
848 3844 932 3896 Codex
955 3849 1041 3895 noster
1065 3845 1217 3909 Reginensis
1234 3861 1292 3895 cum

172 3918 259 3982 prisca
276 3915 388 3967 editione
405 3913 509 3964 Veneta.
544 3915 603 3964 Non
620 3931 749 3980 negamus,
768 3914 830 3977 quin
840 3914 936 3963 Graeca
954 3914 1142 3963 constructione
1153 3913 1294 3963 Dissident

171 3987 256 4051 plebis
273 3984 312 4034 uti
330 3982 455 4047 potuisset
472 3982 578 4043 Noster;
597 3983 664 4033 sieut
681 3981 745 4032 alibi
762 3980 846 4042 habet,
863 3979 995 4048 Regnavit
1010 3981 1181 4047 populorum,
1205 3981 1294 4030 Absti-

172 4060 233 4103 neto
251 4056 364 4115 irarum,
382 4051 480 4100 Desine
497 4051 680 4114 querelarum.-
699 4050 748 4100 Sed
765 4049 909 4115 praevalere
927 4050 1001 4100 debet
1018 4049 1156 4099 auctoritas
1166 4048 1293 4099 Prisciani

172 4137 198 4186 p.
218 4123 291 4177 1158.
311 4119 419 4185 „Pauca
436 4123 506 4183 sant,
525 4133 593 4183 qaae
610 4121 698 4169 actim
715 4134 778 4170 occe
797 4119 935 4168 transitive
957 4117 1010 4168 soli
1025 4118 1123 4167 Dativo
1142 4116 1294 4181 adiungun-
