2834 4758
185 222 246 284 330
569 229 602 288 q.
624 229 768 277 nonaum
788 231 913 278 nuncet
1005 272 1010 281 .

226 382 256 432 25
271 368 402 447 Vosque
423 382 555 428 veraces
576 362 730 428 cecinisse
752 365 883 441 Parcae,

270 449 364 529 Quod
386 448 486 513 semel
508 448 628 513 dictum
650 447 774 514 stabilis
796 469 855 534 per
876 468 989 513 aevum

270 532 441 601 Terminus
464 540 578 611 servet,
603 534 684 596 bona
707 534 770 598 iam
792 534 931 620 peractis

338 617 465 698 lungite
487 618 564 682 iata.

272 703 401 770 Fertilis
422 703 550 784 frugum
569 702 759 788 pecorisque
781 702 877 777 tellus

227 803 258 853 eo
273 789 389 875 Spicea
410 787 508 853 donet
529 787 677 853 Cererem
700 807 843 852 corona:

270 875 422 941 Nutriant
442 873 549 938 foetus
575 878 607 937 et
627 892 731 955 aquae
753 873 900 938 salubres

241 1019 247 1027 .
338 959 380 1023 Et
399 957 485 1024 Iovis
508 977 615 1023 aurae.

422 1109 445 1143 v.
463 1094 505 1145 26.
522 1091 598 1157 Vulg.
615 1092 719 1142 Dictum
737 1098 782 1156 est,
800 1092 954 1158 stabilisque
971 1107 1068 1142 rerum.

254 1318 295 1368 26.
322 1313 485 1377 Stabilisque
507 1327 597 1363 rerum
625 1310 763 1361 Terminus
786 1314 882 1374 cernei]
915 1311 1023 1361 Minime
1047 1311 1148 1376 quidem
1167 1312 1331 1362 mirandum

187 1389 226 1434 cst
243 1390 269 1432 et
286 1387 381 1431 veteres
398 1385 424 1430 et
440 1397 519 1429 novos
537 1381 688 1444 interpretes
706 1380 735 1429 in
751 1379 799 1429 hoc
817 1379 873 1432 loco
887 1380 1033 1444 cespitasse.
1069 1379 1235 1445 Quocumque
1245 1382 1329 1431 enim

186 1456 213 1504 te
231 1455 322 1511 vertas,
340 1449 439 1499 nullum
457 1449 553 1498 exitum
569 1448 698 1506 invenies3
723 1447 785 1497 adeo
802 1448 902 1511 magnis
922 1447 1033 1512 undique
1050 1446 1248 1498 difficultatibus
1266 1448 1328 1498 ob-

189 1534 256 1569 sessa
274 1524 300 1567 et
318 1516 507 1567 circumvallata
524 1517 612 1566 haeret
630 1517 772 1565 sententia:
789 1514 914 1580 „Vosque
928 1531 1035 1566 veraces
1047 1519 1180 1580 cecinisse,
1200 1517 1326 1577 Parcae,

189 1586 267 1649 Quod
282 1585 362 1635 semel
380 1584 480 1634 dictum
504 1590 556 1648 est,
578 1584 737 1648 stabilisque
760 1599 851 1633 rerum
872 1582 1011 1634 Terminus
1034 1589 1135 1649 seruet,
1161 1587 1234 1635 bona
1259 1587 1327 1634 rum

187 1657 304 1720 peractis
322 1654 429 1718 lungite
445 1652 531 1712 faiu.“
557 1651 691 1716 Principio
709 1652 785 1712 enim,
803 1651 849 1700 illa
867 1652 967 1701 dictum
985 1656 1030 1713 est,
1049 1657 1074 1700 et
1091 1659 1191 1715 servet,
1209 1653 1237 1702 in
1257 1669 1327 1719 syn-

188 1731 274 1773 taxeos
291 1722 372 1786 legem
389 1725 513 1786 peccaut:
536 1720 603 1769 unde
621 1720 702 1769 Aldus
726 1724 751 1769 et
768 1719 911 1784 complures
934 1735 991 1768 eum
1009 1720 1091 1770 secuti
1112 1727 1205 1771 servat
1227 1721 1325 1770 edide-

188 1795 256 1852 runt,
275 1794 326 1839 tam
344 1788 480 1839 manifesto
496 1788 561 1837 vitio
579 1788 616 1837 ire
634 1786 733 1837 obviam
753 1787 856 1846 conati3
872 1793 949 1852 atque
966 1787 1004 1836 ita
1022 1802 1082 1837 saue
1099 1788 1187 1838 inveni
1202 1788 1325 1853 inMag-

188 1858 327 1922 dalonensi,
345 1862 371 1907 et
387 1874 402 1906 a
421 1872 498 1906 manu
516 1855 626 1906 secunda
643 1856 671 1904 in
690 1856 785 1919 Regiae
796 1856 930 1906 societatis
948 1855 1044 1907 codice.
1069 1856 1119 1905 Sed
1134 1857 1214 1907 ceteri
1222 1858 1323 1917 nostri,

187 1927 303 1977 meliores
320 1925 374 1975 illis
392 1924 599 1988 vetustioresque,
617 1928 647 1972 ut
664 1929 690 1972 et
702 1922 818 1988 Cruquii‚
835 1923 973 1987 Torrentii,
990 1925 1148 1986 Bersmanni,
1166 1924 1323 1987 Pulmauni,

188 1995 358 2058 Lambinique
376 1992 530 2057 exemplaria
546 1997 633 2041 servet
648 1990 774 2052 retinent3
799 1992 866 2055 quod
884 2007 899 2041 a
917 1991 1057 2041 Scholiaste
1079 1993 1156 2041 etiam
1181 1999 1208 2043 et
1225 1994 1323 2042 Servio

188 2063 345 2127 agnoscitur.
379 2062 415 2110 Et
432 2059 546 2125 profecto
563 2058 654 2111 Latini
670 2060 793 2109 sermonis
811 2060 877 2109 ratio
895 2060 978 2124 poscit
994 2064 1022 2110 et
1039 2058 1178 2125 efflagitat,
1203 2064 1233 2110 ut
1256 2066 1323 2125 post

189 2134 315 2181 cecinisse
331 2129 405 2195 quod
420 2129 497 2178 verba
513 2127 581 2176 modi
601 2126 768 2190 subiunctivi‚
786 2144 838 2177 non
856 2127 1000 2190 indicativi,
1018 2133 1171 2191 sequantur3
1194 2129 1322 2191 „Parcius

188 2214 297 2248 veraces
321 2199 461 2259 cecinisse,
487 2195 560 2260 quod
582 2196 662 2245 semel
684 2195 784 2245 dicium
808 2196 856 2256 sit,
879 2195 1034 2260 stabilesque
1056 2212 1148 2246 rerum
1175 2195 1322 2247 Terminus

189 2270 296 2316 servet.“
332 2267 373 2315 Ita
390 2264 472 2314 Germ.
491 2265 519 2327 I,
543 2265 592 2323 32,
610 2265 635 2315 3.
669 2263 812 2325 „Lusimus
830 2270 929 2326 tecum,
947 2263 1059 2328 prendat
1077 2265 1148 2314 bunc
1166 2268 1194 2314 in
1213 2280 1320 2315 annum

188 2335 266 2384 Vivat
283 2339 310 2384 ei
325 2334 443 2398 plures.“
477 2332 561 2396 Epod.
579 2332 615 2393 Π,
635 2332 676 2383 28.
712 2331 877 2397 „Fontesque
895 2332 1011 2397 lpmplris
1029 2333 1186 2397 obstrepunt
1202 2349 1322 2383 raanan·

190 2405 273 2464 tibus,
302 2401 415 2451 Somnos
433 2400 505 2465 pecori
520 2400 613 2449 invitet
631 2400 724 2449 leoes.“
750 2400 835 2464 Epist.
854 2401 875 2461 I,
895 2403 936 2464 17,
953 2402 976 2450 5.
1005 2403 1124 2466 ‚,aspice,
1151 2400 1263 2466 siquid
1280 2400 1323 2450 Et

189 2486 245 2533 nos,
264 2469 336 2535 qued
353 2485 425 2518 cures
441 2471 583 2533 proprium
599 2469 706 2529 fecisse,
727 2467 895 2531 loquamur.“
929 2468 1018 2530 Neque
1036 2484 1141 2532 usquam
1159 2468 1236 2518 aliter
1252 2467 1319 2519 boni

189 2544 312 2588 auctores.
338 2537 437 2586 Deinde
455 2540 481 2585 et
497 2537 555 2601 ipsa
571 2536 698 2585 sententia
714 2535 828 2600 languet,
846 2540 929 2598 nutat,
947 2539 972 2584 et
982 2535 1094 2586 vacillat.
1118 2535 1216 2600 „Quod
1227 2537 1318 2599 semel,

190 2607 236 2667 ait,
255 2606 354 2655 dicium
373 2608 436 2654 est.“
471 2603 597 2659 Quorsum
615 2604 704 2654 amabo
722 2604 787 2653 illud
804 2604 902 2654 semel?
928 2619 1003 2668 quam
1021 2605 1086 2666 vim,
1113 2620 1188 2669 quam
1213 2605 1320 2669 elegan-

190 2674 251 2722 tiam
269 2672 363 2722 habeti
388 2670 484 2720 nullam
502 2672 602 2735 opinor,
621 2676 650 2720 ut
667 2671 768 2735 quidem
785 2672 828 2721 hic
845 2672 913 2721 nude
925 2672 1037 2736 positum
1050 2678 1075 2722 et
1093 2672 1243 2723 destitutum
1260 2679 1317 2723 est:

189 2742 241 2791 uisi
259 2743 379 2804 sequatur
397 2737 501 2802 aliquod
519 2738 678 2800 antitheton,
703 2740 773 2804 quod
790 2740 916 2789 iacentem
932 2756 1033 2789 sensum
1057 2742 1208 2803 exsuscitet,
1238 2739 1320 2803 Quod

190 2807 265 2858 semel
284 2808 384 2855 dictum
401 2809 444 2868 sn,
464 2811 489 2855 ei
506 2822 604 2870 semper
620 2808 715 2857 stabile
729 2813 895 2874 permaneat.
932 2808 1020 2872 Neque
1043 2825 1102 2858 vero
1124 2809 1204 2870 illud,
1228 2810 1251 2858 si
1276 2825 1318 2858 sa·

190 2877 272 2942 piam,
296 2873 466 2934 laudaverim,
490 2874 594 2923 stabilis
617 2890 708 2924 certem
729 2876 857 2926 cenninus
874 2881 965 2925 servet.
1003 2876 1129 2931 Quidnam
1147 2876 1252 2926 obsecro
1270 2877 1318 2927 ille

190 2943 293 2993 servet?
310 2941 392 2991 Nihil.
419 2941 493 2991 Nihil
510 2941 578 2992 enim
595 2942 637 2992 hic
656 2945 779 3006 sequitur,
798 2944 864 3009 quod
881 2943 1042 2994 seruandum
1060 2961 1114 2994 esse
1132 2945 1317 3009 intelligamus.

189 3013 269 3062 Hisce
286 3010 404 3061 omnibus
422 3009 616 3060 difficultatibus
634 3009 657 3059 si
673 3011 725 3061 levi
742 3012 874 3062 verborum
892 3012 1033 3062 mutatione
1056 3028 1187 3062 occurrere
1210 3020 1317 3077 poter03
1414 3010 1417 3028 '

191 3081 278 3145 coquis
296 3083 334 3130 est
351 3078 413 3128 adeo
432 3079 489 3127 duri
508 3084 533 3127 et
550 3078 598 3128 ieri
616 3078 723 3143 ingenii,
742 3087 772 3130 ut
789 3078 922 3130 conatibus
940 3081 1049 3142 nostris,
1075 3082 1097 3130 si
1114 3097 1166 3130 non
1184 3081 1268 3130 faveat
1289 3086 1319 3130 et

191 3148 337 3213 applaudat,
356 3163 464 3210 aequum
481 3146 570 3196 saltem
588 3151 613 3196 et
630 3148 767 3197 candidum
785 3164 811 3198 se
828 3165 880 3198 non
897 3150 1035 3215 praebeat?
1062 3149 1104 3198 Sic
1123 3150 1210 3214 itaque
1231 3165 1317 3198 emen·

191 3218 238 3266 dor
262 3215 386 3280 „Vosque
411 3230 517 3264 veraces
535 3217 673 3279 cecinisse,
697 3217 815 3279 Parcae,
840 3216 918 3279 Quod
934 3216 1014 3266 semel
1031 3217 1130 3267 dictum
1147 3216 1252 3266 stabilis
1270 3233 1318 3281 per

190 3300 278 3334 aevum
300 3281 439 3332 Terminus
455 3287 555 3344 servet,
579 3284 647 3333 bone
669 3286 724 3333 iam
745 3287 866 3350 peractis
891 3284 997 3348 lungite
1019 3285 1104 3346 saia.“
1139 3284 1248 3334 Dictum
1273 3286 1316 3335 bic

191 3353 242 3401 iam
260 3351 329 3399 vides
347 3365 419 3398 casus
438 3365 491 3399 esse
508 3351 655 3400 accusativi.
683 3353 719 3401 Et
736 3368 796 3402 sane
814 3353 898 3401 estin
917 3352 1050 3402 veterrimo
1067 3357 1154 3402 nostro
1172 3353 1316 3403 Graeviauo

191 3417 355 3468 interlineas
374 3421 480 3478 tantum,
499 3434 551 3467 non
568 3418 596 3466 in
613 3419 671 3483 ipso
690 3436 763 3469 versu
781 3418 902 3480 habetur3
922 3436 1024 3485 prorsus
1043 3424 1125 3470 antem
1144 3422 1215 3471 abest
1231 3422 1316 3470 aSer·

191 3490 242 3550 vio,
260 3483 306 3534 nbi
322 3484 391 3533 hunc
408 3484 492 3534 locum
508 3485 596 3535 laudat
614 3488 646 3537 ad
663 3488 769 3552 Virgilii
784 3488 907 3553 Eclogam
927 3488 972 3550 IV,
990 3491 1031 3539 47.
1066 3490 1144 3540 Recte
1166 3505 1226 3553 ergo
1251 3487 1317 3539 illud

192 3555 325 3605 eiecimus:
344 3552 367 3602 si
385 3557 469 3602 tamen
488 3555 576 3617 quovis
593 3561 670 3620 pacto
686 3555 847 3606 retinendum
865 3572 919 3605 esse
937 3557 1074 3618 existimas,
1093 3562 1154 3617 turn,
1173 3559 1195 3606 si
1214 3573 1253 3606 me
1272 3572 1316 3606 eu·
1336 3568 1339 3573 '

191 3624 239 3685 dis,
258 3624 305 3672 hoc
322 3620 397 3670 ruodo
414 3637 513 3671 versum
531 3622 646 3688 refinges,
666 3622 749 3687 Quod,
768 3623 844 3674 simul
863 3623 962 3673 dicium
981 3630 1027 3686 esi,
1045 3625 1148 3674 stabilis
1164 3641 1214 3690 per
1223 3641 1315 3675 aecum

195 3692 333 3743 Terminus
349 3691 460 3739 sernei.“
495 3689 584 3741 Simul
602 3691 702 3742 dictum
720 3698 771 3754 est,
788 3694 837 3741 boo
856 3692 918 3753 erit,
935 3692 1016 3741 simui
1034 3699 1127 3758 nique,
1151 3698 1183 3742 ut
1197 3695 1315 3758 primum

191 3761 292 3810 dicium
309 3763 360 3808 esi:
379 3757 460 3807 simul
476 3763 559 3808 autem
577 3763 603 3808 et
619 3760 699 3811 semel
715 3760 810 3825 ubique
827 3760 879 3810 iere
897 3759 1049 3810 aLibrariis
1068 3760 1269 3819 confunduntur,
1288 3763 1316 3811 ut

191 3832 286 3879 norunt
310 3827 355 3891 qui
379 3830 463 3875 vetera
486 3827 640 3892 exemplaria
662 3828 779 3878 manibus
803 3832 973 3880 versaverunt.
1009 3828 1084 3878 Prius
1105 3833 1189 3878 tamen
1207 3827 1316 3878 illudet
1357 3874 1361 3881 .

191 3897 285 3945 rectius
303 3897 384 3943 estet
402 3893 552 3958 elegantius.
587 3897 641 3945 Iam
659 3902 742 3946 autem
761 3898 784 3946 si
800 3896 828 3946 iu
846 3897 905 3946 istis
923 3912 974 3962 qne
992 3912 1082 3946 rerum
1101 3901 1126 3946 et
1147 3913 1199 3962 per
1222 3912 1314 3946 uenum

191 3964 283 4013 ductus
299 3963 430 4012 literarum
443 3962 636 4033 'conmmpleris
665 3965 784 4014 fateberis
803 3966 895 4029 opinor
911 3965 1047 4031 proclivem
1074 3964 1154 4014 fuisse
1172 3971 1198 4014 et
1215 3964 1315 4014 facilem

191 4031 357 4097 librariorum⁴
373 4029 477 4093 lapsum.
511 4032 644 4081 Sententia
661 4049 720 4082 vero
738 4032 830 4082 mirum
848 4037 970 4097 quantum
990 4048 1019 4082 ea
1036 4033 1135 4082 ratione
1154 4039 1314 4097 promovetur

192 4104 218 4148 et
235 4098 375 4147 attollitur:
393 4098 474 4147 semel
491 4098 595 4161 dictum,
613 4099 704 4150 stabile
723 4105 835 4150 serretur
850 4117 900 4167 per
918 4116 1024 4160 aecum3
1042 4101 1090 4150 hoc
1109 4106 1159 4161 est,
1178 4100 1207 4149 in
1225 4116 1314 4166 perpe·

192 4169 271 4225 tuum,
290 4165 317 4213 in
336 4170 473 4214 aeternum.
509 4165 620 4231 Elegans
638 4167 759 4232 loquendi
775 4169 871 4236 modus,
890 4175 916 4219 et
932 4168 1037 4233 optimis
1055 4167 1224 4234 scriptoribus
1243 4170 1314 4222 fami·
