2840 4762
539 26 667 49 .-.--·····⁸'¹'

202 195 242 254 14
345 240 347 245 κ
589 205 928 266 decessurum

327 341 401 406 Non
422 338 586 422 tangenda
609 346 697 407 rates
718 341 901 408 transiliunt
921 342 1016 409 vada.

243 438 275 489 25
289 424 408 491 Audax
428 425 535 490 omnia
555 426 691 512 perpeti,

330 512 417 578 Gens
438 511 580 576 humana
601 512 666 576 ruit
686 531 745 597 per
765 511 901 577 vetitum
923 512 1025 578 nefas.

287 595 404 660 Audax
425 595 529 681 Iapeti
551 615 655 677 genus

329 682 442 761 Ignem
464 680 578 746 lraude
599 681 687 745 mala
708 680 860 762 gentibus
881 679 998 746 intulit.

286 765 365 830 Post
385 766 493 847 ignem
516 766 660 831 aetheria
681 765 775 830 domo

244 862 275 913 30
333 850 543 926 subductum,
566 850 686 916 macies
708 856 740 916 et
760 870 845 917 nova
865 849 1000 915 lebrium

287 935 396 1002 Terris
419 935 563 1001 incubuit
584 936 716 1001 cohors:

333 1021 518 1104 Semetique
540 1021 630 1107 prius
653 1020 746 1086 tarda
766 1020 943 1087 necessitas

286 1105 357 1170 Leti
380 1105 532 1191 corripuit
554 1105 700 1187 gradum.

329 1191 492 1276 Expertus
513 1211 651 1257 vacuum
673 1189 838 1255 Daedalus
860 1195 937 1254 adra

245 1286 276 1337 35
290 1276 408 1340 Pennis
431 1295 493 1340 uon
511 1275 632 1342 homini
654 1274 748 1341 datis.

330 1360 479 1446 Perrupit
500 1361 683 1427 Acheronta
704 1358 882 1425 Herculeus
904 1357 1004 1423 labor.
1107 1394 1108 1397 =

285 1444 341 1510 Nil
361 1445 550 1511 mortalibus
572 1446 665 1512 ardui
687 1451 747 1511 est.

332 1529 465 1595 Caelum
487 1531 593 1616 ipsum
616 1531 756 1616 petimus
779 1527 924 1605 stultitia,
946 1546 1052 1610 neque

286 1615 350 1680 Per
370 1622 515 1681 nostrum
538 1616 679 1702 patimur
701 1616 806 1682 scelus

243 1710 276 1762 40
331 1700 492 1765 Iracunda
513 1701 623 1767 Iovem
644 1720 763 1787 ponere
786 1697 929 1764 fulmina.

736 1854 796 1918 IV..

605 1968 670 2032 AD
693 1965 924 2033 SESTIUM.

290 2086 432 2153 Solvitur
453 2086 536 2152 acris
557 2085 662 2152 hiems
684 2090 778 2167 grata
798 2085 868 2150 vioe
889 2083 975 2151 veris
997 2089 1030 2149 et
1050 2084 1190 2151 Favoni:

335 2172 543 2254 Trahuntque
567 2172 669 2237 siccas
692 2169 860 2236 machinae
883 2170 1018 2235 carinas.

287 2256 333 2321 Ac
355 2276 460 2341 neque
481 2258 545 2322 iam
568 2255 703 2322 stabulis
726 2256 847 2337 gaudet
868 2274 977 2355 pecus,
1000 2260 1057 2319 aut
1079 2259 1187 2320 arator
1207 2251 1300 2336 igni3

330 2342 400 2407 Nec
444 2348 516 2407 rate
537 2341 627 2407 canis
649 2339 791 2405 albicant
812 2360 946 2426 prurms.

245 2427 343 2491 olam
366 2365 525 2510 syderea
547 2426 660 2492 choros
683 2426 910 2498 ducit'Venus,
933 2423 1109 2490 inminente
1132 2424 1241 2493 Luna:

330 2512 527 2595 Iunctaeque
548 2512 709 2598 Nymphis
732 2510 863 2578 Gratiae
885 2510 1035 2576 decentes

472 2646 494 2679 v.
513 2631 554 2681 37.
572 2628 649 2694 vulg.
668 2628 799 2680 Arduum.

202 2781 309 2831 diversis
327 2781 402 2831 rebus
420 2786 538 2832 concreta
562 2785 587 2831 et
605 2785 765 2846 congregata.
801 2780 904 2830 Tacitus
928 2781 957 2830 in
974 2780 1059 2845 Agris.
1077 2781 1101 2832 3.
1136 2778 1337 2845 »Οτιαηιᾳααηι

200 2849 292 2900 Nerva
304 2848 401 2900 Caesar
418 2846 461 2898 res
474 2850 537 2899 olim
548 2848 722 2900 dissociabiles
739 2851 884 2911 miscuerit,
902 2849 1091 2913 Principalem
1103 2847 1337 2901 othelmum

201 2916 357 2967 Claudianus
374 2917 402 2965 in
420 2916 523 2979 Rutll,
534 2919 592 2969 238.
627 2917 718 2981 „Quid
735 2919 948 2981 consungreineas
965 2919 1044 2980 acics,
1062 2915 1129 2981 quid
1146 2915 1243 2965 dividis
1260 2918 1339 2969 olim

203 2984 352 3036 Concordes
378 2985 501 3049 aquilus?
534 2984 597 3035 Nun
623 2984 785 3035 dissociabile
812 3000 923 3050 corytus,
958 2983 1185 3048 Coniunctumque
1209 2989 1338 3035 sumus.“

200 3052 354 3103 Prudentius
372 3054 551 3118 Psycom.'163.
583 3052 680 3117 „Orcod
695 3056 821 3118 rapimus,
840 3055 990 3117 coniungat
1006 3067 1098 3102 amor.-
1116 3051 1189 3115 qucd
1205 3053 1337 3117 vivimus,

199 3137 254 3171 rino
275 3121 414 3186 Conspirct
429 3120 526 3170 studio.
562 3120 611 3171 Nil
628 3120 789 3170 dissociabile
806 3120 915 3182 firmum
933 3122 997 3170 est.“
1030 3120 1086 3169 Hac
1105 3118 1158 3168 solu
1183 3118 1268 3183 itaque
1287 3137 1338 3171 ra·

201 3190 271 3239 tione
289 3190 465 3239 dissociabilis
483 3189 536 3238 dici
553 3189 649 3254 poterit
667 3189 796 3250 Oceanus3
820 3189 842 3237 si
862 3187 973 3238 diverses
996 3187 1050 3238 eius
1074 3192 1174 3253 partes,
1198 3186 1275 3236 eliam
1296 3188 1339 3239 ab

200 3258 252 3307 alia
270 3256 381 3306 discindi
399 3261 424 3307 et
442 3255 529 3307 divelli
547 3262 573 3307 et
590 3257 699 3307 distrahi
715 3256 792 3316 velis3
811 3255 879 3320 quod
896 3256 963 3305 nihil
981 3255 1013 3306 ad
1029 3261 1140 3306 mentem
1155 3254 1260 3305 Horatii
1279 3262 1339 3307 est.

269 3327 308 3376 37.
333 3323 383 3374 Nil
398 3325 556 3374 mortalibus
574 3325 691 3375 arduum
709 3326 756 3386 est]
773 3324 864 3374 Ardui
879 3324 995 3373 meliores
1014 3323 1085 3373 codd.
1096 3322 1204 3387 Cruquii
1221 3328 1247 3372 et
1260 3322 1337 3374 elio-

200 3408 264 3454 rum,
283 3397 308 3441 ct
326 3392 362 3441 sic
379 3392 546 3442 vetustissimi
563 3393 614 3443 mei
632 3392 803 3453 Graecinum,
826 3391 973 3453 Leidensis‚
992 3396 1017 3441 et
1035 3407 1065 3441 ex
1082 3390 1165 3455 primo
1182 3406 1257 3439 mauu
1275 3391 1340 3444 Re·

199 3461 315 3524 ginensis
333 3475 390 3509 cum
407 3459 478 3510 aliis:
504 3461 568 3511 adde
585 3461 687 3510 Barthii
703 3460 798 3509 librum
822 3460 934 3525 optimae
956 3463 1045 3519 notae,
1070 3459 1173 3510 Advers.
1183 3456 1286 3520 XXXV,
1307 3463 1337 3513 2.

200 3528 310 3577 Omnino
333 3526 420 3591 itaque
438 3527 585 3592 recipienda
602 3529 664 3578 haec
687 3527 765 3578 lectio
788 3531 839 3589 est,
864 3528 1009 3577 adulterine
1026 3527 1073 3581 illc.
1089 3527 1196 3577 esclusa.
1232 3527 1341 3579 Noster

199 3596 328 3660 Epistll,
340 3598 362 3655 1,
382 3598 422 3648 31.
463 3595 530 3660 „Nil
546 3600 620 3647 intra
638 3601 677 3646 ost
694 3595 761 3659 olea,
778 3594 845 3645 nihil
863 3601 942 3645 extra
960 3598 1114 3645 estinnuce
1132 3594 1216 3647 duri.“
1241 3596 1338 3659 Atque

199 3665 265 3714 hanc
283 3661 375 3727 probet
393 3663 596 3728 elegantissimus
611 3665 669 3715 Nic.
687 3663 811 3713 Heinsius
829 3665 862 3712 ad
879 3663 965 3713 Ovidii
983 3663 1108 3713 Heroides
1116 3662 1189 3723 VIII,
1201 3664 1257 3714 104.

267 3733 300 3782 5..
312 3730 367 3781 lam
388 3730 517 3797 Cytherea
536 3734 630 3783 choros
649 3732 724 3782 ducit
741 3730 842 3796 Venus]
861 3731 930 3781 Note
953 3731 1018 3780 illud
1037 3730 1127 3781 Venus
1147 3730 1226 3795 plane
1243 3730 1339 3784 otiose

199 3799 319 3864 positum.
355 3798 443 3863 Neque
462 3801 528 3850 enim
547 3801 602 3864 ipse
620 3800 697 3861 alibi,
720 3815 766 3848 uec
784 3798 852 3848 ullus
870 3801 1005 3849 Poetarum
1022 3798 1174 3849 Latinorum
1194 3797 1336 3863 Cytherea

200 3867 290 3917 Venas
308 3867 388 3928 uixit,
413 3868 456 3917 sed
480 3868 632 3932 simpliciter
651 3867 789 3934 Cytherea.
808 3865 889 3917 Carm.
906 3867 1010 3929 111‚12.
1050 3864 1132 3931 „Tibi
1156 3867 1250 3931 qualos
1274 3865 1334 3933 Cy-

201 3931 306 3985 thebeae
318 3950 389 4000 puer
407 3936 487 3986 ales.“
512 3934 797 4001 Virgilhemllhfflb.
824 3935 947 3998 „Annuit
955 3940 1035 4000 etque
1045 3935 1114 3985 dolis
1122 3936 1185 3984 risit
1194 3933 1332 4000 Cytherea

199 4004 340 4068 repertis.“
374 4003 415 4052 lte
433 4019 519 4053 omnes
537 4003 645 4068 ubique,
669 4003 777 4053 nisime
795 4004 915 4053 memoris
932 4001 1013 4053 tollit:
1037 4018 1119 4067 neque
1142 4002 1276 4067 quisquam
1294 4020 1333 4056 ex

199 4071 303 4121 Graecis
326 4069 481 4138 Κυθέρειαν
502 4063 682 4138 Ἀφροδίτην,
711 4086 762 4120 non
785 4071 841 4137 ipsc
863 4071 1004 4133 Homerus,
1038 4072 1082 4134 qui
1109 4071 1184 4120 toties
1212 4068 1337 4123 inculcat,

199 4139 300 4202 Φοῖβος
317 4129 471 4200 Ἀπόλλων,
495 4140 563 4205 quod
580 4139 648 4190 solus
666 4144 692 4190 et
709 4138 785 4188 semel
802 4139 917 4189 imitatus
935 4144 974 4190 est
989 4138 1116 4204 Virgilius
1133 4139 1197 4191 Aen.
1206 4139 1256 4201 Ill,
1266 4140 1333 4192 251.
