2840 4762
168 222 210 286 36
477 261 480 268 -
557 237 589 296 q.
611 237 753 285 nondun
773 237 897 286 mucor

252 370 410 452 Regulum
434 376 466 435 et
487 369 635 449 Scauros,
657 371 848 452 animaeque
869 390 1008 454 magnae

252 454 436 537 Prodigum,
458 457 565 522 Poeno
588 462 770 541 superante,
793 456 941 520 Paullum

253 539 371 605 Gratus
393 538 512 621 insigni
535 539 670 605 referam
695 539 845 617 Camena,

209 637 241 688 to
407 625 664 708 Fabriciumqne.

251 711 353 788 Hnnc,
376 715 408 775 et
429 709 574 775 incomtis
597 708 727 774 Curium
751 708 876 794 capillis

252 793 370 860 Utilem
392 794 476 859 bello
499 793 581 871 tulit,
604 800 636 860 et
658 793 828 859 Camillum

253 881 357 945 Saeva
378 885 563 965 paupertas,
586 887 618 945 et
638 877 745 945 avitus
766 884 842 963 apto

405 963 487 1029 Cum
508 965 575 1029 lare
597 964 726 1029 fundus.

371 1081 393 1118 r.
412 1067 453 1117 38.
471 1064 547 1130 Vulg.
566 1064 713 1130 Prodigum
730 1063 851 1127 Paulum,
869 1078 928 1130 sup.
947 1063 1042 1115 Poeno.

167 1182 282 1246 domum,
299 1183 328 1231 in
347 1198 400 1247 qua
420 1180 484 1232 Cata
503 1178 687 1235 dubitaverat&
705 1181 766 1231 dein
785 1181 918 1233 Strabone
942 1182 974 1242 (is
993 1180 1066 1232 Seius
1084 1186 1123 1231 est
1140 1181 1227 1231 Seiani
1246 1197 1293 1248 pa

166 1255 214 1308 ter)
233 1253 261 1299 in
280 1249 461 1300 adulationem
472 1248 593 1300 Caesaris
607 1249 676 1299 enata
693 1251 862 1300 maenianae
880 1251 912 1299 de
927 1249 1226 1315 pervicaciaCatonis,“
1243 1256 1292 1300 etc.

167 1317 244 1368 Vides
262 1317 313 1380 hio,
331 1318 394 1382 quid
411 1317 515 1367 auribus
533 1318 644 1381 Augusti
668 1322 720 1368 turn
746 1317 805 1367 dare
830 1317 941 1367 solerent
952 1317 1047 1369 Aulioi.
1082 1319 1108 1367 Is
1131 1317 1235 1382 quidem
1254 1318 1291 1367 ibi

166 1385 306 1449 composito
323 1385 396 1435 vultu
414 1385 477 1435 satis
493 1385 632 1437 honorilice
656 1386 687 1435 de
704 1384 808 1450 Catone,
844 1385 1013 1450 ,stuirqrtir,“
1039 1386 1084 1449 ait,
1107 1390 1292 1450 „praesentem

160 1459 265 1504 statum
283 1454 400 1503 ciuitatis
417 1456 579 1502 corantutari
594 1469 648 1503 non
667 1454 744 1517 votet,
763 1459 789 1503 et
806 1456 871 1502 ciuis
888 1458 915 1503 et
936 1455 980 1503 nir·
1004 1455 1087 1503 bonna
1105 1455 1170 1503 ert.“
1206 1453 1290 1503 Nimi-

165 1537 222 1572 rum
241 1520 292 1570 iam
309 1525 382 1571 vetus
399 1520 543 1585 imperandi
561 1526 587 1569 et
605 1519 656 1570 sibi
673 1521 721 1571 hoc
739 1519 808 1571 dicto
818 1522 902 1584 ‘eavit
929 1527 956 1571 et
973 1518 1123 1571 Strabonem
1140 1520 1235 1572 leniter
1251 1537 1291 1570 re·

165 1589 242 1655 pulit.
277 1590 311 1638 At
328 1589 351 1638 ai
368 1585 461 1638 Strabo
478 1588 534 1652 ipse
550 1587 591 1638 vel
608 1589 656 1638 hoc
673 1588 713 1639 rel
730 1588 813 1639 simile
831 1588 893 1654 quid
911 1588 1016 1639 Catonis
1039 1588 1132 1639 honori
1156 1588 1226 1638 ultro
1249 1588 1293 1639 de·

166 1656 253 1717 dissat,
271 1656 314 1705 vix
332 1656 406 1706 credo
423 1658 528 1705 tacitam
551 1656 716 1707 offensionem
740 1656 871 1722 frigusque
889 1657 1019 1721 Principis
1042 1657 1181 1721 effugisset.
1218 1652 1291 1706 Cer'te

166 1725 211 1789 qni
228 1723 333 1774 Catonis
351 1723 430 1774 letum
447 1723 516 1792 inter
531 1725 670 1789 praecipua
689 1724 818 1775 Romamne
836 1724 921 1790 gentis
940 1725 1031 1775 decora
1048 1724 1167 1789 celebrat,
1185 1740 1216 1774 eo
1234 1725 1291 1789 ipso

165 1807 192 1842 se
209 1791 320 1856 Augusti
339 1791 496 1841 dominatum
515 1791 604 1856 inique
623 1792 687 1842 serre
705 1798 865 1858 veteremque
881 1792 1064 1858 rempublicam
1082 1808 1215 1857 reposcere
1232 1809 1291 1856 pro·

165 1860 259 1910 fitetur.
296 1857 388 1909 Credat
405 1859 501 1923 tiaque,
520 1861 564 1924 qui
582 1860 656 1921 volet,
675 1861 722 1910 hoc
746 1861 777 1910 ab
794 1861 905 1911 Horatio
923 1861 1076 1925 proiectum:
1100 1861 1166 1910 milri
1189 1861 1291 1925 quidem

166 1925 340 1978 Librariorum
350 1928 398 1977 hoc
417 1927 515 1978 facinus
533 1942 586 1978 esee
602 1929 764 1979 verisimilius
781 1929 889 1990 videtur,
908 1929 952 1993 qni
962 1928 1066 1978 Catonis
1083 1933 1189 1978 mortem
1207 1927 1290 1978 decla·

164 1994 304 2046 aratoribus
321 1995 384 2045 adeo
402 1995 562 2045 decantatum
579 1996 619 2046 vel
636 1995 737 2047 obtorto
754 1997 820 2047 eollo
844 1997 893 2047 huc
911 1998 1044 2062 traxerint,
1067 1996 1148 2046 eiecto
1172 1996 1225 2046 alio
1242 2012 1291 2046 no·

164 2064 240 2125 mine,
264 2063 332 2128 qaod
356 2078 424 2113 nuno
448 2064 653 2129 investigandum
676 2070 721 2116 est.
768 2065 832 2116 Vide
850 2081 917 2125 vero,
942 2081 1027 2114 ennon
1051 2064 1119 2114 hanc
1138 2066 1166 2114 in
1184 2064 1290 2114 modum

166 2138 235 2197 totns
257 2131 300 2182 hie
323 2131 393 2181 locus
415 2132 540 2181 conatum
559 2132 656 2196 possit:
694 2130 853 2195 „Romulum
870 2139 931 2198 poet
947 2131 995 2184 ltoc
1009 2135 1097 2198 prius,
1116 2148 1152 2182 an
1173 2134 1292 2197 quietum

164 2197 283 2263 Pompili
301 2214 416 2264 regnrtm
439 2215 587 2260 artemonem,
613 2216 649 2250 an
666 2201 794 2264 superbos
814 2198 951 2266 Tarquini
970 2200 1065 2264 fascea,
1098 2201 1201 2264 dubito,
1224 2215 1292 2250 anne

164 2266 237 2317 Curti
253 2265 350 2319 Nolite
367 2268 473 2318 tetrtm“
496 2268 625 2318 'Marcum
644 2268 761 2320 Curtium
779 2268 904 2333 intellige,
923 2269 968 2333 qui
986 2283 1072 2318 revera
1095 2268 1293 2318 nodituaimum

165 2336 214 2385 sibi
235 2336 316 2386 tetum
333 2351 380 2401 pro
399 2336 484 2401 patria
501 2336 640 2395 conscivit3
659 2352 716 2386 cum
733 2341 845 2386 armatus
861 2341 888 2385 et
911 2353 976 2401 equo
999 2335 1114 2386 insidens
1137 2335 1165 2385 in
1183 2335 1293 2400 profun-

165 2403 222 2453 dam
239 2404 394 2467 voraginem‚
413 2419 477 2469 qnae
495 2406 577 2454 media
595 2405 650 2453 iuro
668 2406 762 2455 Romae
780 2413 883 2469 repente
901 2410 961 2454 nata
979 2409 1024 2465 est,
1041 2403 1191 2455 insiluisset.
1227 2403 1294 2454 Inde

163 2471 232 2522 lacni
240 2470 329 2521 (lartio
338 2487 429 2521 nomen
439 2471 563 2532 inditum3
577 2477 610 2535 et,
619 2477 649 2521 ut
659 2476 746 2522 narrat
753 2471 808 2522 Val.
821 2472 1014 2535 MaximuslV,6,
1024 2473 1183 2537 2,]quamoia
1188 2486 1295 2536 magna

162 2544 254 2604 postea
273 2538 369 2588 decora
387 2543 416 2589 in
433 2539 494 2599 fora
513 2537 631 2589 Romano
649 2540 792 2603 tuta-erunt,
809 2542 995 2605 principatum
1014 2545 1102 2590 tanuen
1117 2539 1226 2605 gloriae
1243 2540 1292 2589 ob-

165 2609 247 2656 tinuit
271 2605 388 2655 Curtiua.
432 2606 544 2656 Proinde
568 2622 624 2657 cum
643 2607 776 2672 Virgilius,
802 2609 841 2657 nti
865 2608 940 2672 plane
965 2608 1008 2658 hic
1034 2611 1134 2669 noster,
1158 2607 1294 2672 principes

162 2674 191 2723 in
214 2677 290 2737 gente
308 2673 429 2723 Romana
452 2675 519 2723 viros
542 2689 679 2725 memorare
697 2676 786 2738 voluit,
812 2677 880 2725 inter
904 2676 999 2739 primos
1018 2674 1134 2725 Curtium
1157 2676 1295 2736 nominat3

162 2740 190 2791 in
208 2739 296 2792 Oulioe
313 2756 337 2789 u.
356 2742 419 2792 360.
454 2742 522 2805 „Hic
538 2741 626 2805 Fabii,
640 2742 779 2808 elicuitque,
792 2784 794 2789 .
808 2744 852 2793 tric
875 2750 915 2793 ast
937 2749 964 2793 et
980 2744 1094 2794 Horatia
1111 2736 1212 2794 uirtus.-
1239 2743 1295 2795 tric

164 2814 190 2858 et
205 2807 281 2869 sama
299 2813 373 2856 vatus
394 2823 539 2874 numquam
548 2813 682 2862 moritura
701 2811 823 2862 Camilli:
840 2809 943 2861 Curtius
960 2817 987 2861 et
1001 2811 1095 2861 mediis
1113 2826 1190 2877 quem
1207 2827 1298 2876 quan·

165 2876 226 2926 dam
250 2873 355 2925 sedibus
377 2873 453 2927 orto
476 2877 618 2927 Devotum
648 2878 722 2929 bellic
745 2882 891 2929 consumsit
909 2881 1029 2943 gurgitis
1053 2880 1192 2929 bauatar.“
1231 2879 1294 2929 Hac

164 2948 232 2994 certe
248 2942 348 2993 ratione
365 2947 432 2993 recte
450 2945 571 3008 procedet
589 2946 685 2996 oratio:
703 2963 761 2997 cnm
778 2948 846 2997 inter
863 2947 922 2997 illos
940 2948 1045 3012 priores,
1070 2951 1095 2996 et
1114 2947 1158 3011 qui
1175 2963 1233 2996 mox
1250 2963 1293 2996 se·

166 3017 286 3075 quantur,
313 3010 493 3063 mediusaetate
521 3014 556 3063 sit
573 3012 686 3065 (lartius.
721 3016 799 3066 Recte
816 3015 894 3064 etiam
912 3030 988 3066 anne.
1025 3015 1068 3065 Sic
1085 3013 1177 3080 Virgil.
1196 3016 1292 3080 Georg.

164 3081 185 3140 Ι,
203 3081 244 3130 25.
285 3080 411 3141 „urbisne
436 3083 558 3145 inumera,
591 3081 689 3134 Caesar
714 3111 748 3120 -
772 3082 816 3132 Au
834 3082 898 3132 deur
916 3086 1030 3133 inmeriti
1043 3084 1134 3132 ueniae
1149 3085 1233 3133 maris

167 3153 238 3195 Anne
257 3160 355 3196 nouum
374 3147 459 3198 tardis
476 3149 550 3199 uidua
569 3154 594 3199 tc
611 3151 743 3200 mensibus
756 3149 867 3200 addat.“
900 3150 1191 3215 IdemGeorg.II,158.
1227 3149 1294 3212 „Aa

163 3228 245 3275 mane,
264 3215 338 3279 quod
353 3230 446 3281 cupra,
463 3231 613 3280 memorem,
632 3217 755 3282 quodque
772 3217 859 3268 adluit
877 3219 961 3283 infra,
979 3221 1052 3268 Anne
1070 3218 1144 3268 tacut
1163 3221 1293 3271 ἱππίων(

161 3282 404 3333 AusoniusProl'ess.
423 3284 496 3345 VIII,
509 3287 530 3335 1.
545 3283 591 3334 ubi
609 3285 699 3334 horum
708 3286 795 3336 Flacci
812 3286 1155 3352 versunmparodiarnfacit:
1174 3284 1293 3350 „Romu-

163 3350 296 3415 lantpert
313 3352 453 3416 torpatur
480 3366 516 3401 an
536 3350 667 3416 Corinthi,
684 3357 757 3403 Anne
775 3352 909 3418 Sperchei,
924 3357 1082 3420 pariterque
1106 3356 1168 3404 nati
1183 3354 1294 3404 Atticas

162 3432 252 3467 musar
268 3430 410 3467 memorem
426 3389 580 3483 idoneetltci,
601 3418 883 3472 Grammadcorumd‘

230 3486 271 3536 38.
290 3483 437 3548 Prodigum
460 3486 585 3536 Paullum
601 3493 747 3551 superante
763 3491 859 3551 hano]
879 3488 964 3539 Codex
981 3490 1093 3554 optimae
1116 3493 1192 3539 notae
1210 3488 1292 3554 Regi·

162 3553 249 3602 nensis
267 3550 333 3600 clare
351 3555 378 3600 et
393 3552 448 3601 sine
465 3552 521 3603 ulle
536 3553 616 3603 litura
627 3555 709 3605 babet.
746 3556 920 3621 „Prodigum
937 3558 1023 3607 Poeno
1038 3562 1190 3622 superante,
1209 3557 1294 3608 Paul-

158 3621 240 3670 tum⁴‘
302 3618 385 3674 Quam
408 3622 598 3685 composition,
628 3627 658 3671 ut
681 3624 826 3673 suaviorem
854 3631 879 3674 et
902 3623 1108 3691 ποητικωτέραν
1137 3627 1219 3675 secuti
1245 3640 1291 3675 su·

161 3703 224 3738 mus.
267 3685 438 3750 Virgilian.
457 3688 567 3749 ΙΙ,311.
604 3693 677 3751 „iam
704 3690 839 3755 Deiphobi
869 3692 944 3742 dedit
978 3693 1068 3758 ampla
1086 3695 1204 3755 ruinam,
1222 3691 1292 3743 Vot-

163 3771 230 3806 cano
247 3758 399 3820 superante,
417 3752 545 3804 damua“
579 3757 727 3807 Priscianus
746 3758 847 3823 quidem
865 3776 891 3826 p.
912 3761 986 3812 1123.
999 3761 1041 3810 'sic
1058 3760 1147 3809 laudat
1163 3761 1232 3810 huno
1251 3761 1293 3811 lo-

163 3840 228 3886 cum,
266 3820 422 3887 „Regulum
441 3827 467 3871 ct
492 3823 616 3886 Scauros,
649 3828 806 3890 animaeque
829 3842 945 3891 magnae
963 3827 1110 3894 Prodr’gum
1135 3827 1291 3879 Paullum.“

162 3891 213 3941 Sed
223 3905 252 3941 ex
263 3894 373 3970 quatuor
391 3888 519 3940 Prisciani
537 3890 675 3954 codicibus,
694 3909 757 3957 quos
769 3893 830 3943 data
841 3910 919 3960 opera
929 3896 1054 3958 consului,
1074 3900 1125 3946 tres
1139 3912 1197 3958 non,
1209 3911 1292 3960 agno-

162 3964 237 4008 scunt
254 3974 286 4007 το
296 3955 434 4007 mathian:
454 3957 522 4020 quod
539 3958 637 4010 indicio
655 3966 700 4022 est,
718 3976 770 4010 non
788 3961 862 4011 aliter
878 3962 941 4013 olim
957 3964 1000 4014 hic
1018 3964 1113 4015 lectum
1129 3979 1191 4024 esse,
1210 3980 1290 4029 qnam

162 4040 228 4075 nnnc
247 4024 350 4074 exhibet
366 4022 432 4073 libor
449 4024 608 4090 Reginensis.
643 4027 795 4078 Lactantius
813 4034 896 4080 tamen
915 4031 947 4081 ad
965 4030 1090 4082 Thebaid.
1108 4032 1157 4093 III,
1176 4033 1234 4084 603.
1261 4037 1289 4084 et

162 4094 234 4154 VllI,
244 4095 303 4155 406,
322 4092 386 4142 uitat
403 4090 550 4157 Prodigum
567 4094 699 4146 Paullum.

229 4160 271 4211 43.
289 4158 377 4210 Saeua
398 4166 545 4225 pauper-tar
569 4167 598 4212 et
617 4166 705 4213 auitum
729 4168 792 4228 apto
819 4163 883 4215 Cum
909 4166 968 4216 tare
985 4165 1096 4229 tundat]
1132 4168 1174 4216 Ita
1191 4182 1291 4230 omues,
