2842 4758
385 219 570 268 sannorum
591 221 658 268 nm.
673 222 697 269 1.
719 217 744 269 2.
1077 214 1139 280 353

103 354 237 421 xelusus
258 353 338 433 fore,
360 372 432 419 cum
453 354 663 435 Longarenus
685 355 768 422 toret
788 356 885 424 intus.

107 440 158 503 uio
180 440 219 515 si,
241 437 381 504 mutonis
402 439 518 516 verbis,
540 439 627 504 mala
647 445 738 506 tanta
758 440 879 508 videnti

102 524 206 590 iceret
226 525 306 590 haec
327 523 468 590 animus:
499 522 585 603 Quid
606 523 656 589 vis
677 525 756 591 tibi?
778 526 934 610 numquid
955 548 1017 611 ego
1039 551 1060 596 a
1082 538 1115 599 te

102 610 194 690 [agno
216 614 409 695 prognatum
431 608 571 694 deposco
593 611 724 675 consule
746 630 895 689 cunnum,

102 694 291 777 'elatumque
313 694 406 769 stola,
429 712 501 757 mea
523 713 595 758 cum
617 693 797 761 conferbuit
816 695 891 763 irat

104 778 159 843 uid
181 779 411 865 responderet?
440 779 558 859 Magno
579 784 671 863 patre
692 784 769 844 nata
789 781 898 866 puella
920 787 979 847 est.

103 868 114 924 t
136 870 259 945 quanto
281 863 413 929 meliora
434 868 557 940 monet,
579 864 822 947 pugnantiaque
842 866 914 932 istis

103 949 171 1013 ires
193 948 266 1033 opis
288 954 404 1013 natura
426 952 521 1013 suaet
554 957 588 1012 tu
612 948 757 1013 simodo
780 957 864 1015 recte

104 1033 271 1118 ispcnsare
291 1033 382 1111 velis,
405 1052 443 1098 ao
463 1053 527 1097 non
549 1032 704 1114 fugienda
727 1036 872 1119 petendis

102 1117 255 1184 rmiseere.
300 1123 355 1182 tuo
376 1118 469 1195 vitio,
493 1138 641 1184 rerumne
663 1117 801 1195 labores,

101 1202 123 1264 il
147 1204 267 1269 reterre
287 1207 406 1288 putas?
435 1223 550 1285 quare,
572 1222 613 1268 ne
635 1206 797 1287 poeniteat
820 1211 860 1282 te,

102 1287 190 1353 esine
211 1294 376 1353 matronas
398 1288 565 1354 sectarier:
595 1288 679 1352 unde
702 1289 822 1354 laboris

102 1372 146 1437 lus
168 1373 299 1438 haurire
320 1372 398 1438 mali
419 1379 484 1450 est,
507 1391 604 1472 quam
626 1393 665 1437 ex
688 1392 723 1438 re
745 1374 915 1458 decerpere
937 1373 1070 1439 tructus.

102 1476 137 1520 ec
159 1457 266 1540 magis
287 1457 371 1536 huia,
392 1458 476 1524 inter
497 1477 608 1523 niveos
629 1457 805 1541 viridisque
825 1457 955 1544 lapillos

104 1547 117 1605 t
138 1541 222 1619 licet,
246 1546 265 1608 d
289 1542 450 1615 Cerintho.
473 1548 528 1607 tuo
550 1548 693 1608 tenerum
717 1551 767 1608 est
787 1545 900 1620 femur,
923 1547 980 1608 aut
1003 1563 1077 1611 erus

102 1626 215 1692 actius:
245 1633 342 1710 atque
364 1629 460 1692 etiam
482 1627 598 1692 melius
619 1647 776 1712 persaepe
797 1634 928 1709 togatae
949 1634 1009 1693 est.

128 1743 154 1778 t.
174 1729 214 1780 81.
233 1727 311 1793 Vulg.'
329 1727 370 1778 Sit
386 1728 448 1778 licet
466 1728 523 1789 toa,
542 1725 672 1786 Oerinthe,
690 1732 772 1777 taam.
808 1730 849 1779 82.
867 1728 944 1779 Deest
961 1733 1008 1783 eal.

102 1860 159 1895 rus:
188 1846 259 1912 Ergo
278 1846 376 1897 Villius
393 1848 450 1910 iste,
472 1847 624 1910 quicumque
641 1845 726 1901 fuerit.
744 1849 799 1895 erat
815 1846 915 1896 adulter
932 1848 1056 1909 Faustae,
1073 1863 1126 1898 non

102 1952 103 1959 ,
148 1913 247 1965 Villr‘ar
269 1918 298 1965 in
321 1914 422 1965 Fausta
448 1914 541 1979 Syllae
560 1927 659 1977 gotter,
682 1914 811 1978 eleganter
833 1914 944 1975 dictum3
967 1918 998 1964 ut
1021 1915 1125 1965 Tacitus

112 1982 161 2043 111,
179 1984 220 2034 24.
256 1983 305 2047 „12
325 1983 435 2033 Silanae
457 1982 485 2030 in
508 1980 581 2046 nepti
607 1981 724 2046 Augrttti
741 1981 873 2032 adulter.“
909 1982 1078 2038 Quamobrem
1102 1984 1124 2033 ai

105 2047 187 2099 Villii
201 2066 292 2100 nomen
317 2051 502 2111 existimarem,
527 2048 653 2099 Faloirtm
677 2049 778 2113 potius,
801 2054 891 2100 notum
916 2051 1026 2100 Faustae
1052 2050 1125 2100 adul·

116 2117 256 2183 perstringi
278 2117 321 2168 hie
344 2117 482 2168 crederem:
508 2117 539 2167 de
566 2132 615 2181 quo
639 2117 785 2166 Macrobius
812 2118 914 2168 Satura.
939 2119 982 2181 Il,
1006 2119 1031 2169 2.
1051 2119 1078 2180 [ᾗ
1096 2120 1122 2181 9]

102 2190 135 2232 aa
153 2184 246 2251 Syllae
263 2186 349 2247 filius,
374 2201 434 2236 errat
452 2201 522 2235 soror
539 2185 595 2234 eius
612 2184 702 2235 eodem
721 2190 838 2249 tempore
854 2186 921 2235 ditor
937 2187 1060 2236 moechos
1077 2187 1124 2235 lta·

102 2252 215 2303 Fulvium
232 2252 355 2304 Fullonia
371 2254 458 2315 filium
476 2258 502 2303 et
515 2255 666 2317 Pompeiam
682 2250 834 2315 Macalam,·
851 2253 947 2316 Miror,
965 2255 1062 2319 inquit,
1079 2269 1121 2303 so-

112 2336 197 2370 meam
223 2322 320 2371 ltaterc
347 2322 493 2383 macrtlam,
521 2335 580 2370 cam
607 2320 737 2382 sallanem
764 2321 885 2370 labeat.“
927 2320 977 2372 Sed
1003 2337 1121 2386 quorsum

102 2391 146 2446 rat,
164 2393 194 2437 nt
210 2391 347 2439 moechum
364 2389 429 2439 falso
446 2389 548 2438 nomine
567 2388 660 2438 oelaret
677 2389 784 2449 Noster,
808 2403 865 2437 aum
882 2388 1010 2439 Faustam
1027 2405 1073 2439 suo
1097 2395 1124 2440 et

102 2455 238 2506 rodiderit?
263 2458 321 2508 Hoc
338 2457 414 2522 plane
431 2457 547 2521 ineptum
565 2463 609 2505 est.
645 2456 730 2511 Quare
747 2461 792 2506 aut
809 2454 922 2507 Fuluiae
938 2457 981 2507 hie
998 2472 1045 2521 pro
1064 2456 1121 2507 Vil-

102 2525 160 2587 poni
178 2525 288 2590 poterit3
313 2540 370 2575 cum
394 2525 479 2574 demta
494 2524 570 2574 litera
587 2523 686 2574 initiali
703 2524 817 2588 proxime
835 2524 939 2574 accedat
956 2525 988 2574 ad
1006 2525 1121 2590 scriptu-

102 2597 211 2656 ceptam:
230 2598 275 2643 ant
291 2593 398 2643 tortasse
415 2593 499 2658 ipsum
518 2591 629 2642 Villium
647 2591 775 2652 habemus,
795 2592 876 2644 Cicer.
893 2593 977 2657 Epist.
996 2594 1066 2643 Fam.
1084 2595 1120 2657 11,

105 2663 136 2722 c.]
163 2660 308 2724 „Nondum
328 2666 387 2710 erat
404 2659 525 2711 auditam
544 2665 569 2710 te
586 2660 623 2710 ad
639 2661 748 2711 Italiam
766 2660 919 2723 {aduentare
938 2675 998 2710 cam
1008 2661 1119 2712 Secutum

102 2750 115 2790 r,
133 2728 238 2778 Milonis
256 2730 304 2779 mei
322 2729 487 2788 familiarem,
506 2743 565 2777 ram
584 2729 625 2778 dit
643 2729 679 2777 ad
697 2733 723 2778 le
741 2728 826 2777 literis
843 2730 931 2778 mutf‘
965 2730 1034 2779 Nota
1051 2731 1119 2780 enim

102 2812 221 2861 rumara,
240 2797 268 2847 in
284 2797 373 2847 mariti
391 2813 416 2845 se
428 2796 629 2846 familiaritatem
646 2796 789 2856 insinuare,
809 2812 865 2846 oum
883 2796 916 2846 ad
932 2813 1036 2847 uxorem
1052 2797 1119 2848 riam

102 2869 124 2914 ll.
211 2877 212 2880 ’

102 2931 199 2982 .Mala
218 2938 294 2983 lanta
311 2933 433 2995 uideatis]
453 2930 565 2982 Viderttt'
586 2928 682 2979 habent
704 2935 758 2980 tum
783 2935 878 2980 veteres
902 2931 1040 2992 editiones,
1064 2937 1119 2981 tum

107 3000 206 3050 codices
232 3000 265 3050 ad
287 3017 366 3050 unum
390 3015 490 3062 omnes3
516 3003 583 3049 certe
609 2998 702 3062 quibus
727 3013 773 3062 ego
797 3014 856 3048 usus
881 3014 943 3048 sum,
980 3002 1063 3062 Atque
1080 3000 1118 3048 ita

102 3066 129 3116 ia
145 3068 267 3133 postulat,
283 3069 352 3119 Halia
372 3069 451 3119 Villio
469 3068 572 3117 videnti
589 3073 665 3116 latria
682 3067 763 3125 mala,
780 3066 882 3116 seilicet
898 3083 926 3115 re
942 3070 1042 3130 pagetis
1060 3081 1118 3115 eae·

102 3151 155 3186 erro
172 3139 292 3201 petitum,
310 3143 336 3186 et
353 3136 429 3186 domo
448 3136 584 3185 exclusam
603 3151 665 3197 eras,
689 3136 714 3182 si
731 3138 836 3183 uniatur
854 3134 960 3183 diceret.
989 3133 1116 3198 Equidem

101 3203 166 3254 unde
183 3204 247 3253 illud
264 3203 379 3254 videatis
401 3204 429 3253 in
453 3207 491 3252 tot
519 3203 643 3252 editiones
665 3201 760 3251 malum
785 3202 875 3267 pedem
900 3201 1031 3251 intulerit:
1058 3217 1115 3253 cunr

102 3288 111 3320 t
128 3271 249 3322 insulsius
268 3271 434 3322 absurdiusve
450 3272 514 3335 fingi
531 3271 621 3336 possit.

102 3340 169 3389 ‚Sit
185 3340 247 3389 licet
263 3342 327 3403 ltoc,
353 3339 490 3400 Cerintho,
516 3341 599 3400 turam]
626 3338 710 3387 Locus
732 3336 967 3401 implicatissimus,
991 3353 1116 3403 quemque

108 3408 218 3472 aggressi
237 3408 363 3457 enutriri
383 3407 491 3457 eruditi:
516 3405 589 3466 „Neo
611 3408 700 3469 magis
717 3407 780 3455 leuia
798 3408 868 3455 iniat·
891 3407 982 3456 niueos
1005 3407 1116 3457 uirides-

102 3476 171 3524 rt‘llor
188 3475 241 3535 (Sit
259 3476 322 3525 lieet
339 3477 396 3537 ltoc,
418 3474 549 3535 Ceriallre,
569 3477 652 3535 turum)
673 3479 792 3523 terrama
817 3479 855 3522 orl
873 3472 970 3537 femur,
989 3480 1038 3525 atti
1054 3490 1116 3524 creta

109 3562 117 3591 .-
141 3549 219 3607 alque
236 3546 315 3592 etiam
332 3543 427 3592 arelius
443 3557 570 3608 persaepe
588 3543 721 3605 togatae.“
748 3539 804 3592 Nec
823 3542 885 3590 lruio
902 3547 1045 3604 matronae,
1069 3543 1115 3605 ait,

102 3616 219 3660 terraram
235 3609 325 3671 femrtr
343 3616 394 3674 stt,
420 3615 469 3660 aut
486 3625 548 3660 arat
564 3613 672 3661 raetiae.
706 3609 810 3660 Rectius
828 3610 897 3673 quo?
924 3611 1028 3660 omnino
1046 3610 1116 3659 deest

102 3720 103 3729 ,
122 3694 226 3743 quocum
245 3679 402 3744 comparatio
425 3679 477 3728 fiat.
513 3678 612 3728 Deinde
635 3677 699 3727 illud
723 3677 795 3738 vide,
818 3677 881 3740 „Sit
897 3678 959 3727 licet
981 3679 1044 3739 ltoc,
1071 3676 1114 3727 Ce-

113 3749 211 3798 taum.“
246 3746 393 3805 Quodnam,
412 3745 515 3809 amabo,
532 3746 598 3795 illud
617 3747 710 3796 laam?
736 3745 778 3795 hio
802 3760 861 3794 rero
885 3745 914 3794 iu
936 3745 1063 3809 angustiis
1087 3759 1113 3794 se

107 3814 184 3879 probe
201 3815 315 3865 sentiunt
332 3817 494 3879 Interpretes.
530 3814 638 3870 Quidam
661 3813 730 3863 enim
746 3814 784 3862 sio
801 3812 944 3877 explicant,
963 3814 1013 3862 lroc
1030 3818 1112 3874 taum,

104 3899 124 3944 e,
141 3883 226 3933 niueos
243 3883 346 3948 lapillos
364 3887 478 3948 gestare:
504 3882 559 3944 alii,
586 3883 636 3931 lroe
654 3887 729 3931 laam
746 3884 873 3930 matronas
890 3879 993 3944 lapillos
1010 3885 1113 3944 gestau·

103 3954 172 4002 erire.
207 3951 292 4012 Quae,
310 3956 341 4001 ut
357 3952 412 4000 sine
430 3955 494 4000 teste
512 3956 538 4000 et
556 3953 661 4000 auctore
686 3948 807 3998 dicuntur
830 3947 897 4012 (quis
921 3948 987 3998 enim
1012 3948 1043 3998 de
1066 3945 1112 3997 Ge-

102 4019 162 4068 talia
178 4019 300 4083 prodidit)
318 4020 356 4069 ita
374 4035 404 4068 ex
421 4018 505 4068 verbis
522 4017 634 4067 auctoris
651 4016 729 4066 nullis
747 4015 880 4065 tormentis
897 4015 965 4077 elici,
990 4015 1112 4078 nulloque

102 4086 225 4152 bintelligi
242 4092 357 4151 possunt.
393 4087 449 4137 Hoc
473 4091 548 4135 tuum
571 4086 639 4135 enim
663 4101 693 4134 ex
716 4085 741 4135 vi
767 4084 965 4133 constructionis
988 4098 1112 4148 nusquam

102 4154 158 4204 terri
179 4159 276 4221 potest,
303 4171 379 4219 quam
404 4154 436 4204 ad
458 4152 548 4214 famur
571 4160 620 4204 aut
645 4168 716 4207 crta.
760 4152 790 4202 Id
816 4151 886 4216 quod
911 4152 973 4202 satis
998 4151 1112 4203 ostendit

102 4254 154 4296 tius.
167 4254 184 4295 1,
874 4237 906 4288 23
