2840 4752
205 215 266 276 480
581 226 613 284 c.
636 225 778 272 nouam
799 224 922 271 uuaocr

224 376 253 423 aa
268 362 436 427 Mendose:
460 358 610 443 quoniam
632 358 743 423 vacuis
765 358 950 423 conmittere
970 358 1062 424 venis

266 447 322 512 Nil
344 446 406 511 nisi
427 446 498 510 leue
520 443 622 509 decet.
666 442 729 508 leni
751 442 939 528 praecordia
959 444 1063 509 mulso

266 531 428 597 Prolueris
449 530 573 594 melius.
618 528 646 593 si
668 530 749 593 dura
770 527 946 592 morabitur
965 530 1074 608 alvus3

266 616 398 682 Mitulus
419 621 453 682 et
472 613 553 679 viles
575 614 695 699 pellent
715 612 877 677 obstantia
898 614 1046 693 conchae,

267 703 309 766 Ilt
330 700 452 786 lapathi
473 699 579 764 brevis
601 700 715 775 herba;
739 697 796 763 sed
818 698 892 762 albo
914 718 976 761 oon
999 699 1069 764 sine
1090 699 1168 766 (loo.

225 802 254 849 so
269 786 406 852 Lubrica
427 792 596 849 nascentes
617 784 741 869 inplent
761 781 928 867 conchylia
948 783 1053 850 lunae.

268 871 332 937 Sed
354 891 416 935 non
439 890 532 935 omne
552 889 640 935 mare
662 875 712 933 est
734 887 910 949 generosae
931 867 1035 935 fertile
1056 876 1168 936 testae.

265 955 385 1022 Murice
406 956 528 1020 Baiano
550 955 663 1019 melior
683 954 822 1020 Lucrina
844 953 980 1039 peloris:

267 1042 383 1108 Ostrea
404 1039 556 1114 Circaeis,
579 1040 701 1104 Miseno
724 1038 870 1102 oriuntur
891 1037 1009 1121 echini:

267 1125 451 1192 Pectinibus
472 1123 593 1209 patulis
614 1125 712 1188 iactat
733 1143 769 1188 se
791 1125 886 1197 molle
908 1125 1092 1188 Tarentum.

225 1225 255 1275 35
269 1213 336 1276 Nec
359 1210 420 1275 sibi
442 1230 590 1275 cenarum
614 1209 719 1291 quivis
741 1216 860 1275 temere
882 1215 1012 1290 arroget
1032 1218 1143 1287 artem,

267 1299 338 1362 Non
361 1296 450 1380 prius
473 1301 585 1359 exacta
607 1295 695 1359 tenui
717 1295 838 1358 ratione
862 1315 1040 1379 saporum

267 1383 334 1446 Nec
357 1381 436 1446 satis
458 1387 508 1445 est
529 1399 605 1444 cara
625 1379 724 1464 piscis
737 1382 892 1444 'averrere
914 1399 1035 1456 mensa,
1081 1395 1084 1400 ·

267 1468 420 1547 Ignarum
443 1465 560 1547 quibus
584 1465 705 1530 estius
727 1464 844 1549 aptius,
868 1470 900 1527 et
921 1463 1038 1545 quibus
1060 1464 1144 1529 assis

267 1549 456 1631 Languidus
479 1551 511 1614 iu
534 1549 675 1614 cubitum
697 1550 761 1613 iam
785 1569 820 1614 se
842 1549 975 1614 conviva
996 1555 1137 1634 reponet.

151 1681 155 1691 ,
226 1648 256 1697 40
270 1636 398 1712 Umber,
421 1642 453 1701 et
474 1635 575 1717 iligna
596 1634 735 1700 nutritus
757 1633 885 1715 glande,
908 1634 1061 1699 rotundas

592 1786 613 1819 v.
632 1771 673 1821 37.
700 1769 775 1833 Vulg.
794 1771 927 1821 Auertere.

203 1924 307 1988 proluit
325 1924 429 1984 hausta,
450 1921 612 1972 Garamantis
628 1926 738 1986 paterae
754 1925 856 1985 spumis
868 1935 1142 1973 uusroauasaursarso
1157 1923 1334 1984 Per-fundens

205 1993 325 2055 biiugum
343 1992 464 2041 rorantia
484 1996 560 2053 terga
577 1988 726 2048 ferarum.“
751 1988 867 2038 Ceterum
885 1989 1001 2039 Gallinas
1017 2004 1033 2038 a
1050 1991 1139 2054 coquis
1157 1993 1334 2041 suffocatione

205 2060 286 2109 eooldi
310 2060 412 2122 solitas,
438 2058 478 2106 rel
502 2058 566 2106 illud
593 2057 722 2106 Ciceronis
746 2057 858 2107 ostendit
882 2073 930 2122 pro
948 2058 1069 2106 Muraena
1092 2074 1147 2124 cap.
1168 2061 1209 2110 29.
1236 2060 1263 2123 [ξ
1283 2061 1332 2121 61]

204 2126 278 2190 „Nee
295 2132 382 2176 mincis
400 2126 554 2190 delinquere
563 2141 638 2186 eum‚·
656 2129 704 2188 qui
714 2124 808 2187 gallum
817 2126 995 2188 gallinaceum,
1013 2141 1073 2175 cam
1088 2142 1155 2190 opas
1166 2143 1221 2177 noa
1232 2128 1331 2191 sirmi,

206 2210 286 2260 qaam
305 2212 371 2255 erem,
390 2198 437 2260 qai
451 2199 557 2258 patrem
575 2193 761 2244 suffocaverit.“

273 2264 315 2314 37.
349 2262 406 2313 Nec
429 2264 495 2311 satis
520 2267 558 2310 ert
581 2276 646 2310 cara
667 2264 753 2325 pisces
778 2266 898 2309 arrertere
922 2263 1023 2323 rueasa]
1064 2261 1202 2312 Editionos
1229 2269 1329 2312 veteres

204 2331 319 2394 aliaeque
337 2336 396 2380 aute
415 2329 567 2380 Lambinum
585 2344 743 2393 emarcum
762 2336 837 2392 etque
855 2329 893 2377 ita
909 2333 1015 2394 uterque
1033 2329 1196 2380 Scholiastes.
1223 2332 1330 2380 Primus

204 2400 248 2448 ille
265 2415 296 2448 ex
312 2399 445 2449 codicibus
463 2398 516 2447 suis
533 2397 605 2446 dedit
613 2413 765 2457 emanans,
783 2412 857 2460 quem
875 2404 976 2446 secutus
994 2397 1185 2460 estGruquius:
1204 2404 1278 2449 etex
1297 2416 1330 2448 eo

205 2472 316 2531 tempore
335 2483 402 2516 nunc
420 2467 476 2527 hoe,
495 2482 562 2515 nunc
580 2465 645 2515 illud
663 2464 803 2514 editoribus
821 2465 920 2528 placuit
928 2481 975 2529 pro
985 2467 1084 2515 diverso
1098 2466 1231 2516 hominurn
1250 2483 1329 2517 sensu

205 2540 230 2585 et
247 2536 341 2598 palato.
377 2536 403 2584 ln
429 2551 458 2584 eo
482 2549 542 2584 sane
559 2534 654 2583 iactare
672 2549 698 2582 se
715 2537 799 2598 potest
816 2532 894 2582 lectio
911 2533 990 2596 prior,
1008 2534 1075 2597 quod
1093 2535 1244 2585 acutissimo
1263 2538 1328 2585 Gro-

205 2605 280 2652 novio
298 2604 367 2669 patri
385 2620 411 2652 se
428 2602 547 2667 probavit
564 2603 693 2652 Observat.
712 2600 756 2651 lib.
775 2601 818 2649 IV.
838 2616 860 2651 c.
878 2604 900 2651 5.
925 2600 969 2651 ubi
994 2608 1131 2666 „auertere
1151 2619 1218 2652 cara
1234 2620 1329 2653 merrsa

204 2674 308 2736 piscer“
332 2673 370 2720 ait
386 2686 439 2719 esse
466 2670 614 2733 „frarrdare
636 2684 753 2719 mensam
777 2670 894 2719 alicuius
911 2669 1020 2719 delicati
1036 2671 1144 2719 obsonio
1163 2671 1228 2734 illo,
1256 2688 1327 2722 com-

204 2754 305 2802 parare
320 2742 406 2802 pisces
424 2754 501 2787 caros
519 2745 545 2788 et
559 2742 703 2803 pretiosos,
722 2739 817 2801 quibas
836 2737 954 2801 aliquam
972 2740 1125 2802 cepaticum
1143 2752 1265 2788 mensum
1284 2740 1328 2789 de·

206 2806 342 2866 lr·uudes.“
376 2806 445 2855 Haec
470 2804 507 2855 ibi
530 2807 570 2854 vir
593 2807 713 2866 eximium
737 2810 763 2853 et
779 2804 864 2854 eadem
888 2805 939 2853 fere
956 2810 1015 2854 ante
1033 2806 1115 2870 ipsum
1134 2806 1238 2870 quidam
1258 2808 1328 2873 apud

206 2872 372 2937 Lambinum,
400 2876 436 2924 sic
454 2874 530 2923 verba
552 2880 712 2933 enarrantes,
740 2872 845 2935 „Pisces
863 2873 989 2922 diuitibus
1007 2874 1151 2923 destinatos
1167 2879 1328 2940 praeripere

203 2946 293 3008 pretio
317 2943 466 3007 persoluto,
492 2948 517 2991 et
540 2946 580 2992 ita
603 2945 636 2992 ab
659 2957 750 2991 eorum
773 2943 870 2990 mensis
888 2945 1039 2990 aversario
1058 2947 1131 2991 taum
1150 2943 1326 3004 transfers-03⁶

206 3011 283 3059 Recte
302 3011 416 3075 quidem3
435 3016 460 3059 et
477 3027 523 3060 nos
541 3026 641 3074 quoque
659 3011 690 3059 ab
709 3025 738 3058 ea
755 3014 827 3072 parte
845 3014 951 3068 stamus3
971 3009 1084 3058 simodo
1102 3016 1224 3060 avertere
1240 3028 1326 3062 veram

206 3079 249 3127 hic
266 3079 400 3128 lectionem
419 3094 472 3127 esse
490 3078 565 3128 semel
583 3077 748 3127 admittimus.
775 3077 824 3126 Sed
834 3091 894 3140 paee
905 3078 970 3126 tanti
988 3078 1045 3138 viri,
1064 3077 1141 3127 liceat
1157 3078 1232 3129 nobis
1250 3081 1325 3131 alteri

207 3146 247 3194 illi
263 3147 368 3195 lectioni
385 3147 459 3195 fidem
477 3151 502 3194 et
519 3147 696 3195 auctoritatem
720 3145 874 3208 adiungere,
903 3143 977 3205 „Noc
1000 3148 1065 3194 satis
1088 3152 1126 3194 est
1150 3163 1217 3196 cura
1240 3152 1326 3213 pisces

206 3230 352 3262 suasanus
362 3214 484 3263 mensu“:
503 3229 577 3277 quarn
586 3212 726 3277 Oruquiani
736 3213 835 3262 codices
844 3213 1016 3276 suppeditant,
1025 3218 1126 3277 praeter
1133 3230 1213 3263 unum
1223 3232 1324 3276 aarum

207 3284 232 3331 et
249 3281 316 3330 bona
333 3281 408 3330 etiarn
427 3296 485 3344 pars
503 3296 602 3342 eorum,
629 3298 690 3345 quos
709 3281 863 3340 Lambinus,
882 3281 1043 3344 Torrentius,
1061 3282 1232 3343 Pulmannus,
1251 3286 1324 3334 Bers-

206 3363 363 3413 mannusque
382 3348 510 3407 rideruut;
533 3353 558 3398 et
576 3348 684 3412 denique
702 3366 733 3398 ex
750 3350 843 3399 nostris
861 3349 984 3411 meliores,
1002 3349 1143 3405 Leidensis,
1163 3351 1325 3415 Baginensis,

206 3417 427 3476 Zulichemianus‚
452 3422 476 3465 et
499 3416 668 3466 Batteliauus.
702 3418 792 3466 Liceat
815 3418 891 3466 etiam
909 3417 937 3465 in
952 3417 1031 3466 veteri
1048 3416 1156 3467 lectione
1174 3435 1264 3469 novam
1283 3437 1325 3470 ex·

207 3484 370 3550 plicationem
394 3501 514 3550 promere.
550 3485 608 3534 Non
632 3491 662 3533 ut
685 3485 726 3535 hic
750 3500 868 3534 marsum
891 3486 1067 3549 piscatoriam
1091 3487 1118 3534 in
1141 3487 1249 3537 macello
1266 3504 1325 3538 cum

207 3552 334 3604 veteribus
351 3554 473 3617 novisque
491 3551 677 3617 intelligamus3
705 3552 748 3602 sed
766 3568 877 3602 mensam
895 3554 962 3612 eius,
982 3553 1022 3602 eui
1041 3554 1102 3601 haee
1120 3567 1255 3620 praecepta
1273 3564 1324 3605 tra·

207 3622 309 3671 duntur.
345 3623 424 3685 Sunt,
450 3622 550 3686 inquit,
575 3622 619 3685 qui
644 3622 670 3670 in
695 3622 763 3670 cenis
787 3620 938 3686 praebendis
962 3637 988 3669 se
1005 3621 1088 3670 officio
1106 3637 1152 3671 suo
1170 3622 1323 3673 satisfecisse

208 3690 325 3751 credant,
343 3692 366 3740 si
383 3691 501 3755 ingentes
518 3698 616 3739 sumtus
634 3690 660 3737 in
680 3689 750 3738 cibos
767 3688 888 3747 feceriut3
913 3688 998 3751 ignari
1017 3690 1120 3749 interea,
1140 3691 1202 3754 quid
1221 3691 1322 3751 elixum,

207 3759 270 3823 quid
287 3774 370 3809 assum
387 3775 433 3824 pro
451 3759 521 3808 varia
538 3774 656 3821 saporum
670 3759 769 3806 rationo
783 3758 881 3821 gratius
894 3758 1032 3821 meliusque
1046 3758 1093 3806 sit:
1112 3756 1185 3816 ,rl'ec
1202 3764 1268 3808 satis
1286 3766 1323 3809 est

208 3830 374 3892 sarapiscer
392 3842 625 3890 antenoremque,
651 3826 797 3889 Ignarum,
823 3827 918 3889 quibus
941 3832 980 3874 est
996 3828 1038 3874 ius
1055 3829 1157 3890 aptius,
1186 3828 1322 3892 atquibus

208 3899 274 3943 assis
294 3894 451 3959 Leugaidm
475 3898 503 3944 in
528 3896 646 3944 metitum
669 3896 723 3942 iam
746 3910 774 3943 se
798 3895 910 3942 conviva
926 3894 1067 3958 repouei‘:
1093 3894 1142 3943 boc
1160 3900 1212 3956 est,
1236 3894 1321 3960 Neque

208 3961 302 4012 sufficit
319 3964 401 4026 pisces
418 3965 532 4027 impenso
550 3963 634 4026 pretio
651 3966 761 4011 cobortes
777 3962 806 4012 in
823 3977 908 4010 mensa
927 3976 972 4010 sua
989 3960 1113 4022 exhibere,
1135 3964 1180 4025 qui
1199 3979 1245 4027 pro
1263 3964 1321 4013 reli·

208 4030 274 4092 quiis
293 4037 467 4091 acmantum
493 4035 582 4095 utpote
606 4045 670 4094 quos
692 4044 764 4078 neruo
788 4029 950 4080 convivarum
967 4035 1070 4093 tangere
1087 4028 1163 4091 velit,
1189 4038 1321 4096 propterea

208 4098 275 4159 quod
298 4106 385 4162 aptum
408 4099 499 4164 cuique
522 4098 712 4149 condimentum
734 4097 809 4149 desit.
844 4099 926 4162 Opera
949 4098 1034 4163 potius
1058 4097 1141 4147 danda
1164 4103 1217 4161 est,
1243 4105 1272 4148 ut
1294 4104 1320 4148 et

207 4165 289 4227 pisces
307 4166 412 4229 pretiosi
430 4172 572 4230 ponantur,
599 4171 625 4213 et
640 4166 678 4214 ita
695 4167 806 4215 suaviter
823 4165 935 4226 conditi,
959 4169 989 4214 ut
1005 4164 1045 4214 vel
1062 4164 1184 4228 languido
1202 4167 1318 4217 convivae
