2810 4764
234 251 296 315 200
626 265 657 325 q.
679 265 820 314 nonnum
840 265 964 314 nnroor

290 398 401 465 cllum
423 419 481 485 per
502 398 657 466 obstantis
679 399 829 466 iuvenum
851 405 995 467 catervas

316 484 381 551 Ibit
401 483 558 567 insignem
580 490 728 570 repetens
748 485 945 551 Nearchum:

319 570 448 638 Grande
468 576 637 648 certamen,
660 569 718 635 tibi
762 571 860 637 raeda
881 571 974 638 cedat

537 656 648 726 Maior,
670 676 714 721 an
736 655 743 669 '
770 656 790 721 i

317 739 456 819 Interim,
479 739 554 811 dum
577 746 612 806 tu
634 740 747 806 celeris
769 739 905 823 sagittas

276 838 305 888 ro
318 824 451 903 Promis,
473 826 553 892 haec
574 825 679 892 dentis
701 825 787 891 acuit
807 823 975 906 timendos,

316 909 444 977 Arbiter
464 930 594 998 pugnae
615 911 763 997 posuisse
784 910 870 977 nudo

535 997 603 1063 Sub
625 996 707 1081 pede
728 995 867 1081 palmam

315 1078 439 1159 Fertur,
462 1085 494 1148 et
515 1081 578 1148 leni
600 1100 743 1146 recreare
764 1086 859 1146 vento

316 1163 470 1249 Sparsum
493 1165 634 1231 odoratis
655 1165 823 1232 humerum
845 1163 985 1250 capillis:

274 1262 303 1311 15
318 1249 430 1329 Qualis
452 1257 509 1316 aut
529 1251 646 1318 Nireus
667 1251 739 1328 tuit,
761 1257 818 1316 aut
839 1268 963 1333 aquosa

534 1338 658 1423 Raptus
679 1336 720 1400 ab
741 1336 810 1403 Ida.

740 1507 830 1572 XXI.

575 1623 645 1689 AD
678 1621 996 1691 AMPHORAM.

315 1756 342 1824 0
363 1762 440 1822 natu
460 1776 584 1826 mecum
606 1759 736 1826 consule
757 1759 885 1837 Manlio,

314 1841 378 1907 Seu
400 1847 435 1908 tu
457 1844 614 1924 querelas,
637 1844 705 1911 sive
730 1844 816 1927 geris
837 1845 934 1921 iocos,

356 1925 420 1992 Seu
442 1927 543 1993 rixam
566 1935 598 1994 et
619 1929 749 1997 insanos
771 1949 905 2008 amores,

432 2012 497 2079 Seu
519 2013 654 2098 facilem,
677 2014 732 2100 pia
753 2020 845 2091 testa,
868 2032 1029 2081 somnum:

285 2096 512 2180 tQuocunque
534 2099 650 2164 lectum
672 2099 799 2166 nomine
820 2099 992 2165 Massicum

313 2181 440 2260 Servos,
463 2183 581 2249 moveri
602 2183 701 2267 digna
722 2186 804 2250 bono
828 2184 894 2263 die3
987 2190 990 2197 '

354 2268 531 2348 Descende,
555 2268 692 2335 Corvino
714 2270 843 2336 iubente

430 2353 578 2420 Promere
600 2355 801 2438 languidiora
822 2354 906 2421 vina.

228 2502 360 2554 transtulit
378 2504 483 2556 Ouidius
500 2506 571 2560 Fast.
589 2508 631 2572 11,
649 2508 706 2560 309.
741 2507 820 2571 „leat
843 2507 955 2557 odoratis
972 2506 1090 2557 humeros
1112 2502 1225 2570 perfusa
1243 2506 1347 2572 capillis
1401 2512 1402 2563 ξ

227 2568 355 2634 Maeonia,
375 2578 472 2624 curato
491 2575 679 2639 conspicienda
696 2578 784 2626 rinu.“

295 2641 318 2689 5.
339 2638 510 2705 Quocumque
528 2641 623 2693 lectum
641 2646 748 2694 nomiae
764 2642 918 2705 Massicum]
947 2642 998 2693 Vin
1013 2640 1080 2692 alins
1097 2647 1136 2691 est
1152 2641 1231 2703 locus,
1250 2641 1278 2693 in
1297 2659 1346 2708 quo

226 2704 355 2757 infelicius
373 2723 399 2757 se
416 2710 541 2773 gesserint
558 2711 728 2776 interpretes:
747 2710 922 2777 expendamus
939 2710 1013 2771 modo
1031 2710 1183 2760 sententium
1206 2711 1346 2776 integram:

227 2771 267 2832 „0
283 2778 350 2824 ncta
367 2789 468 2826 macrum
487 2775 599 2828 Consule
616 2777 751 2828 Manlio“r
768 2779 813 2829 ubi
830 2779 932 2829 disertis
950 2777 1032 2829 uerbis
1049 2783 1137 2828 narrat
1153 2778 1254 2840 vinum,
1278 2778 1346 2843 quod

225 2840 279 2890 iam
294 2846 401 2906 poturus
418 2847 487 2905 erat,
505 2860 618 2908 pressum
636 2851 662 2895 et
678 2846 798 2897 diffusum
816 2862 877 2909 esse,
895 2846 1004 2897 Consule
1019 2846 1119 2896 Manlio
1133 2846 1277 2911 Torquato,
1296 2862 1347 2911 quo

227 2924 294 2958 anno
311 2913 337 2958 et
355 2910 410 2975 ipse
427 2915 503 2962 natus
520 2917 566 2963 est
596 2914 626 2963 Id
644 2914 758 2964 enimin
775 2931 843 2965 more
862 2921 923 2976 erat,
941 2920 971 2965 nt
988 2915 1052 2965 leste
1069 2918 1095 2967 et
1112 2913 1178 2965 bono
1196 2914 1238 2966 die
1255 2915 1346 2966 cadum

226 2977 280 3027 uini
304 2983 416 3028 emerent
438 2979 602 3045 biberentque
627 2982 739 3035 eiusdem
757 2998 811 3048 ,qua
835 2983 887 3048 ipsi
904 2983 1009 3043 aetatis3
1037 2987 1067 3033 ut
1084 2987 1110 3032 et
1125 2982 1209 3048 Epod.
1227 2981 1304 3044 XllI,
1322 2985 1344 3035 6.

226 3042 286 3109 „Tu
309 3048 373 3096 cina
401 3044 534 3112 Torquato
558 3062 633 3100 moue
658 3049 770 3101 Consule
799 3066 891 3116 pressa
914 3053 999 3104 meo.“
1034 3051 1155 3116 Sequitur
1178 3052 1220 3101 hic
1244 3051 1346 3113 deinde,

225 3112 296 3176 „Seu
315 3119 345 3164 tu
362 3116 498 3179 querelae,
521 3119 576 3167 utve
591 3119 665 3182 gertr
683 3121 768 3180 iocos,
794 3120 847 3170 Seu
865 3122 957 3170 riuum
975 3124 1001 3170 et
1017 3121 1126 3169 insanos
1150 3134 1267 3183 amores,
1292 3118 1344 3170 Seu

225 3180 341 3245 facilem,
358 3185 406 3248 pla
424 3189 498 3249 testa,
515 3188 668 3236 soranum“:
693 3203 757 3251 quae
774 3187 860 3237 omnia
877 3188 954 3252 plana
972 3193 1038 3249 sunt,
1056 3187 1108 3236 nisi
1125 3187 1193 3251 quod
1211 3187 1344 3252 epitheton

224 3248 288 3298 illud
312 3265 363 3300 non
380 3251 492 3315 placeat,
516 3254 563 3317 pia
589 3258 662 3305 testu.
698 3254 827 3311 Quomodo
851 3256 918 3305 enim
939 3258 1002 3321 pia,
1025 3255 1048 3306 si
1071 3256 1193 3321 querulus
1214 3254 1281 3306 forte
1307 3254 1344 3304 vel

225 3319 315 3366 rituum
332 3319 456 3382 gesserit?
490 3319 546 3370 Hoc
565 3325 648 3372 temen
666 3323 794 3387 patienter
816 3323 972 3374 admiserunt
993 3323 1070 3375 nimis
1088 3323 1162 3388 aequi
1179 3325 1344 3388 Interpretes.

225 3383 264 3432 'lu
281 3399 339 3434 vero
357 3385 433 3436 verba
450 3387 545 3453 accipe,
564 3391 636 3454 quasi
654 3391 690 3440 sio
709 3391 957 3457 interpungerentur,
976 3391 1048 3456 „Sea
1060 3390 1168 3452 facilem
1185 3393 1241 3456 pia,
1257 3388 1344 3452 Terta,

224 3455 371 3502 somnum.“
404 3454 455 3505 Pia
472 3455 538 3505 enim
557 3472 608 3507 non
626 3457 743 3508 omnibus
767 3460 820 3510 illis
843 3460 1034 3511 conditionibus
1059 3475 1187 3523 exaequo
1205 3460 1345 3511 commuui-

224 3518 332 3569 candum
350 3525 396 3582 est,
414 3522 457 3572 sed
475 3523 507 3573 ad
524 3523 639 3575 ultimam
657 3526 727 3576 illam
744 3527 954 3592 restringendum.
989 3529 1041 3580 Pia
1059 3527 1173 3592 quidem,
1192 3526 1214 3577 si
1232 3527 1342 3588 facilem

223 3601 344 3638 somnum
367 3588 496 3651 attuleris3
524 3592 564 3641 sin
588 3594 711 3657 querelae
735 3601 782 3645 aret
805 3598 897 3659 meur,
923 3599 1007 3662 impia
1025 3595 1119 3661 potius.
1154 3595 1209 3645 Iam
1227 3596 1345 3660 sequitur

223 3669 313 3720 porro;
332 3656 520 3724 „Quocumque
538 3660 632 3711 lectum
649 3665 757 3712 nominc
774 3662 916 3715 Marsicum
929 3664 1033 3727 Servat,
1051 3665 1153 3715 moueri
1169 3663 1254 3727 digna
1273 3663 1341 3713 tono

166 3745 167 3748 ¹
223 3724 297 3773 die“:
316 3725 363 3775 hoo
382 3729 428 3786 eet,
445 3733 476 3776 ut
492 3743 560 3778 nuno
578 3728 675 3779 dieram
693 3731 843 3796 explicatur,
861 3734 1048 3798 cuiuscumque
1065 3730 1186 3785 Contulit
1202 3746 1298 3781 nomen
1318 3736 1343 3782 et

224 3807 324 3842 annum
341 3791 422 3852 ferus.
458 3792 526 3849 Quid
543 3797 642 3861 audio?
668 3814 752 3849 nonne
776 3800 827 3850 iarn
851 3799 961 3861 dixerat,
989 3801 1091 3852 Ornata
1109 3814 1210 3850 mecum
1229 3798 1344 3850 Consule

223 3858 344 3910 Manlio?
367 3862 491 3925 quomodo
509 3878 569 3928 ergo
592 3881 673 3925 nunc,
698 3865 868 3932 Quocumque
887 3859 999 3919 Consule
1020 3868 1105 3919 nuta?
1128 3882 1191 3931 quae
1215 3867 1277 3918 haec
1300 3868 1341 3918 in·

223 3928 367 3979 constantia
390 3933 441 3991 est,
465 3934 491 3980 et
508 3930 596 3996 inepta
612 3932 759 3984 vacillatio?
794 3937 841 4000 st,
865 3935 995 4002 inquiunt,
1013 3936 1139 4000 corrigere
1157 3934 1340 4000 quodammodo

223 4010 330 4047 errorem
354 3996 469 4049 uidetur:
494 4002 586 4049 temere
609 4002 676 4050 enim
702 4002 826 4054 affirmare
843 4005 912 4055 visus
936 4008 988 4065 est,
1012 4004 1110 4056 Manlio
1127 4002 1236 4053 Consule
1253 4008 1341 4054 natam

221 4062 306 4114 fuisse.
330 4064 434 4115 Utinam
447 4082 505 4117 vero
522 4067 574 4133 ipsi
592 4084 649 4119 sues
666 4069 793 4120 chartulas
811 4073 935 4138 corrigere
948 4072 1049 4138 vellent,
1066 4087 1147 4137 neque
1165 4076 1215 4121 tem
1233 4071 1341 4136 frigidas

221 4132 393 4185 excusationes
402 4133 512 4184 Horatio
529 4136 692 4188 commodare.
716 4136 788 4189 Certe
804 4156 856 4190 non
874 4142 1025 4206 placuerunt
1036 4138 1338 4193 celeberrimoDacierio:

223 4198 266 4248 sed
283 4203 380 4266 etipse
398 4217 446 4252 suo
470 4203 585 4254 acumine
602 4205 689 4255 ludum
707 4206 835 4272 risumque
852 4208 971 4275 praebet,
996 4224 1052 4260 oum
1070 4209 1141 4275 prius
1159 4208 1190 4258 de
1208 4210 1338 4275 emptore
