2840 4752
227 272 292 335 450
607 284 639 345 o.
661 283 806 332 nonnum
822 257 948 331 runem

292 418 451 499 Quorsum
474 418 626 505 pertinuit
647 418 768 505 stipare
789 418 925 484 Platona
944 415 1128 495 Menandro,

290 504 428 589 Eupolin
449 502 659 569 Archilocho?
685 501 817 569 comites
839 502 975 567 educere
996 500 1125 567 tantos?

289 588 446 656 Invidiam
468 590 595 675 placare
616 608 724 674 paras,
744 587 862 653 virtute
882 586 1015 653 relicta?

291 672 511 753 Contemnere,
532 672 639 742 miser.
681 674 813 739 vitanda
835 679 885 739 est
904 671 1040 757 inproba
1061 670 1154 739 Siren

248 773 277 823 rs
290 759 439 836 Desidia3
462 765 519 825 aut
539 758 691 841 quicquid
711 759 779 823 rita
799 756 930 823 meliore
951 755 1074 843 parasti

291 844 476 911 Ponendum
499 863 603 926 aequo
624 843 739 908 animo.
783 844 827 907 Dr
849 849 890 919 te,
911 841 1045 908 Damasi
1069 861 1120 926 pe,
1140 843 1298 927 Deaeque

290 930 409 995 Verum
432 929 473 994 ob
494 929 661 994 consilium
682 929 802 993 donent
822 932 958 993 tonsore.
1003 863 1067 992 sedJ
1083 926 1167 993 unde

290 1016 372 1079 Tam
394 1014 475 1079 bene
496 1033 548 1078 me
568 1013 675 1079 nosti?
699 1015 874 1095 Postquam
896 1010 1000 1077 omnis
1020 1030 1072 1076 res
1093 1031 1167 1078 mea
1185 1013 1305 1078 Ianum

290 1100 342 1165 Ad
363 1098 504 1165 medium
526 1097 629 1163 inacta
650 1104 717 1177 est;
740 1097 846 1163 aliena
867 1096 997 1179 negotia
1017 1115 1103 1173 curo,

247 1196 279 1248 no
293 1185 458 1250 Excussus
480 1182 628 1269 propriis.
672 1182 746 1247 olim
768 1203 843 1248 nam
866 1201 1019 1265 quaerere
1042 1181 1199 1261 amabam,

291 1268 362 1348 Quo
383 1269 473 1335 vafer
493 1269 548 1334 ille
570 1268 670 1355 pedes
692 1266 825 1335 lavisset
846 1267 1006 1353 Sisyphus
1027 1286 1118 1345 aere;
1263 1276 1268 1285 ’

292 1352 377 1433 Quid
399 1353 557 1439 sculptum
578 1353 716 1430 infabre,
737 1352 814 1436 quid
837 1353 944 1419 iusum
965 1351 1078 1418 dumus
1099 1357 1201 1418 esset:

291 1438 439 1504 Callidus
457 1437 532 1503 huic
553 1438 645 1520 signo
691 1439 826 1504 cnebam
846 1437 948 1503 millia
969 1443 1110 1502 centum:

290 1522 406 1588 Hortos
429 1523 642 1606 egregiasque
664 1460 775 1588 domos
796 1522 966 1587 mercarier
988 1542 1071 1587 unus

247 1607 376 1673 tellum
397 1608 484 1673 lucro
505 1628 633 1672 noram:
656 1608 740 1673 unde
762 1606 941 1691 frequentia
961 1606 1148 1672 Mercuriale

289 1693 463 1778 Inposuere
484 1693 562 1757 mihi
584 1712 759 1776 cognomen
781 1693 927 1841 compita
970 1692 1069 1771 Novi3

287 1778 331 1843 nt
352 1778 449 1843 miror
468 1778 571 1843 morbi
592 1783 765 1865 purgatum
787 1783 819 1843 te
840 1778 935 1843 ilius.
980 1777 1079 1859 Atqui

292 1864 419 1930 Emovit
439 1868 578 1929 veterem
600 1863 679 1930 mire
700 1883 818 1941 novus;
841 1868 877 1926 ut
898 1862 988 1938 solet,
1010 1861 1043 1925 in
1066 1880 1120 1926 cor

415 2032 440 2067 v.
460 2017 499 2067 12.
517 2014 593 2080 Vulg.
611 2014 809 2066 Archilochum.
845 2016 886 2066 27.
906 2013 943 2064 Et
958 2013 1045 2064 morbi
1061 2015 1154 2063 miror.

227 2183 293 2234 lacto
311 2184 411 2234 scilicet
427 2183 614 2236 lucubratorio:
641 2187 671 2234 nt
688 2184 766 2234 Serm,
784 2184 814 2247 Ι,
837 2185 862 2235 4.
884 2198 907 2232 r.
928 2185 984 2234 133.
1019 2197 1121 2247 „neque
1138 2185 1209 2232 enim
1227 2198 1291 2233 cum
1308 2182 1345 2233 le·

226 2252 311 2302 otulus
330 2257 378 2302 out
393 2267 434 2302 mc
451 2253 577 2303 Porticus
594 2254 706 2317 acepit,
725 2251 816 2302 desum
832 2252 924 2301 φηίΙιιζκ
950 2251 1045 2301 Seneca
1061 2250 1146 2316 Epist.
1154 2248 1265 2300 LXXII.
1281 2251 1308 2318 [ς
1317 2252 1344 2313 2]

162 2380 165 2386 ¹
225 2318 383 2385 „Quaedam
398 2326 475 2383 runt,
502 2336 570 2386 quac
589 2323 677 2386 porris
700 2325 726 2370 at
747 2323 776 2370 in
801 2322 865 2369 cisio
882 2320 1012 2371 scrihere:
1035 2319 1165 2383 quaedam
1182 2317 1294 2381 lectum,
1319 2324 1347 2369 et

227 2392 320 2450 otium,
338 2393 364 2438 ct
380 2394 512 2439 secretum
530 2388 709 2439 deciderant.“
736 2386 851 2437 Catullus
860 2384 970 2438 XXXII.
989 2384 1087 2449 [XXIX
1102 2385 1143 2436 rel
1160 2384 1246 2436 XXXI
1264 2403 1288 2436 r.
1302 2389 1344 2449 1⁰}

225 2455 266 2521 „0
284 2456 352 2521 quid
369 2458 452 2507 beotia
469 2462 508 2506 eat
523 2456 637 2506 rolucus
655 2457 744 2507 curis?
763 2454 827 2506 Cum
843 2471 917 2505 mene
934 2470 1005 2504 onus·
1017 2457 1139 2520 reponit,·
1156 2457 1345 2520 ceperogrino

224 2522 332 2642 {robore
357 2524 423 2585 ferai
447 2527 566 2574 uenimus
591 2524 670 2574 larem
695 2523 732 2573 cd
757 2529 891 2585 nostrum,
917 2522 1127 2587 Desideratoquc
1149 2525 1346 2588 acquiescimus

235 2593 318 2642 ecto.“

296 2660 336 2710 12.
372 2658 505 2723 Eupolis,
531 2659 735 2722 Archilochum,
762 2661 877 2721 comiter]
912 2658 1026 2708 Venusto
1047 2656 1124 2707 lectio
1147 2661 1187 2707 est
1208 2657 1239 2707 in
1256 2657 1347 2707 codice

225 2725 378 2791 Reginensi,
405 2727 453 2776 etsi
476 2742 491 2775 a
513 2743 590 2776 manu
613 2727 736 2776 secunda:
771 2724 921 2790 „Quorsum
946 2728 1078 2791 pertinuit
1101 2728 1204 2790 stipare
1228 2725 1346 2776 Platona

224 2793 382 2854 Menandro,
399 2793 517 2858 Eupolin
534 2794 762 2845 Archilocho?
786 2797 892 2845 comitae
909 2794 1020 2844 educere
1038 2796 1159 2844 tunicel“
1179 2791 1252 2845 Certe
1269 2793 1347 2843 iratis
1405 2820 1406 2827 ,

224 2861 305 2912 Musis
323 2865 399 2911 natus
417 2861 451 2911 sit
468 2866 582 2926 oportet,
608 2863 653 2927 qui
677 2862 780 2927 vulgata
798 2863 977 2927 elegantiorem
993 2862 1058 2911 hanc
1076 2877 1129 2912 esse
1146 2876 1198 2910 non
1216 2862 1345 2927 persenti·

225 2934 289 2981 scat.
326 2927 424 2980 Tantos
447 2935 546 2995 autem,
573 2935 628 2982 tom
649 2931 783 2995 grandes,
809 2934 848 2980 tot
870 2946 900 2980 cc
917 2929 997 2980 tantis
1014 2927 1200 2979 voluminibus:
1229 2934 1257 2978 ut
1274 2934 1346 2979 recte

225 3000 325 3059 Acron3
346 2996 452 3062 Tunica,
471 2998 508 3048 od
525 2998 627 3048 codices
643 2999 744 3050 retulit.
774 2999 823 3049 Sed
840 2998 955 3048 fortassis
973 2998 1050 3047 altius
1068 2997 1110 3048 hic
1127 2997 1246 3047 mendum
1263 2996 1344 3048 latet:

224 3071 296 3117 retus
314 3067 381 3116 enim
390 3067 472 3116 Persii
484 3066 638 3116 Scholiastes
655 3066 688 3116 ad
697 3064 749 3118 Sat.
759 3067 807 3116 III.
827 3068 909 3129 [mil]
928 3066 1055 3116 siclorum
1065 3066 1133 3116 hunc
1144 3065 1250 3131 profert,
1270 3064 1344 3127 Quia

225 3140 254 3185 tu
271 3134 400 3184 invidiam
417 3134 527 3198 placare
543 3151 640 3199 purus:
659 3150 735 3198 quam
752 3134 856 3184 eandem
873 3135 1025 3200 scripturam
1043 3134 1130 3184 inveni
1148 3133 1225 3183 etiam
1242 3132 1270 3183 in
1290 3132 1346 3183 alio

224 3202 332 3267 quodam
350 3201 432 3251 Persii
449 3206 593 3252 enarratoro
611 3203 694 3265 MSto,
713 3204 757 3266 qni
774 3203 881 3252 habetur
898 3203 925 3251 in
935 3201 1095 3253 Bibliotheca
1102 3201 1192 3266 Regia.
1219 3199 1295 3252 Unde
1314 3215 1346 3252 cx

188 3300 198 3316 κ
224 3269 365 3320 doctissimi
374 3270 504 3332 Rutgersii
515 3272 549 3334 [p.
556 3272 606 3321 429
616 3271 654 3320 ed.
667 3271 776 3322 Traiect.
785 3273 859 3333 1699]
868 3271 1015 3320 coniectura
1023 3275 1092 3320 totus
1101 3270 1143 3319 hic
1152 3269 1224 3318 locus
1233 3270 1270 3319 sic
1280 3283 1343 3318 con·

225 3336 325 3388 cinnari
341 3337 449 3402 poterit:
468 3336 627 3400 „Quonam
643 3341 775 3403 pertinuit
788 3343 890 3404 stipare
906 3338 1019 3390 Platona
1029 3337 1196 3388 Menandro?
1213 3336 1343 3402 nuperus,
1405 3356 1406 3399 i

224 3405 422 3469 Archilochum,
441 3408 548 3455 comitor
565 3405 695 3456 educere?
712 3407 806 3470 quid,
824 3406 1001 3456 tulnur'dium
1009 3406 1222 3472 placarepurar,
1241 3407 1343 3454 uirtute
1405 3444 1406 3447 ,

176 3492 180 3497 ·
224 3473 340 3524 relicta?
360 3470 539 3536 Contemnere,
556 3475 662 3524 mirer.“
689 3479 719 3524 ut
737 3475 801 3524 illud
818 3474 932 3525 Terentii
947 3475 1016 3526 Eun.
1028 3475 1063 3534 Il,
1081 3476 1104 3525 2.
1125 3476 1157 3537 [r.
1177 3475 1219 3535 14]
1246 3472 1342 3536 „Quid
1405 3514 1406 3527 t

224 3545 254 3592 tu
272 3541 313 3590 hia
330 3541 408 3591 rebus
426 3540 512 3591 credes
529 3541 608 3602 fieri?
634 3547 689 3591 tota
707 3558 783 3592 erras
800 3546 870 3594 uia.“
905 3542 971 3592 Sane
995 3546 1054 3608 apte
1078 3542 1140 3591 satis
1163 3541 1211 3590 hoc
1229 3545 1257 3590 et
1273 3556 1342 3590 com·

222 3609 296 3661 mode
308 3608 384 3670 exire,
403 3624 476 3659 nomo
487 3613 572 3675 potest
584 3608 708 3659 inficiari:
727 3612 842 3661 contenti
859 3616 943 3661 tamen
962 3611 1054 3660 erimus
1070 3609 1179 3660 lectione
1192 3608 1247 3672 illa,
1265 3623 1341 3674 quam

222 3678 298 3729 hodie
316 3676 483 3742 suppeditant
500 3676 585 3726 Flacci
603 3677 765 3741 exemplaria.
800 3678 916 3728 Ceterum
942 3694 1016 3742 quam
1040 3677 1151 3728 secundo
1173 3676 1230 3727 loco
1255 3677 1341 3726 conie-

225 3744 441 3811 cturamprotulit
458 3745 525 3796 idem
535 3744 686 3809 Rutgersins
704 3749 738 3811 [p.
748 3748 818 3809 4301,
836 3746 997 3807 Quinct03
1015 3752 1045 3795 ut
1053 3745 1188 3796 Horatium
1207 3744 1250 3794 hic
1268 3759 1341 3811 prae·

225 3814 328 3864 nomine
346 3813 481 3879 compellet
497 3813 630 3863 blandiens
647 3814 831 3879 Damasippus;
849 3830 911 3876 eam,
929 3815 978 3866 etsi
994 3814 1091 3865 auctori
1108 3813 1215 3864 mirifice
1232 3813 1340 3878 placuit,

224 3881 305 3933 multo
323 3881 472 3932 deteriorem
490 3897 542 3932 esse
559 3881 655 3934 iudico.

147 4006 153 4021 ,
292 3951 335 4003 27.
368 3948 406 3999 lit
421 3951 509 4000 morbi
523 3951 609 4000 miror
622 3954 771 4015 purgatum
790 3954 814 3999 te
831 3949 917 4016 illius]
952 3950 1034 4000 Miror
1051 3949 1180 4013 equidem,
1207 3948 1275 3998 unde
1291 3948 1340 3998 boc
1405 3982 1406 3987 =

223 4016 292 4067 molo
309 4016 372 4081 pede
389 4031 416 4066 se
433 4018 461 4066 in
478 4032 565 4067 omnes
581 4020 710 4083 superiore
736 4017 836 4069 saeculo
860 4018 985 4068 editiones
1008 4016 1133 4068 intulerit.
1168 4015 1255 4066 Alium
1272 4016 1340 4067 enim

223 4085 356 4135 uerborum
374 4085 490 4135 ordinem
507 4090 616 4149 servant,
635 4089 661 4135 et
677 4085 820 4149 antiquitus
838 4086 923 4136 excusi
945 4084 1020 4147 libri,
1038 4090 1064 4135 et
1081 4084 1172 4150 scripti
1189 4083 1265 4135 credo
1281 4084 1339 4133 uni·
1405 4138 1406 4143 ,

223 4152 297 4212 versi,
316 4151 398 4201 nostri
415 4157 482 4202 certe
492 4152 712 4215 adunnmomnes,
728 4152 783 4216 „nt
798 4153 900 4203 miror
916 4153 1023 4204 morbi
1038 4158 1187 4219 purgatum
1205 4156 1230 4203 te
1240 4150 1340 4202 illium

225 4216 299 4272 Quod
317 4222 343 4266 et
360 4217 417 4267 soni
435 4219 567 4280 suavitate,
585 4225 611 4269 et
627 4220 819 4284 compositionis
836 4221 1008 4286 simplicitate,
1027 4221 1107 4272 altero
1124 4223 1245 4286 pnesiat.
