2810 4764
454 266 635 315 caumana
655 268 722 315 LIB.
744 268 794 315 111.
817 263 855 315 27.

132 413 166 463 α’)
182 401 218 468 Si
241 400 313 484 quis
334 398 487 466 infamem
509 400 588 466 mihi
608 422 692 468 nunc
705 403 882 471 iuvencum

177 486 287 552 Dedat
307 485 418 561 iratae,
441 486 583 553 lacerare
605 487 688 554 terro
711 495 744 555 et

176 574 342 654 Frangere
365 570 468 638 enitar
488 571 584 637 modo
605 574 741 639 multum
763 573 862 640 amati

296 656 425 722 Cornua
445 656 589 722 monstri.

178 739 342 827 Inpudens
363 740 445 824 liqui
466 741 589 828 patrios
611 743 754 829 penatis:

129 836 165 887 ιο
180 827 345 913 Inpudcns
368 824 485 891 Orcum
507 845 623 892 moror.
667 831 686 894 b
707 830 849 894 Deorum

176 912 212 978 Si
235 912 308 995 quis
329 912 410 999 haec
430 911 535 991 audis,
558 911 680 979 utinam
702 914 785 980 inter
806 933 913 981 errem,

295 997 394 1062 Nuda
414 997 533 1063 leones.

173 1079 357 1165 Antequam
379 1082 482 1168 turpis
503 1082 623 1149 macies
645 1082 787 1149 decentis

175 1165 319 1253 Occupet
338 1166 452 1245 malas,
475 1173 668 1250 teneraeque
690 1187 806 1235 sumus

128 1262 163 1314 55
175 1251 308 1317 Defluat
328 1251 478 1337 praedae,
501 1251 649 1351 speciosa
670 1272 791 1336 quaero

293 1339 431 1404 Pascere
452 1337 554 1418 tigne.

173 1420 255 1487 Vilis
276 1422 416 1509 Europe,
437 1429 530 1508 pater
550 1426 668 1503 urguet
688 1422 816 1501 absens,

176 1504 261 1584 Quid
282 1507 363 1572 mori
385 1511 517 1573 cessae?
538 1514 633 1595 potes
653 1507 714 1573 hac
735 1509 777 1574 ab
799 1527 876 1574 orno

174 1590 355 1658 Pendulum
378 1611 459 1658 aona
479 1593 562 1658 bene
584 1597 615 1659 te
637 1598 749 1660 secuta
771 1613 803 1658 e-

126 1687 163 1738 οο
295 1676 396 1743 lidere
418 1677 543 1742 collum.

200 1790 202 1794 ·
383 1795 407 1829 r.
426 1780 467 1831 48.
486 1778 562 1844 Vulg.
584 1776 676 1829 Tauri
712 1782 753 1832 60.
772 1778 898 1829 laedere.

5 1920 7 1945 ι
81 1894 215 1959 oblatum,
232 1895 385 1947 Pudicitiae
400 1899 495 1948 vitiam
512 1896 632 1949 allatam.
668 1897 768 1948 Gellius
779 1899 815 1959 11,
833 1898 875 1950 23.
895 1896 922 1962 [ᾗ
944 1896 984 1958 16]
1019 1893 1083 1959 „Ea
1101 1910 1131 1946 eo
1147 1895 1212 1944 vitio

5 1972 7 2025 ζ
80 1962 193 2026 gravida
209 1966 342 2015 mensibu
359 1968 463 2016 euacua
479 1967 627 2031 parturit.“
651 1965 806 2017 scholiastes
814 1967 898 2016 Aaron
916 1963 948 2014 ad
965 1963 1058 2024 locum,
1075 1962 1137 2027 ,Λα
1153 1978 1212 2014 mm

5 2050 7 2079 ι
79 2032 140 2080 siae
159 2031 240 2094 vitio,
265 2037 292 2083 et
308 2034 358 2083 boc
374 2037 466 2098 petias
481 2035 621 2084 somniod‘
655 2034 785 2084 Pluralem
803 2049 934 2084 numerum
958 2034 984 2082 in
1009 2031 1056 2081 hoe
1075 2046 1150 2081 seusu
1167 2030 1213 2080 ad-

5 2092 7 2155 Ξ
77 2097 197 2149 bibitum
219 2115 357 2165 numquam
380 2102 503 2153 invenies.
538 2102 622 2166 Quin,
646 2103 691 2153 ubi
714 2103 841 2152 sententia
863 2118 915 2152 nou
939 2101 1025 2152 eadem
1049 2102 1102 2162 est,
1125 2105 1213 2150 amant

5 2194 6 2221 ι
79 2169 149 2216 vitio
177 2173 313 2219 carentem
335 2170 461 2235 singulari
484 2186 589 2220 numero
607 2170 703 2224 efferre.
737 2169 866 2220 Iuvenalis
883 2169 953 2231 XIV,
973 2170 1014 2222 69.
1049 2166 1140 2232 „atad
1156 2182 1211 2218 aaa

5 2250 6 2253 ¹
78 2237 181 2300 agitas,
198 2240 231 2285 at
246 2242 368 2288 sanotma
384 2238 458 2300 filias
475 2237 700 2303 cmniAdspiciat
714 2241 773 2288 dno
791 2238 849 2289 tabe
864 2237 978 2300 domam,
996 2237 1110 2300 vitioque
1122 2249 1210 2286 caren-
1235 2264 1238 2269 ,

4 2322 6 2379 ᾗ
78 2307 162 2356 tem.“
197 2305 294 2355 Seneca
317 2304 417 2368 (tonsol.
436 2306 468 2356 ad
485 2307 564 2358 Marc.
582 2322 604 2357 o.
622 2305 721 2356 XXIII.
741 2306 768 2370 [ξ
786 2308 811 2368 3]
847 2305 1001 2371 „Victum
1024 2306 1143 2355 amatam
1166 2320 1210 2356 vo·

4 2384 6 2441 ς
79 2370 223 2437 luptatum
240 2376 367 2436 animam,
386 2373 560 2437 emendatam,
579 2379 707 2424 carentem
723 2375 813 2423 vitio.“

4 2488 5 2495 ,
148 2440 195 2492 48.
216 2440 322 2492 Coram
353 2444 436 2504 taam]
471 2443 513 2492 Ita
537 2442 680 2493 Losoherus
704 2442 821 2493 exhibuit
850 2443 929 2501 14983
960 2439 1027 2506 quod
1049 2455 1065 2490 a
1088 2439 1210 2505 Oruquio,

4 2532 6 2543 v
77 2507 213 2559 Lambino
243 2514 270 2558 et
293 2508 427 2559 Torrentio
455 2515 586 2576 arreptum
614 2510 747 2627 plerasque
775 2510 827 2561 iam
850 2509 975 2561 editiones
999 2510 1140 2573 occuparit
1174 2511 1210 2559 ut

4 2576 5 2585 ’
76 2576 206 2641 princeps
223 2576 321 2627 Veneta
341 2579 419 2638 1478,
443 2593 501 2628 oum
519 2578 618 2628 meliori
636 2595 666 2628 us
684 2578 815 2629 codicibus
833 2577 939 2643 Gruquii
962 2581 987 2628 et
1003 2577 1153 2639 Pulmanni,
1179 2581 1211 2628 ut

4 2648 5 2683 ἰ
76 2650 103 2693 et
127 2644 228 2695 nostris
252 2644 387 2707 Leidensi,
412 2645 569 2708 Graeviano,
592 2646 745 2712 Regineusi,
768 2647 880 2712 Magdal.
898 2645 986 2708 Gulei,
1010 2646 1106 2711 Regiae
1123 2646 1209 2696 Socie-

76 2712 140 2762 tatis
161 2718 211 2761 etc.
229 2712 312 2763 multo
328 2712 473 2778 elegantius
489 2715 645 2779 praeierunt,
664 2730 766 2766 cornua
783 2717 938 2766 monstri.
966 2715 1021 2764 lam
1037 2714 1105 2764 enim
1122 2713 1209 2779 paullo

76 2786 173 2843 autea,
206 2780 326 2842 infamea
351 2784 491 2832 iuvencam
515 2782 607 2846 habes,
632 2786 659 2833 et
682 2800 741 2834 mox
764 2799 838 2833 versu
863 2784 904 2834 72.
940 2781 1086 2833 laceranda
1116 2782 1210 2834 reddet

77 2847 192 2899 Cornua
211 2854 319 2899 toene:
344 2854 441 2899 utnon
464 2850 520 2901 sine
537 2850 641 2901 fastidio
665 2855 690 2901 et
708 2866 802 2902 namen
819 2858 870 2900 tam
888 2850 1003 2915 putidam
1023 2853 1098 2901 tauri
1114 2851 1208 2916 repeti·

76 2918 178 2966 tionem
197 2916 262 2966 terre
280 2918 369 2995 possis.
393 2917 454 2967 Ideo
472 2924 555 2969 autem
564 2917 687 2983 Monstri,
706 2919 767 2983 quia
784 2919 857 2970 dctus
875 2918 920 2968 illc
929 2917 1035 2982 Taurus,
1053 2922 1082 2968 ut
1099 2919 1208 2983 primum

75 2983 183 3048 Cretam
201 2984 310 3050 appuht,
328 2986 448 3036 resumsit
465 2987 589 3036 continuo
607 2985 716 3052 effigiem
732 2988 877 3050 humanam,
894 2990 920 3036 et
936 2987 974 3035 sie
984 2986 1114 3051 Europam
1132 2987 1208 3038 vitia·

74 3054 122 3106 rit.
152 3051 221 3103 Cave
235 3052 303 3102 enim
321 3068 379 3103 cum
395 3054 580 3118 interpretibus
597 3054 694 3119 credas,
712 3054 758 3104 sub
777 3054 845 3105 tauri
862 3053 975 3133 imagine
992 3053 1019 3103 id
1037 3058 1208 3117 perpetratum

75 3137 139 3171 esse.
179 3121 300 3171 Moschus
323 3121 352 3171 in
374 3123 480 3188 Europa
498 3125 530 3186 [l]
549 3140 571 3173 v.
593 3124 647 3175 169.
684 3127 800 3190 φαίνετο
822 3119 875 3190 μὲν
898 3119 931 3183 6η
949 3116 1058 3188 Κρήτη,
1084 3116 1151 3176 Ζεὺς
1176 3118 1207 3174 δὲ

73 3185 163 3240 πάλιν
181 3185 276 3257 ἑτέρην
293 3179 435 3249 civilitate
452 3187 585 3259 μορφὴν,
607 3192 680 3242 Adae
697 3188 728 3242 eli
745 3185 774 3241 οἱ
787 3187 905 3258 μίτρην,
929 3187 977 3238 καί
994 3183 1022 3239 oi
1038 3185 1114 3255 λέχος
1130 3183 1206 3239 ἔντα-

73 3274 127 3308 νιν
147 3240 229 3323 ὧραι.
265 3257 370 3308 ocolus
385 3260 454 3312 uait.
468 3258 598 3312 vacue.
634 3257 788 3323 ‚usuam
806 3260 884 3309 ααο
900 3259 990 3307 sacar
1005 3259 1063 3306 ιοιι
1080 3259 1206 3308 romanu

73 3327 142 3376 allr's
161 3326 302 3391 Iuppiter3
328 3328 408 3392 inque
431 3327 509 3377 deam
532 3327 564 3377 de
586 3329 650 3377 toas
673 3342 764 3377 versas
788 3326 871 3377 erat.“
906 3325 948 3375 Sic
975 3329 1001 3375 et
1023 3324 1153 3375 Lucienus
1176 3325 1207 3376 iu

73 3394 184 3458 dialogo
201 3393 313 3476 Zephyri
331 3399 356 3445 et
372 3395 435 3444 Noti
454 3389 554 3457 [Ἐναλ.
565 3390 674 3460 Διαλόγ.
686 3398 716 3446 16
726 3397 809 3457 extr,].
846 3394 938 3443 Ταῦτα
956 3388 984 3444 ἐκ
997 3390 1124 3454 Φοινίκης
1141 3385 1206 3463 ἄχρι

72 3465 124 3525 τῆς
133 3457 249 3531 Κρήτης
266 3460 385 3527 εγένειο·
404 3457 461 3513 iaci
479 3460 508 3514 δὲ
525 3457 605 3529 ἐπέβη
624 3463 657 3524 τῆ
675 3459 761 3531 νήσῳ,
781 3459 795 3512 ὁ
813 3459 866 3530 μὲν
882 3462 982 3528 ταῦρος
1000 3453 1051 3511 oria
1066 3456 1108 3512 ἔτι
1125 3458 1205 3530 ἐφαί-

72 3548 159 3582 νετο·
195 3525 390 3597 ἐπιλαβόμενος
413 3527 442 3580 δὲ
462 3532 513 3592 τῆς
530 3527 625 3613 χειρὸς
639 3512 665 3580 ’ὃ
689 3529 756 3586 Ζεὺς
779 3524 867 3597 ἀπῆγε
891 3527 942 3592 την
965 3526 1105 3597 Εὐρώπην
1129 3525 1155 3587 ἐς
1172 3527 1204 3581 τὸ

72 3596 210 3649 Δίκταιον
227 3591 338 3666 ἄντρον,
356 3595 531 3667 ἐρυθριῶσαν
547 3614 593 3649 ναι
609 3594 682 3649 κάτω
702 3595 820 3668 ὁρῶσαν.
855 3597 943 3652 Simul
961 3603 1048 3650 autem
1066 3605 1147 3665 atque
1163 3602 1205 3650 ia·

71 3668 166 3719 rutam
186 3665 292 3717 Cretam
310 3669 414 3731 attigit,
437 3671 525 3718 taurus
543 3667 648 3733 quidem
671 3674 726 3718 noa
749 3667 865 3734 amptius
882 3665 1052 3733 comparebat.
1086 3666 1205 3732 Iuppiter

72 3750 156 3799 vero,
180 3750 265 3785 mana
282 3734 408 3802 Europae
425 3742 549 3802 arrepta,
575 3735 688 3786 deduscit
705 3753 763 3787 eam
780 3740 810 3787 ia
827 3735 970 3786 Dictaeum
987 3741 1095 3786 aotam
1112 3736 1205 3785 snae-

72 3810 192 3856 srentem
211 3803 347 3869 oculisque
363 3806 392 3853 ia
411 3807 509 3854 terram
527 3805 641 3855 deiectis.

148 3874 191 3924 60.
209 3870 330 3923 Laedere
347 3871 455 3933 collam]
490 3873 531 3921 Ita
548 3877 635 3923 nostra
652 3873 816 3938 Exemplaria
839 3888 937 3925 summo
954 3886 1092 3921 consensu:
1119 3872 1203 3919 tamen

76 3939 189 3990 taedere
207 3939 312 4002 collam,
329 3955 377 4004 pro
396 3938 501 4001 elidere,
520 3940 644 4002 oblidere,
662 3940 791 4007 frangere
809 3958 884 3993 nemo
903 3944 1015 3991 vetorum
1027 3937 1099 3988 dixit
1119 3937 1203 3996 Quare

74 4008 185 4058 omnino
202 4006 336 4071 legendum
354 4022 411 4056 oum
429 4006 580 4071 quibusdem
589 4007 709 4059 Lambini
722 4009 861 4071 codicibus,
877 4007 1044 4073 ‚feudalem
1056 4021 1125 4056 zoae
1139 4005 1203 4056 berre

74 4080 101 4126 te
117 4079 212 4125 secata
230 4073 348 4125 e-Lidere
366 4074 489 4125 collam.“
522 4074 732 4141 utGarm.I,2,
753 4080 793 4130 19.
826 4077 958 4142 „Labitur
974 4078 1050 4141 ripa,
1067 4073 1129 4126 loos
1146 4089 1201 4126 aaa

70 4144 222 4209 potante,
241 4140 371 4192 a·Xorias
389 4144 500 4194 amnis.“
519 4147 545 4193 et
561 4144 597 4207 II,
617 4145 656 4204 16,
675 4145 698 4195 t.
734 4143 885 4215 „Gr-orphe,
903 4159 958 4195 aaa
973 4146 1100 4208 garama,
1117 4157 1202 4207 aeque

70 4224 204 4277 purpura
221 4208 348 4277 rae-Nate,
371 4225 420 4261 aec
438 4214 532 4265 aaro.“
565 4214 648 4277 Atque
672 4211 710 4262 sic
727 4212 757 4264 iu
773 4230 818 4265 ors
834 4213 875 4266 sui
889 4210 952 4262 libri
969 4214 1111 4263 correxerat
1128 4227 1202 4280 praa·
