2842 4758
211 223 274 284 420
599 233 630 293 o.
652 231 793 280 nonsrn
814 231 937 280 rnrecr

234 382 264 432 te
278 368 321 434 At
342 366 409 432 diri
430 366 528 433 fluere
550 366 634 432 hune
654 367 856 442 lutulentum,
879 385 976 452 saepe
998 366 1151 432 ferentem

276 454 374 519 Plura
395 452 524 536 quidem
547 451 687 516 tollenda
709 449 935 533 relinquendis.
979 471 1051 533 age,
1073 472 1204 536 quaeso,

275 541 326 604 Tu
348 537 427 603 nihil
448 538 482 602 in
503 556 621 619 magno
644 535 758 602 doetus
779 535 985 621 reprehendis
1007 536 1179 603 Homero?-

276 622 331 689 Nil
352 623 450 688 comis
473 622 586 704 tragici
607 628 711 686 mutat
731 620 875 687 Lucilius
895 621 994 686 Accii

276 709 347 774 Non
371 707 453 774 ridet
474 728 586 773 versus
607 708 691 771 Eunt
712 708 871 788 gravitate
892 706 1054 772 minores?

235 808 265 857 55
280 793 362 858 Gum
384 794 424 858 de
447 812 482 858 se
503 792 652 875 loquitur,
674 811 737 856 non
760 799 795 856 ut
815 791 936 856 maiore
957 792 1127 876 reprensis.

279 878 363 956 Quid
384 885 472 944 vetat
494 883 526 942 et
547 882 672 942 nosmet
692 877 796 942 Lucili
818 876 936 961 scripta
957 876 1093 958 legentis

279 962 450 1040 Quaerere,
473 984 550 1028 num
571 961 668 1039 illius,
691 981 767 1026 num
790 980 896 1025 rerum
919 961 1000 1026 dura
1021 962 1147 1044 negarit

279 1048 461 1114 Versiculos
483 1055 598 1112 natura
619 1047 724 1128 magis
745 1047 846 1112 laetos
869 1051 901 1111 et
922 1046 1026 1111 euntis

280 1133 418 1212 Mollius,
441 1153 479 1198 ac
501 1132 529 1199 si
551 1132 634 1216 quis,
656 1132 792 1218 pedibus
815 1130 893 1214 quid
915 1131 1063 1197 claudere
1087 1133 1172 1198 senis

237 1231 268 1282 oc
282 1219 364 1293 (Hoc
384 1225 519 1291 tantum)
542 1224 718 1295 contentus,
741 1225 826 1282 amet
847 1216 1015 1301 scripsisse
1037 1219 1191 1284 ducentos

279 1303 362 1368 Ante
383 1302 489 1368 cibum
510 1323 633 1379 versus,
655 1302 788 1367 totidem
810 1306 965 1368 cenatus?
985 1303 1112 1368 Etrusci

280 1388 383 1467 Quale
405 1388 465 1453 fuit
487 1388 581 1454 Cassi
603 1386 715 1472 rapido
737 1387 912 1453 ferventius
933 1387 1020 1451 amni

280 1472 464 1554 Ingenium3
488 1474 594 1558 capsis
615 1491 711 1555 quem
733 1472 822 1536 fama
843 1478 986 1538 estesse
1008 1471 1161 1555 librisque

281 1558 472 1623 Ambustum
494 1558 641 1644 propriis.
685 1557 782 1623 fuerit
802 1556 954 1634 Lucilius,
977 1557 1117 1640 inquam,

237 1655 268 1706 65
283 1642 391 1708 Gumis
413 1649 445 1706 et
466 1645 607 1708 urbanus
618 1665 627 1721 ;
661 1641 757 1708 fuerit
777 1642 915 1707 limatior
936 1642 1032 1716 idem,

282 1727 386 1807 Quam
408 1727 497 1794 rudis
519 1733 551 1792 et
573 1726 704 1794 Graecis
725 1726 836 1791 intacti
858 1727 1007 1791 carminis
1029 1734 1148 1805 auctor,

282 1813 450 1894 Quamque
470 1819 637 1898 poetarum
660 1811 819 1878 seniorum
842 1813 950 1876 turba:
975 1812 1032 1878 sed
1053 1813 1117 1889 ille,

285 1897 320 1964 Si
341 1897 423 1963 foret
443 1898 503 1962 hoc
525 1903 668 1962 nostrum
691 1898 757 1963 fato
780 1896 899 1963 dilatus
920 1896 953 1962 in
975 1917 1100 1975 aevum,

281 1985 447 2048 Detereret
469 1982 530 2048 sibi
551 1981 667 2047 multa:
690 1982 845 2047 recideret
865 2002 968 2059 omne,
990 1982 1077 2065 quod
1100 1983 1184 2047 ultra

241 2082 271 2130 ru
285 2068 465 2132 Perfectum
487 2068 680 2132 traheretur:
703 2068 789 2132 etin
811 2088 906 2132 versu
929 2065 1074 2132 faciendo

283 2153 386 2238 Saepe
409 2159 506 2237 caput
527 2154 681 2229 scaberet,
703 2152 793 2218 vivos
816 2159 848 2217 et
868 2152 995 2217 roderet
1017 2151 1143 2233 unguis.

283 2238 386 2323 Saepe
409 2239 517 2303 stilum
538 2244 654 2313 vertas,
677 2238 792 2303 iterum
816 2257 898 2319 quae
921 2237 1020 2318 digna
1042 2237 1106 2318 legi
1129 2236 1192 2302 sint

283 2324 482 2407 Scripturus:
506 2342 619 2406 neque,
643 2329 674 2388 te
698 2332 732 2387 ut
753 2322 884 2386 miretur
906 2323 1008 2398 turba,
1031 2321 1168 2399 labores,

285 2407 460 2473 Contentus
481 2409 594 2492 paucis
616 2406 796 2472 lectoribus.
841 2428 882 2471 au
905 2414 961 2472 tua
983 2407 1114 2473 demens

221 2608 309 2660 borum
327 2609 429 2671 ordine,
455 2609 630 2673 „Haerentem
655 2613 739 2675 rapiti
761 2625 818 2659 cum
842 2609 922 2659 multa
940 2610 1019 2659 teredo
1036 2612 1192 2659 eoronum“:
1221 2613 1342 2675 quercet

219 2679 276 2743 ipse
299 2677 328 2726 in
351 2678 410 2742 plus
433 2676 517 2727 decem
542 2677 672 2727 codicibus
695 2677 757 2727 vidi.
792 2680 867 2726 Amat
884 2678 976 2727 Noster
994 2677 1138 2743 quotidiani
1156 2678 1279 2727 sermonis
1298 2678 1339 2727 in-

221 2749 335 2795 ornatam
353 2744 550 2810 simplicitatem.
585 2744 627 2795 Sic
646 2746 723 2795 Scrm.
742 2747 762 2808 I,
781 2747 805 2809 8,
823 2747 864 2796 50.
891 2745 1026 2810 „Vinceia
1044 2761 1102 2795 cum
1119 2761 1211 2809 magno
1229 2749 1341 2811 rumque

221 2815 331 2877 e'ecequc
349 2813 478 2863 videres.“
504 2814 582 2874 11,3‚
602 2814 657 2864 112.
684 2815 843 2876 „Persectas
863 2814 957 2877 uigilet
973 2829 1028 2863 cum
1047 2813 1124 2878 longo
1137 2813 1235 2875 fuslc.“
1260 2815 1295 2875 ll,
1315 2816 1339 2874 l,

220 2882 261 2933 35,
288 2897 362 2945 „cum
377 2896 469 2944 magno
481 2880 596 2930 blateras
615 2881 738 2943 clamere,
756 2881 906 2946 fingisque.“
933 2883 987 2930 Art.
1001 2882 1071 2933 Poet.
1084 2883 1141 2933 26⁰.
1169 2882 1339 2944 „lasecnem

220 2951 315 2998 misma
332 2964 392 2999 eum
410 2964 501 3013 magno
518 2949 630 3014 pondere
648 2951 765 2998 cerrus.“
789 2949 889 2998 Plinius
906 2950 989 3013 Epist.
1005 2949 1062 3009 VII,
1081 2951 1104 3000 9.
1123 2950 1150 3012 [ξ
1168 2951 1195 3012 4]
1223 2948 1340 3013 ,Multcs

221 3017 340 3067 videmus
357 3016 488 3067 eiusmodi
504 3020 652 3067 certamine
669 3019 721 3065 sibi
738 3032 795 3065 cum
813 3017 893 3066 multa
910 3017 984 3066 laude
1001 3019 1150 3068 rummsscf‘

289 3087 329 3137 59.
366 3084 474 3135 Mettius
492 3100 524 3134 ee
541 3087 634 3150 siparis]
670 3084 767 3134 Veneta
785 3086 905 3150 princeps
923 3100 957 3134 sc
980 3086 1078 3150 siquis:
1107 3084 1187 3134 altera
1213 3100 1270 3134 cum
1287 3085 1338 3136 Le·

222 3152 354 3203 acheriana
372 3158 397 3203 et
416 3152 557 3202 Scholiasta
574 3156 687 3214 Acrone,
716 3168 750 3201 Ar
768 3155 867 3217 siquis:
895 3152 963 3202 unde
986 3168 1054 3202 nunc
1072 3153 1100 3201 in
1117 3152 1198 3214 hauc,
1224 3169 1292 3203 nunc
1311 3155 1339 3202 in

222 3219 292 3269 illam
316 3225 414 3286 partem
438 3221 575 3270 trahuntur
597 3221 760 3285 interpretes.
802 3220 922 3270 Dacerius
947 3235 1005 3270 vero
1022 3224 1138 3276 neutram
1162 3226 1281 3282 secutus,
1309 3235 1339 3270 ex

222 3288 368 3338 coniectura
393 3288 521 3350 emendat,
550 3303 587 3336 sm
604 3291 695 3353 siquis.
732 3289 762 3336 In
781 3303 845 3352 qua,
873 3294 903 3337 ut
920 3304 1001 3353 neque
1018 3288 1046 3337 in
1065 3289 1212 3351 alterans,
1241 3289 1338 3339 nohum

222 3354 344 3405 orationis
362 3355 457 3405 exitum
475 3355 598 3405 invenias.
625 3357 662 3406 Ar
677 3358 769 3420 siquis,
787 3355 878 3406 relAn
896 3358 988 3421 siquis,
1007 3361 1146 3405 contentus
1163 3357 1340 3408 neechcrre·

221 3428 319 3473 taetros
336 3422 440 3484 faeere,
468 3423 595 3473 ducentos
612 3438 703 3475 versus
724 3429 785 3473 ante
803 3439 907 3485 eccere,
934 3429 960 3473 et
977 3424 1087 3474 tolidem
1105 3440 1122 3473 e
1140 3439 1206 3473 cene
1224 3428 1338 3475 seribere

222 3490 325 3541 sulcet?
351 3489 420 3547 Quid
438 3491 509 3540 tum?
536 3491 598 3556 quid
615 3492 747 3556 sequitur?
774 3491 848 3541 Nihil
866 3493 941 3540 enim.
977 3492 1016 3541 Tu
1032 3508 1091 3541 vere
1108 3491 1164 3557 lege
1183 3507 1241 3542 cnm
1258 3494 1338 3558 pluri*-
1408 3528 1409 3531 κ

222 3557 269 3608 bus
287 3564 312 3609 et
328 3557 441 3608 melioris
458 3564 533 3609 uotae
551 3558 694 3621 codicibus,
719 3560 799 3609 etsie
817 3558 961 3623 distingue:
989 3559 1158 3623 ‚euacua
1183 3575 1250 3610 rerem
1268 3561 1339 3615 illius
1408 3564 1409 3567 ’

222 3642 395 3677 cumrerum
413 3627 482 3677 dure
500 3630 609 3691 negarit
625 3625 776 3678 Versiculos
794 3632 893 3677 nutura
911 3630 998 3691 magis
1015 3626 1103 3688 sectos
1120 3632 1147 3676 ct
1163 3633 1258 3678 euntes
1276 3628 1338 3679 Mel-

224 3696 283 3757 litos,
302 3710 335 3745 uc
353 3698 377 3745 si
394 3697 461 3760 quis,
478 3695 590 3760 pertibus
607 3695 674 3760 quid
682 3693 807 3745 claudere
816 3697 886 3744 serris
895 3695 961 3754 (Hoc
971 3698 1085 3758 tentum)
1103 3700 1253 3758 contentus,
1273 3700 1340 3747 emet

222 3766 360 3828 scripsisse
377 3763 503 3813 decentes
520 3765 591 3814 Ante
608 3764 695 3813 ederem
712 3778 811 3824 verser,
831 3762 939 3813 totidem
958 3766 1102 3812 emetusb‘
1119 3760 1241 3827 Mallius,
1259 3780 1293 3815 ec
1308 3767 1337 3825 ri,

223 3832 271 3882 hoc
289 3836 335 3896 cst,
352 3830 468 3894 meltius,
486 3846 566 3897 quem
582 3833 619 3892 si3
638 3835 667 3881 ut
684 3831 779 3895 passim
798 3830 866 3895 apud
884 3830 1034 3895 Scriptores,
1052 3831 1090 3880 its
1108 3831 1186 3880 Scrm.
1197 3832 1219 3891 I,
1239 3834 1263 3893 6,
1285 3835 1337 3885 130.

222 3902 373 3963 „uicturum
390 3900 506 3961 suavius,
530 3915 559 3949 ac
577 3899 600 3949 si
620 3899 750 3961 Quaestor
767 3914 846 3962 uuus,
868 3905 948 3963 peter·
966 3904 1045 3963 etque
1061 3913 1148 3961 meus,
1171 3905 1339 3966 patruusque

222 3966 343 4027 suisset.“
379 3966 512 4017 Sententia
528 3971 612 4017 autem
630 3967 698 4018 clera
715 3971 741 4017 et
757 3966 900 4016 luculenta:
928 3966 996 4021 Quid
1014 3969 1083 4016 vetat
1100 3969 1126 4016 et
1142 3981 1192 4016 nos
1211 3982 1338 4032 quaerere,

223 4050 284 4084 num
301 4033 399 4084 Lucilii
416 4035 555 4100 ingenium,
582 4051 643 4085 num
661 4039 836 4100 argumentum
854 4035 937 4099 ipsum
954 4034 1086 4098 negaverit
1103 4049 1189 4084 versus
1204 4035 1337 4100 politiores

224 4106 250 4150 et
266 4102 401 4163 molliores,
419 4118 494 4165 quam
511 4103 592 4167 siquis
609 4103 664 4153 sine
682 4117 744 4152 cura
760 4102 857 4152 etlima
867 4102 1048 4166 extemporales
1060 4103 1338 4154 hexametrcsfundatl

224 4168 328 4218 Scilicet
346 4169 462 4218 Lucilius
479 4171 542 4233 ipsc,
561 4170 583 4219 si
599 4171 719 4220 maiorem
736 4169 897 4233 diligentiam
914 4170 1084 4232 adhibuisset,
1102 4170 1180 4220 etiem
1199 4172 1227 4221 in
1249 4172 1339 4222 Satiris
