2842 4758
211 262 272 341 ι392
597 291 628 350 q.
650 290 790 340 nonem
811 288 933 341 rneccr

231 441 260 489 75
276 424 433 492 Convivas
455 423 566 489 avidos
589 442 708 503 cenam,
731 440 902 507 servosque
923 424 1062 490 timentis

273 513 355 575 Tum
377 527 500 596 rapere,
522 514 618 592 atque
640 509 742 574 omnis
764 507 960 590 restinguere
982 510 1063 574 velle
1085 509 1235 575 videres.

272 593 386 680 Incipit
408 614 447 658 ex
468 592 522 656 illo
544 594 660 658 montis
680 593 820 677 Appulia
841 600 933 658 notos

272 679 440 745 Ostentare
461 677 548 750 milri,
571 698 652 760 quos
674 684 771 742 torret
791 678 964 751 Atabulus;
988 686 1019 741 et
1040 698 1121 760 quos

271 765 452 846 Numquam
475 781 667 846 erepsemus,
688 763 750 827 nisi
771 782 830 826 nos
852 762 954 827 vicina
975 763 1090 827 Trivici

229 861 258 911 ec
273 847 357 913 Villa
377 846 558 933 recepisset,
580 847 746 926 lacrimoso
768 866 830 913 non
853 847 921 912 sine
943 849 1040 925 turno,

272 932 360 998 lidos
382 951 453 997 cum
475 931 560 996 foliis
581 952 687 997 ramos
708 937 818 996 urente
840 931 972 996 camino.

270 1017 329 1081 Hic
350 1036 411 1099 ego
432 1016 615 1082 mendacem
638 1015 844 1082 stultissimus
866 1036 968 1100 usque
990 1017 1128 1101 puellam

269 1101 321 1166 Ad
342 1100 478 1167 mediam
500 1108 621 1166 noctem
644 1108 812 1186 exspecto:
836 1121 965 1166 somnus
987 1109 1092 1165 tamen
1113 1103 1224 1166 autert

269 1186 428 1252 Intentum
449 1186 572 1251 veneri:
595 1193 661 1250 tum
683 1186 833 1250 inmundo
856 1187 979 1252 somnia
1000 1185 1070 1250 visu

227 1270 463 1336 85Noctumam
485 1277 604 1336 vestem
626 1271 795 1345 maculant,
818 1277 1022 1353 ventremque
1045 1271 1203 1355 supinum.

270 1355 427 1433 Quattuor
447 1354 519 1419 hinc
541 1356 680 1440 rapimur
701 1354 814 1437 viginti
837 1363 868 1419 et
890 1357 990 1420 millia
1011 1356 1127 1427 rhedis.

268 1440 409 1505 Mansuri
431 1439 592 1524 oppidulo,
618 1439 703 1521 quod
724 1458 819 1505 versu
840 1439 945 1505 dicere
966 1460 1028 1504 non
1051 1447 1108 1519 est,

270 1523 548 1609 Signisperlacile
570 1530 627 1589 est.
671 1525 757 1590 venit
774 1523 932 1590 vilissima
952 1545 1056 1590 rerum

268 1608 328 1674 llic
348 1627 447 1691 aqua;
471 1609 528 1674 sed
549 1609 641 1693 panis
663 1611 757 1691 longe
778 1610 1018 1694 pulcherrimus,
1042 1610 1125 1675 ultra

225 1705 256 1756 90
271 1692 414 1758 Callidus
437 1700 472 1757 ut
493 1694 594 1759 soleat
614 1693 755 1760 humeris
776 1700 902 1780 portare
924 1694 1040 1760 viator:

266 1777 349 1841 Nam
372 1778 492 1843 Canusi
514 1778 678 1862 lapidosus
685 1802 693 1854 3
716 1798 820 1861 aquae
841 1799 903 1842 non
926 1779 1021 1844 ditior·
1042 1798 1130 1844 urna.

268 1861 343 1941 [Qui
365 1862 453 1928 locus
475 1883 496 1926 a
517 1863 589 1927 forti
611 1862 767 1929 Diomede
790 1869 838 1928 est
860 1864 1004 1929 conditus
1026 1862 1122 1940 olim]

204 1981 241 2030 sic
259 1983 284 2030 et
300 1980 447 2040 Lucretius,
465 1979 604 2044 Virgilius,
628 1979 734 2030 Ovidius
751 1981 846 2044 aliique
863 1997 953 2034 aureae
970 1981 1070 2033 aetatis.
1104 1978 1220 2029 Ceterum
1237 1981 1330 2031 Bers-

202 2048 290 2098 marmi
306 2064 372 2098 unus
390 2053 415 2097 et
431 2047 588 2097 Battelianns
606 2052 698 2112 noster,
717 2048 749 2098 Ira
767 2052 864 2113 iguem.
1249 2084 1255 2093 -

270 2117 311 2168 92.
346 2114 400 2178 Qui
415 2115 489 2165 locas
506 2114 603 2176 ufarti
613 2111 750 2178 Diomede]
776 2117 859 2166 Locus
877 2116 908 2165 eb
926 2115 1107 2181 interpretibus
1121 2113 1226 2164 multum
1236 2129 1326 2165 vexa·

203 2188 258 2245 tus,
281 2183 375 2247 quique
391 2183 511 2234 vicissim,
527 2199 569 2233 eos
586 2183 692 2234 multum
710 2185 817 2234 vexavit.
851 2183 985 2235 Videamus
1002 2184 1143 2247 integrum:
1171 2179 1330 2245 „Mamers

203 2250 338 2316 oppidulo,
357 2250 428 2316 qaod
444 2266 521 2300 cerea
538 2250 696 2301 diceremur
713 2257 753 2301 ert
769 2251 861 2315 Signia
878 2251 1007 2316 perfacile
1023 2257 1077 2300 est:
1093 2252 1166 2305 uenit
1182 2249 1324 2301 citissima

203 2334 292 2368 rerum
309 2319 359 2368 Hic
376 2333 462 2383 oqua5
479 2319 526 2368 sed
539 2321 620 2383 pcata
638 2319 716 2383 laage
731 2319 935 2383 patcderrimac,
952 2319 1025 2369 altra
1045 2317 1162 2368 Calliclem
1179 2322 1210 2366 at
1225 2317 1327 2369 soleat

203 2388 319 2436 dammis
324 2386 446 2451 perferre
462 2388 564 2437 uiator:
580 2385 651 2437 Nam
661 2385 920 2452 Cauruiiapidorm:
938 2401 1039 2452 aequae
1054 2401 1108 2437 aaa
1127 2386 1208 2435 ditior
1224 2399 1324 2438 carna:

203 2452 257 2516 Daci
279 2454 352 2504 lacae
374 2470 391 2504 u
414 2454 482 2515 forti
498 2454 625 2503 Diomede
648 2460 687 2504 ert
712 2454 834 2504 conditae
857 2455 927 2504 olim.
961 2453 1099 2504 Flentibus
1122 2453 1183 2502 dirae
1208 2450 1325 2503 Variae·

202 2521 314 2571 discedit
329 2526 443 2572 maestas
461 2524 578 2571 amicic.“
596 2521 639 2572 ubi
653 2522 769 2587 oppiduli
778 2538 876 2581 nornen,
895 2522 962 2587 quod
980 2538 1064 2572 versus
1082 2522 1239 2571 hexametrus
1256 2536 1322 2570 non

201 2590 301 2654 recipit,
319 2588 425 2653 Equum
438 2587 559 2638 Tuticum
576 2589 707 2654 intelligit,
724 2596 754 2639 ut
770 2595 837 2640 recte
848 2590 1004 2640 Scholiastee
1014 2594 1115 2640 veteres.
1142 2587 1324 2639 Doctissimus

201 2662 285 2707 temen
304 2656 434 2706 Cluverius
453 2656 539 2719 [Italia
556 2657 677 2722 Antiqua]
702 2673 726 2722 p,
747 2659 820 2709 1217.
843 2673 872 2707 ex
890 2657 941 2707 situ
958 2657 1070 2708 locorum
1088 2657 1195 2706 coniicit
1211 2655 1317 2720 Arpos,

201 2739 264 2799 quae
282 2727 307 2774 et
324 2724 482 2789 Argyrippa
501 2724 608 2785 dicitur,
633 2724 664 2774 ab
682 2725 789 2777 Horatio
812 2726 854 2775 hic
877 2725 993 2775 describi.
1029 2725 1078 2775 Vix
1102 2729 1184 2774 tamen
1207 2723 1234 2772 id
1251 2738 1319 2788 per·

201 2790 330 2853 suadebit,
348 2807 404 2840 cum
423 2792 545 2841 utrumvis
562 2792 710 2843 venabulum
727 2809 812 2842 versus
829 2792 904 2843 facile
922 2794 1053 2853 admittet3
1079 2796 1180 2842 auctore
1198 2790 1321 2854 Virgilio

200 2861 263 2910 Aen.
287 2858 338 2918 XI,
363 2861 420 2911 246.
461 2859 526 2919 „lile
548 2861 638 2908 urbem
660 2861 809 2926 Argyripam
832 2864 938 2925 patriae
964 2864 1120 2925 cognomine
1143 2860 1258 2924 geratie.“
1286 2865 1317 2909 et

173 2972 175 2978 ι
201 2926 265 2976 Silio
283 2927 326 2985 IV,
344 2929 403 2979 556.
428 2926 534 2989 „Altius
550 2928 675 2993 Argyripa
693 2929 834 2994 Daaaiqae
851 2929 986 2992 profectas
1004 2929 1036 2978 ab
1055 2930 1152 2978 arcir.“
1177 2926 1216 2976 Ab
1233 2926 1319 2991 Equo

200 2994 291 3045 Tutico
308 2994 389 3059 igitur
406 3010 496 3059 panem
512 3002 612 3060 portare
630 2995 712 3046 solent
729 2997 837 3046 viatores
850 2995 988 3046 Genusium
999 3012 1087 3061 usque,
1106 2996 1165 3060 qnia
1181 2994 1220 3044 ibi
1234 2995 1317 3057 panis

199 3062 329 3128 lapidosus
338 3068 383 3124 eet,
402 3077 549 3127 aquaenora
565 3063 647 3113 ditior
664 3079 749 3114 urna:
767 3065 814 3114 boc
832 3069 878 3123 est,
895 3079 974 3129 aquae
992 3065 1067 3143 copia
1083 3079 1134 3114 non
1150 3061 1254 3112 uberior
1271 3068 1315 3111 est

200 3130 312 3192 Canusii,
330 3147 404 3195 quem
420 3131 490 3195 Equi
501 3130 593 3182 Tutini.
620 3132 718 3193 Ditior,
736 3131 912 3193 abundantior,
931 3133 1072 3197 copi0s10r3
1090 3147 1140 3181 non
1158 3137 1188 3179 ut
1205 3129 1311 3195 qnidam

199 3197 301 3248 codices
319 3213 448 3263 perperam
465 3199 506 3248 hie
516 3197 631 3263 babent,
656 3199 766 3250 dulcior.
802 3201 928 3249 Ausonius
945 3200 1100 3265 Epigramm.
1118 3199 1162 3248 IV.
1181 3201 1214 3261 [r.
1233 3200 1260 3259 5]
1278 3198 1313 3247 de

198 3265 329 3317 Danubio:
346 3265 401 3328 „tc
416 3281 469 3331 qua
487 3265 556 3315 dives
573 3266 780 3333 eqnisScytlrico
797 3268 870 3318 soluo
888 3271 956 3318 aetio
971 3269 1080 3333 ponto.“
1108 3267 1203 3318 Contra
1216 3266 1314 3315 Noster

199 3332 280 3382 Germ.
298 3334 352 3394 111,
371 3335 418 3397 30,
438 3335 477 3385 tl.
512 3333 566 3395 „Et
588 3350 640 3398 qua
664 3350 760 3399 pauper
783 3351 862 3399 aquae
880 3336 992 3385 Danaae
1016 3338 1161 3400 agrestium
1176 3332 1314 3398 Regnavit

197 3400 385 3518 ssoprsloramf‘
419 3401 490 3464 Ergo
508 3400 630 3466 oppidum
648 3401 782 3452 Canusium
799 3408 825 3452 et
842 3418 921 3467 aquae
944 3404 1032 3467 inopia
1057 3407 1083 3453 et
1099 3404 1173 3468 penis
1190 3402 1256 3451 vitio
1272 3400 1310 3449 la-

215 3466 311 3519 orebat.
337 3470 423 3532 Aquae
440 3474 523 3518 temen
540 3470 661 3534 penuriae
679 3469 783 3520 subveni
800 3471 843 3521 bat
860 3477 948 3536 postea
964 3470 1077 3521 Herodes
1094 3470 1222 3534 Sophiste.
1247 3468 1310 3518 Phi-

197 3536 317 3586 lostratus
344 3536 371 3585 in
396 3537 450 3586 eius
473 3536 526 3586 vita
544 3553 567 3600 p.
586 3539 645 3589 550.
663 3540 732 3600 [551,
750 3554 770 3587 c.
786 3487 806 3589 i
824 3541 896 3602 extu]
931 3540 1014 3590 Ωκισε
1037 3535 1082 3587 καὶ
1105 3535 1137 3588 τὸ
1161 3533 1190 3588 ἐν
1213 3533 1312 3599 rauna

196 3600 346 3661 Κανύσιον,
366 3595 509 3672 ἡμερώσας
526 3597 620 3664 ὕδατι,
638 3601 712 3671 μάλα
729 3601 827 3655 τούτου
846 3604 990 3673 deducerem
1010 3605 1152 3658 Caniniam
1170 3609 1198 3655 in
1217 3604 1307 3666 Italia,

196 3672 308 3722 inducta
326 3687 412 3736 aquo,
431 3675 506 3722 caiae
523 3674 688 3722 uehementer
705 3674 854 3738 indigebat,
873 3669 1015 3724 habitabile
1031 3672 1156 3725 reddidit.
1191 3672 1309 3723 Ceterum

197 3740 381 3790 eruditissimus
398 3737 551 3802 Lambinus,
576 3746 602 3790 et
618 3756 648 3790 ex
667 3756 695 3790 eo
713 3742 834 3791 Decerius
853 3743 1064 3792 constructionem
1081 3740 1213 3791 verborum
1230 3739 1308 3790 aliam

197 3807 239 3858 bic
257 3808 403 3869 instituunt,
421 3808 448 3857 in
458 3809 525 3858 bunc
535 3808 649 3858 modum:
666 3824 770 3873 „aquae
787 3825 841 3859 nore
859 3809 942 3860 ditior
958 3807 1030 3860 arad
1045 3808 1098 3872 Daci
1114 3809 1187 3859 lomes
1204 3825 1221 3858 a
1239 3808 1313 3869 forti

195 3876 322 3926 Diomede
340 3882 380 3925 eet
395 3876 518 3925 conditae
534 3877 628 3936 alim“;
648 3875 692 3926 ubi
710 3878 770 3927 ordo
789 3877 850 3938 erit,
870 3876 923 3940 Qut
939 3878 1024 3941 laeua,
1043 3875 1180 3926 Canusium
1197 3874 1313 3937 scilicet,

196 3950 261 4004 tmere
279 3943 362 3993 ditior
378 3941 451 3993 arad
467 3959 561 4008 aquae,
580 3959 652 4008 quam
671 3945 760 4010 Equus
778 3945 901 4009 Tuticus,)
924 3962 940 3996 a
957 3945 1084 3996 Diomede
1103 3944 1165 3994 olim
1184 3944 1310 3994 conditur

196 4016 241 4061 est
275 4010 332 4075 Ego
349 4026 407 4060 rere
425 4011 530 4060 multum
548 4010 579 4060 eb
597 4012 630 4062 iis
648 4012 786 4073 dissenti03
815 4029 871 4062 cum
895 4014 926 4063 ob
950 4018 1061 4064 coactam
1086 4011 1311 4071 constructionem,

196 4084 249 4128 tum
273 4080 332 4143 quie
357 4079 471 4142 ineptum
497 4082 523 4128 et
544 4080 663 4144 putidum
688 4080 764 4130 inerit
788 4081 943 4131 conditorem
967 4080 1072 4131 Canusii
1095 4081 1136 4130 bic
1161 4094 1307 4139 memorare,

195 4161 266 4196 more
292 4147 511 4210 Geogrephorum;
538 4162 595 4197 cnm
620 4147 702 4197 obiter
728 4152 826 4198 tantum
852 4149 907 4200 eius
934 4149 1025 4215 oppidi
1050 4147 1202 4199 mentionem
1227 4147 1309 4198 faciet

194 4210 294 4263 Noster.
329 4213 395 4263 Mihi
412 4212 482 4262 nulla
499 4217 536 4263 est
554 4213 696 4279 dubitatio,
713 4217 775 4280 quin
793 4222 882 4266 auctor
899 4217 975 4267 huius
992 4216 1110 4268 versiculi
1128 4214 1233 4281 Equum
1254 4213 1309 4265 Ta·
