<?xml version="1.0" encoding="UTF-8"?>
<!DOCTYPE html PUBLIC "-//W3C//DTD XHTML 1.0 Transitional//EN"
    "http://www.w3.org/TR/xhtml1/DTD/xhtml1-transitional.dtd">
<html xmlns="http://www.w3.org/1999/xhtml" xml:lang="en" lang="en">
 <head>
  <title>
</title>
<meta http-equiv="Content-Type" content="text/html;charset=utf-8" />
  <meta name='ocr-system' content='tesseract 3.04.00' />
  <meta name='ocr-capabilities' content='ocr_page ocr_carea ocr_par ocr_line ocrx_word'/>
</head>
<body>
  <div class='ocr_page' id='page_1' title='image "./qhoratiusflaccu02bentgoog_0127.png"; bbox 0 0 2818 4758; ppageno 0'>
   <div class='ocr_carea' id='block_1_1' title="bbox 580 219 921 282">
    <p class='ocr_par' dir='ltr' id='par_1_1' title="bbox 580 219 921 282">
     <span class='ocr_line' id='line_1_1' title="bbox 580 219 921 282; baseline -0.003 -16"><span class='ocrx_word' id='word_1_1' title='bbox 580 221 612 282; x_wconf 75' lang='lat' dir='ltr'><strong>Q·</strong></span> <span class='ocrx_word' id='word_1_2' title='bbox 635 221 776 269; x_wconf 80' lang='lat' dir='ltr'><strong>HORATII</strong></span> <span class='ocrx_word' id='word_1_3' title='bbox 798 219 921 267; x_wconf 76' lang='lat' dir='ltr'><strong>Funccl</strong></span> 
     </span>
    </p>
   </div>
   <div class='ocr_carea' id='block_1_2' title="bbox 562 439 949 622">
    <p class='ocr_par' dir='ltr' id='par_1_2' title="bbox 562 439 949 622">
     <span class='ocr_line' id='line_1_2' title="bbox 730 439 785 504; baseline -0.018 0"><span class='ocrx_word' id='word_1_4' title='bbox 730 439 785 504; x_wconf 90' lang='lat' dir='ltr'><strong>IV.</strong></span> 
     </span>
     <span class='ocr_line' id='line_1_3' title="bbox 562 552 949 622; baseline 0 -2"><span class='ocrx_word' id='word_1_5' title='bbox 562 557 626 621; x_wconf 90' lang='lat' dir='ltr'><strong>AD</strong></span> <span class='ocrx_word' id='word_1_6' title='bbox 650 552 949 622; x_wconf 82' lang='lat' dir='ltr'><strong>CALLIOPEN.</strong></span> 
     </span>
    </p>
   </div>
   <div class='ocr_carea' id='block_1_3' title="bbox 251 672 989 1350">
    <p class='ocr_par' dir='ltr' id='par_1_3' title="bbox 278 672 883 920">
     <span class='ocr_line' id='line_1_4' title="bbox 278 672 883 755; baseline -0.008 -12"><span class='ocrx_word' id='word_1_7' title='bbox 278 674 447 743; x_wconf 78' lang='lat' dir='ltr'><strong>Descende</strong></span> <span class='ocrx_word' id='word_1_8' title='bbox 469 673 568 752; x_wconf 83' lang='lat' dir='ltr'><strong>caelo,</strong></span> <span class='ocrx_word' id='word_1_9' title='bbox 592 679 625 738; x_wconf 90' lang='lat' dir='ltr'><strong>et</strong></span> <span class='ocrx_word' id='word_1_10' title='bbox 647 672 698 739; x_wconf 91' lang='lat' dir='ltr'><strong>dic</strong></span> <span class='ocrx_word' id='word_1_11' title='bbox 719 693 782 755; x_wconf 82' lang='lat' dir='ltr'><strong>age</strong></span> <span class='ocrx_word' id='word_1_12' title='bbox 804 672 883 739; x_wconf 84' lang='lat' dir='ltr'><strong>tibia</strong></span> 
     </span>
     <span class='ocr_line' id='line_1_5' title="bbox 278 758 859 843; baseline -0.003 -17"><span class='ocrx_word' id='word_1_13' title='bbox 278 761 403 843; x_wconf 83' lang='lat' dir='ltr'><strong>Regina</strong></span> <span class='ocrx_word' id='word_1_14' title='bbox 424 760 556 840; x_wconf 81' lang='lat' dir='ltr'><strong>longum</strong></span> <span class='ocrx_word' id='word_1_15' title='bbox 579 758 723 843; x_wconf 78' lang='lat' dir='ltr'><strong>Calliope</strong></span> <span class='ocrx_word' id='word_1_16' title='bbox 745 758 859 835; x_wconf 83' lang='lat' dir='ltr'><strong>melos3</strong></span> 
     </span>
     <span class='ocr_line' id='line_1_6' title="bbox 281 842 804 920; baseline -0.011 -8"><span class='ocrx_word' id='word_1_17' title='bbox 281 847 347 913; x_wconf 86' lang='lat' dir='ltr'><strong>Seu</strong></span> <span class='ocrx_word' id='word_1_18' title='bbox 369 864 447 910; x_wconf 90' lang='lat' dir='ltr'><strong>voce</strong></span> <span class='ocrx_word' id='word_1_19' title='bbox 469 863 553 909; x_wconf 91' lang='lat' dir='ltr'><strong>nunc</strong></span> <span class='ocrx_word' id='word_1_20' title='bbox 575 842 678 909; x_wconf 82' lang='lat' dir='ltr'><strong>maria</strong></span> <span class='ocrx_word' id='word_1_21' title='bbox 701 848 804 920; x_wconf 87' lang='lat' dir='ltr'><strong>acuta,</strong></span> 
     </span>
    </p>

    <p class='ocr_par' dir='ltr' id='par_1_4' title="bbox 366 926 918 1008">
     <span class='ocr_line' id='line_1_7' title="bbox 366 926 918 1008; baseline -0.009 -12"><span class='ocrx_word' id='word_1_22' title='bbox 366 931 431 996; x_wconf 84' lang='lat' dir='ltr'><strong>Sea</strong></span> <span class='ocrx_word' id='word_1_23' title='bbox 452 929 580 1008; x_wconf 89' lang='lat' dir='ltr'><strong>fidibus,</strong></span> <span class='ocrx_word' id='word_1_24' title='bbox 604 926 766 994; x_wconf 83' lang='lat' dir='ltr'><strong>citharave</strong></span> <span class='ocrx_word' id='word_1_25' title='bbox 788 926 918 994; x_wconf 89' lang='lat' dir='ltr'><strong>Phoebi.</strong></span> 
     </span>
    </p>

    <p class='ocr_par' dir='ltr' id='par_1_5' title="bbox 251 1012 989 1350">
     <span class='ocr_line' id='line_1_8' title="bbox 251 1012 841 1081; baseline -0.002 -2"><span class='ocrx_word' id='word_1_26' title='bbox 251 1014 432 1081; x_wconf 71' lang='lat' dir='ltr'><strong>cruditis?</strong></span> <span class='ocrx_word' id='word_1_27' title='bbox 453 1035 495 1079; x_wconf 88' lang='lat' dir='ltr'><strong>an</strong></span> <span class='ocrx_word' id='word_1_28' title='bbox 516 1033 569 1079; x_wconf 93' lang='lat' dir='ltr'><strong>me</strong></span> <span class='ocrx_word' id='word_1_29' title='bbox 590 1012 673 1078; x_wconf 90' lang='lat' dir='ltr'><strong>ludit</strong></span> <span class='ocrx_word' id='word_1_30' title='bbox 694 1012 841 1078; x_wconf 81' lang='lat' dir='ltr'><strong>amabilis</strong></span> 
     </span>
     <span class='ocr_line' id='line_1_9' title="bbox 281 1097 859 1183; baseline -0.003 -18"><span class='ocrx_word' id='word_1_31' title='bbox 281 1101 434 1165; x_wconf 73' lang='lat' dir='ltr'><strong>Insania?</strong></span> <span class='ocrx_word' id='word_1_32' title='bbox 456 1098 578 1176; x_wconf 88' lang='lat' dir='ltr'><strong>audire,</strong></span> <span class='ocrx_word' id='word_1_33' title='bbox 602 1104 634 1177; x_wconf 86' lang='lat' dir='ltr'><strong>et</strong></span> <span class='ocrx_word' id='word_1_34' title='bbox 656 1098 766 1164; x_wconf 85' lang='lat' dir='ltr'><strong>videor</strong></span> <span class='ocrx_word' id='word_1_35' title='bbox 787 1097 859 1183; x_wconf 86' lang='lat' dir='ltr'><strong>pios</strong></span> 
     </span>
     <span class='ocr_line' id='line_1_10' title="bbox 322 1184 815 1269; baseline -0.008 -19"><span class='ocrx_word' id='word_1_36' title='bbox 322 1187 437 1250; x_wconf 85' lang='lat' dir='ltr'><strong>Errare</strong></span> <span class='ocrx_word' id='word_1_37' title='bbox 460 1204 518 1269; x_wconf 88' lang='lat' dir='ltr'><strong>per</strong></span> <span class='ocrx_word' id='word_1_38' title='bbox 539 1184 638 1261; x_wconf 86' lang='lat' dir='ltr'><strong>lucos,</strong></span> <span class='ocrx_word' id='word_1_39' title='bbox 661 1202 815 1247; x_wconf 85' lang='lat' dir='ltr'><strong>amoenae</strong></span> 
     </span>
     <span class='ocr_line' id='line_1_11' title="bbox 365 1268 989 1350; baseline -0.01 -16"><span class='ocrx_word' id='word_1_40' title='bbox 365 1270 454 1349; x_wconf 76' lang='lat' dir='ltr'><strong>Quos</strong></span> <span class='ocrx_word' id='word_1_41' title='bbox 477 1275 509 1334; x_wconf 87' lang='lat' dir='ltr'><strong>et</strong></span> <span class='ocrx_word' id='word_1_42' title='bbox 530 1288 635 1350; x_wconf 90' lang='lat' dir='ltr'><strong>aquae</strong></span> <span class='ocrx_word' id='word_1_43' title='bbox 658 1268 805 1343; x_wconf 86' lang='lat' dir='ltr'><strong>subeunt,</strong></span> <span class='ocrx_word' id='word_1_44' title='bbox 829 1272 861 1332; x_wconf 93' lang='lat' dir='ltr'><strong>et</strong></span> <span class='ocrx_word' id='word_1_45' title='bbox 882 1282 989 1331; x_wconf 88' lang='lat' dir='ltr'><strong>aurae.</strong></span> 
     </span>
    </p>
   </div>
   <div class='ocr_carea' id='block_1_4' title="bbox 191 1434 1333 4216">
    <p class='ocr_par' dir='ltr' id='par_1_6' title="bbox 191 1434 1333 2521">
     <span class='ocr_line' id='line_1_12' title="bbox 262 1434 1332 1499; baseline -0.002 -12"><span class='ocrx_word' id='word_1_46' title='bbox 262 1441 285 1488; x_wconf 80' lang='grc'>4.</span> <span class='ocrx_word' id='word_1_47' title='bbox 305 1436 358 1487; x_wconf 85' lang='lat' dir='ltr'><strong>Seu</strong></span> <span class='ocrx_word' id='word_1_48' title='bbox 375 1436 481 1499; x_wconf 79' lang='lat' dir='ltr'><strong>fiditur,</strong></span> <span class='ocrx_word' id='word_1_49' title='bbox 505 1436 756 1497; x_wconf 82' lang='lat' dir='ltr'><strong>citharachlrcebr]</strong></span> <span class='ocrx_word' id='word_1_50' title='bbox 782 1434 868 1484; x_wconf 79' lang='lat' dir='ltr'><strong>Codex</strong></span> <span class='ocrx_word' id='word_1_51' title='bbox 885 1434 1044 1484; x_wconf 85' lang='lat' dir='ltr'><strong>Graevianus</strong></span> <span class='ocrx_word' id='word_1_52' title='bbox 1061 1446 1168 1497; x_wconf 81' lang='lat' dir='ltr'><strong>magnae</strong></span> <span class='ocrx_word' id='word_1_53' title='bbox 1186 1436 1332 1485; x_wconf 81' lang='lat' dir='ltr'><strong>vetustatis</strong></span> 
     </span>
     <span class='ocr_line' id='line_1_13' title="bbox 194 1503 1332 1569; baseline -0.001 -14"><span class='ocrx_word' id='word_1_54' title='bbox 194 1507 333 1569; x_wconf 89' lang='lat' dir='ltr'><strong>citaraque</strong></span> <span class='ocrx_word' id='word_1_55' title='bbox 350 1503 441 1565; x_wconf 86' lang='lat' dir='ltr'><strong>hahet,</strong></span> <span class='ocrx_word' id='word_1_56' title='bbox 466 1503 542 1554; x_wconf 88' lang='lat' dir='ltr'><strong>litera</strong></span> <span class='ocrx_word' id='word_1_57' title='bbox 560 1509 644 1554; x_wconf 88' lang='lat' dir='ltr'><strong>tamen</strong></span> <span class='ocrx_word' id='word_1_58' title='bbox 662 1504 685 1559; x_wconf 81' lang='lat' dir='ltr'>Q</span> <span class='ocrx_word' id='word_1_59' title='bbox 702 1503 754 1553; x_wconf 91' lang='lat' dir='ltr'><strong>iam</strong></span> <span class='ocrx_word' id='word_1_60' title='bbox 772 1518 851 1553; x_wconf 85' lang='lat' dir='ltr'><strong>erasa.</strong></span> <span class='ocrx_word' id='word_1_61' title='bbox 887 1503 980 1552; x_wconf 89' lang='lat' dir='ltr'><strong>Nescio</strong></span> <span class='ocrx_word' id='word_1_62' title='bbox 1002 1504 1084 1561; x_wconf 88' lang='lat' dir='ltr'><strong>certe,</strong></span> <span class='ocrx_word' id='word_1_63' title='bbox 1110 1517 1142 1550; x_wconf 92' lang='lat' dir='ltr'><strong>an</strong></span> <span class='ocrx_word' id='word_1_64' title='bbox 1167 1504 1267 1554; x_wconf 87' lang='lat' dir='ltr'><strong>rectius</strong></span> <span class='ocrx_word' id='word_1_65' title='bbox 1294 1504 1332 1554; x_wconf 79' lang='lat' dir='ltr'><strong>sit</strong></span> 
     </span>
     <span class='ocr_line' id='line_1_14' title="bbox 194 1569 1333 1638; baseline -0.001 -16"><span class='ocrx_word' id='word_1_66' title='bbox 194 1571 259 1622; x_wconf 88' lang='lat' dir='ltr'><strong>illud</strong></span> <span class='ocrx_word' id='word_1_67' title='bbox 277 1574 441 1638; x_wconf 73' lang='lat' dir='ltr'><strong>citharaque.</strong></span> <span class='ocrx_word' id='word_1_68' title='bbox 462 1573 528 1621; x_wconf 90' lang='lat' dir='ltr'><strong>Nam</strong></span> <span class='ocrx_word' id='word_1_69' title='bbox 545 1571 607 1636; x_wconf 90' lang='lat' dir='ltr'><strong>quid</strong></span> <span class='ocrx_word' id='word_1_70' title='bbox 623 1587 654 1621; x_wconf 85' lang='lat' dir='ltr'><strong>ve</strong></span> <span class='ocrx_word' id='word_1_71' title='bbox 668 1570 717 1621; x_wconf 90' lang='lat' dir='ltr'><strong>sibi</strong></span> <span class='ocrx_word' id='word_1_72' title='bbox 727 1570 797 1633; x_wconf 77' lang='lat' dir='ltr'><strong>velit,</strong></span> <span class='ocrx_word' id='word_1_73' title='bbox 817 1586 898 1634; x_wconf 88' lang='lat' dir='ltr'><strong>neque</strong></span> <span class='ocrx_word' id='word_1_74' title='bbox 908 1569 1028 1635; x_wconf 81' lang='lat' dir='ltr'><strong>egeratis</strong></span> <span class='ocrx_word' id='word_1_75' title='bbox 1039 1569 1165 1634; x_wconf 86' lang='lat' dir='ltr'><strong>intelligo,</strong></span> <span class='ocrx_word' id='word_1_76' title='bbox 1184 1586 1230 1620; x_wconf 90' lang='lat' dir='ltr'><strong>nec</strong></span> <span class='ocrx_word' id='word_1_77' title='bbox 1240 1572 1333 1621; x_wconf 86' lang='lat' dir='ltr'><strong>Inter·</strong></span> 
     </span>
     <span class='ocr_line' id='line_1_15' title="bbox 194 1636 1331 1706; baseline 0 -17"><span class='ocrx_word' id='word_1_78' title='bbox 194 1645 279 1706; x_wconf 80' lang='lat' dir='ltr'><strong>pratea</strong></span> <span class='ocrx_word' id='word_1_79' title='bbox 298 1641 436 1705; x_wconf 87' lang='lat' dir='ltr'><strong>quidquam</strong></span> <span class='ocrx_word' id='word_1_80' title='bbox 454 1640 606 1704; x_wconf 83' lang='lat' dir='ltr'><strong>expediuut;</strong></span> <span class='ocrx_word' id='word_1_81' title='bbox 625 1655 682 1689; x_wconf 90' lang='lat' dir='ltr'><strong>cum</strong></span> <span class='ocrx_word' id='word_1_82' title='bbox 699 1639 766 1701; x_wconf 80' lang='lat' dir='ltr'><strong>fidae</strong></span> <span class='ocrx_word' id='word_1_83' title='bbox 783 1642 829 1688; x_wconf 87' lang='lat' dir='ltr'><strong>aut</strong></span> <span class='ocrx_word' id='word_1_84' title='bbox 844 1654 891 1703; x_wconf 90' lang='lat' dir='ltr'><strong>per</strong></span> <span class='ocrx_word' id='word_1_85' title='bbox 904 1637 1077 1704; x_wconf 79' lang='lat' dir='ltr'><strong>synecdochen</strong></span> <span class='ocrx_word' id='word_1_86' title='bbox 1090 1637 1147 1702; x_wconf 88' lang='lat' dir='ltr'><strong>ipsa</strong></span> <span class='ocrx_word' id='word_1_87' title='bbox 1159 1636 1275 1689; x_wconf 79' lang='lat' dir='ltr'><strong>Cithara</strong></span> <span class='ocrx_word' id='word_1_88' title='bbox 1285 1640 1331 1701; x_wconf 82' lang='lat' dir='ltr'><strong>sit,</strong></span> 
     </span>
     <span class='ocr_line' id='line_1_16' title="bbox 194 1705 1331 1773; baseline 0 -16"><span class='ocrx_word' id='word_1_89' title='bbox 194 1712 239 1757; x_wconf 90' lang='lat' dir='ltr'><strong>aut</strong></span> <span class='ocrx_word' id='word_1_90' title='bbox 252 1709 355 1773; x_wconf 86' lang='lat' dir='ltr'><strong>proprie</strong></span> <span class='ocrx_word' id='word_1_91' title='bbox 368 1724 426 1773; x_wconf 87' lang='lat' dir='ltr'><strong>pars</strong></span> <span class='ocrx_word' id='word_1_92' title='bbox 437 1707 569 1770; x_wconf 72' lang='lat' dir='ltr'><strong>citharae,</strong></span> <span class='ocrx_word' id='word_1_93' title='bbox 582 1723 677 1772; x_wconf 25' lang='lat' dir='ltr'><strong>,nempe</strong></span> <span class='ocrx_word' id='word_1_94' title='bbox 694 1707 766 1757; x_wconf 86' lang='lat' dir='ltr'><strong>nervi</strong></span> <span class='ocrx_word' id='word_1_95' title='bbox 785 1706 837 1757; x_wconf 87' lang='lat' dir='ltr'><strong>sive</strong></span> <span class='ocrx_word' id='word_1_96' title='bbox 856 1706 971 1756; x_wconf 88' lang='lat' dir='ltr'><strong>chordae.</strong></span> <span class='ocrx_word' id='word_1_97' title='bbox 989 1707 1093 1765; x_wconf 79' lang='lat' dir='ltr'><strong>Festns3</strong></span> <span class='ocrx_word' id='word_1_98' title='bbox 1113 1705 1218 1769; x_wconf 61' lang='lat' dir='ltr'><strong>„Fiam</strong></span> <span class='ocrx_word' id='word_1_99' title='bbox 1233 1721 1331 1770; x_wconf 75' lang='lat' dir='ltr'><strong>genus</strong></span> 
     </span>
     <span class='ocr_line' id='line_1_17' title="bbox 197 1772 1331 1842; baseline -0.002 -16"><span class='ocrx_word' id='word_1_100' title='bbox 197 1774 348 1826; x_wconf 78' lang='lat' dir='ltr'><strong>Ottharae.“</strong></span> <span class='ocrx_word' id='word_1_101' title='bbox 384 1777 543 1826; x_wconf 83' lang='lat' dir='ltr'><strong>Glossarium</strong></span> <span class='ocrx_word' id='word_1_102' title='bbox 564 1775 803 1840; x_wconf 82' lang='lat' dir='ltr'><strong>Latino-graecum:</strong></span> <span class='ocrx_word' id='word_1_103' title='bbox 830 1773 931 1837; x_wconf 66' lang='lat' dir='ltr'><strong>„itam</strong></span> <span class='ocrx_word' id='word_1_104' title='bbox 949 1772 1033 1842; x_wconf 79' lang='lat' dir='ltr'><strong>tripu,</strong></span> <span class='ocrx_word' id='word_1_105' title='bbox 1052 1772 1171 1838; x_wconf 75' lang='grc' dir='ltr'><strong>κιθάρα,</strong></span> <span class='ocrx_word' id='word_1_106' title='bbox 1186 1772 1331 1840; x_wconf 58' lang='lat' dir='ltr'><strong>xopdac&#39;J‘</strong></span> 
     </span>
     <span class='ocr_line' id='line_1_18' title="bbox 194 1836 1330 1913; baseline -0.001 -21"><span class='ocrx_word' id='word_1_107' title='bbox 194 1843 427 1893; x_wconf 83' lang='lat' dir='ltr'><strong>Graeco-latinum:</strong></span> <span class='ocrx_word' id='word_1_108' title='bbox 455 1840 565 1913; x_wconf 79' lang='lat' dir='ltr'><strong>Xopdal</strong></span> <span class='ocrx_word' id='word_1_109' title='bbox 598 1838 694 1909; x_wconf 73' lang='lat' dir='ltr'><strong>lipara,</strong></span> <span class='ocrx_word' id='word_1_110' title='bbox 719 1842 792 1905; x_wconf 79' lang='lat' dir='ltr'><strong>fides.</strong></span> <span class='ocrx_word' id='word_1_111' title='bbox 828 1838 924 1908; x_wconf 68' lang='lat' dir='ltr'><strong>Xopdiq</strong></span> <span class='ocrx_word' id='word_1_112' title='bbox 949 1836 1079 1909; x_wconf 78' lang='grc' dir='ltr'><strong>ἧνευρὰ,</strong></span> <span class='ocrx_word' id='word_1_113' title='bbox 1103 1840 1186 1903; x_wconf 79' lang='lat' dir='ltr'><strong>fider,</strong></span> <span class='ocrx_word' id='word_1_114' title='bbox 1211 1842 1330 1894; x_wconf 76' lang='lat' dir='ltr'><strong>chorda.</strong></span> 
     </span>
     <span class='ocr_line' id='line_1_19' title="bbox 193 1907 1330 1977; baseline 0.003 -17"><span class='ocrx_word' id='word_1_115' title='bbox 193 1912 295 1977; x_wconf 81' lang='grc' dir='ltr'>Νεῧρα,</span> <span class='ocrx_word' id='word_1_116' title='bbox 316 1907 351 1961; x_wconf 83' lang='grc' dir='ltr'><strong>τὰ</strong></span> <span class='ocrx_word' id='word_1_117' title='bbox 368 1913 416 1972; x_wconf 81' lang='grc' dir='ltr'><strong>τῆς</strong></span> <span class='ocrx_word' id='word_1_118' title='bbox 432 1910 558 1977; x_wconf 74' lang='grc' dir='ltr'><strong>κιθάρας,</strong></span> <span class='ocrx_word' id='word_1_119' title='bbox 575 1911 667 1971; x_wconf 82' lang='lat' dir='ltr'><strong>fides.“</strong></span> <span class='ocrx_word' id='word_1_120' title='bbox 702 1911 727 1960; x_wconf 79' lang='lat' dir='ltr'><strong>S.</strong></span> <span class='ocrx_word' id='word_1_121' title='bbox 746 1909 896 1960; x_wconf 80' lang='lat' dir='ltr'><strong>Ambrosius</strong></span> <span class='ocrx_word' id='word_1_122' title='bbox 913 1909 944 1960; x_wconf 91' lang='lat' dir='ltr'><strong>de</strong></span> <span class='ocrx_word' id='word_1_123' title='bbox 961 1907 1034 1959; x_wconf 87' lang='lat' dir='ltr'><strong>obitu</strong></span> <span class='ocrx_word' id='word_1_124' title='bbox 1052 1908 1188 1958; x_wconf 87' lang='lat' dir='ltr'><strong>Theodosii</strong></span> <span class='ocrx_word' id='word_1_125' title='bbox 1206 1913 1239 1974; x_wconf 91' lang='lat' dir='ltr'><strong>[p.</strong></span> <span class='ocrx_word' id='word_1_126' title='bbox 1259 1913 1330 1963; x_wconf 81' lang='grc'>1201</span> 
     </span>
     <span class='ocr_line' id='line_1_20' title="bbox 194 1976 1330 2043; baseline -0.001 -13"><span class='ocrx_word' id='word_1_127' title='bbox 194 1979 232 2030; x_wconf 91' lang='lat' dir='ltr'><strong>ed.</strong></span> <span class='ocrx_word' id='word_1_128' title='bbox 242 1981 330 2041; x_wconf 88' lang='lat' dir='ltr'><strong>Ben.];</strong></span> <span class='ocrx_word' id='word_1_129' title='bbox 348 1978 443 2043; x_wconf 84' lang='lat' dir='ltr'><strong>„Unde</strong></span> <span class='ocrx_word' id='word_1_130' title='bbox 461 1981 588 2042; x_wconf 79' lang='lat' dir='ltr'><strong>arbitror,</strong></span> <span class='ocrx_word' id='word_1_131' title='bbox 607 1979 679 2043; x_wconf 83' lang='lat' dir='ltr'><strong>quad</strong></span> <span class='ocrx_word' id='word_1_132' title='bbox 696 1979 739 2027; x_wconf 90' lang='lat' dir='ltr'><strong>fila</strong></span> <span class='ocrx_word' id='word_1_133' title='bbox 755 1977 908 2028; x_wconf 89' lang='lat' dir='ltr'><strong>chordarum</strong></span> <span class='ocrx_word' id='word_1_134' title='bbox 917 1978 1029 2027; x_wconf 89' lang='lat' dir='ltr'><strong>citharae</strong></span> <span class='ocrx_word' id='word_1_135' title='bbox 1041 1976 1100 2026; x_wconf 82' lang='lat' dir='ltr'><strong>idco</strong></span> <span class='ocrx_word' id='word_1_136' title='bbox 1111 1976 1171 2027; x_wconf 86' lang='lat' dir='ltr'><strong>fides</strong></span> <span class='ocrx_word' id='word_1_137' title='bbox 1185 1977 1330 2041; x_wconf 84' lang='lat' dir='ltr'><strong>dicuutur,</strong></span> 
     </span>
     <span class='ocr_line' id='line_1_21' title="bbox 194 2044 1332 2112; baseline 0 -15"><span class='ocrx_word' id='word_1_138' title='bbox 194 2049 321 2112; x_wconf 84' lang='lat' dir='ltr'><strong>quoniam</strong></span> <span class='ocrx_word' id='word_1_139' title='bbox 344 2052 371 2097; x_wconf 87' lang='lat' dir='ltr'><strong>at</strong></span> <span class='ocrx_word' id='word_1_140' title='bbox 392 2052 514 2098; x_wconf 89' lang='lat' dir='ltr'><strong>mortuae</strong></span> <span class='ocrx_word' id='word_1_141' title='bbox 530 2060 625 2096; x_wconf 84' lang='lat' dir='ltr'><strong>renum</strong></span> <span class='ocrx_word' id='word_1_142' title='bbox 642 2045 787 2096; x_wconf 84' lang='lat' dir='ltr'><strong>redduat.“</strong></span> <span class='ocrx_word' id='word_1_143' title='bbox 822 2045 886 2097; x_wconf 87' lang='lat' dir='ltr'><strong>Vide</strong></span> <span class='ocrx_word' id='word_1_144' title='bbox 904 2048 1005 2110; x_wconf 88' lang='lat' dir='ltr'><strong>itaque,</strong></span> <span class='ocrx_word' id='word_1_145' title='bbox 1024 2060 1109 2094; x_wconf 89' lang='lat' dir='ltr'><strong>annon</strong></span> <span class='ocrx_word' id='word_1_146' title='bbox 1127 2044 1274 2096; x_wconf 85' lang='lat' dir='ltr'><strong>reducenda</strong></span> <span class='ocrx_word' id='word_1_147' title='bbox 1294 2047 1332 2097; x_wconf 83' lang='lat' dir='ltr'><strong>eit</strong></span> 
     </span>
     <span class='ocr_line' id='line_1_22' title="bbox 193 2113 1331 2178; baseline 0.001 -14"><span class='ocrx_word' id='word_1_148' title='bbox 193 2115 270 2164; x_wconf 84' lang='lat' dir='ltr'><strong>lectio</strong></span> <span class='ocrx_word' id='word_1_149' title='bbox 280 2114 418 2165; x_wconf 71' lang='lat' dir='ltr'><strong>Graeciani</strong></span> <span class='ocrx_word' id='word_1_150' title='bbox 436 2114 540 2178; x_wconf 89' lang='lat' dir='ltr'><strong>codicis,</strong></span> <span class='ocrx_word' id='word_1_151' title='bbox 558 2113 630 2178; x_wconf 88' lang='lat' dir='ltr'><strong>„Seu</strong></span> <span class='ocrx_word' id='word_1_152' title='bbox 647 2114 746 2175; x_wconf 77' lang='lat' dir='ltr'><strong>fiditur</strong></span> <span class='ocrx_word' id='word_1_153' title='bbox 760 2115 916 2178; x_wconf 77' lang='lat' dir='ltr'><strong>citharaque</strong></span> <span class='ocrx_word' id='word_1_154' title='bbox 925 2114 1052 2174; x_wconf 77' lang='lat' dir='ltr'><strong>Plrocii“3</strong></span> <span class='ocrx_word' id='word_1_155' title='bbox 1070 2113 1119 2161; x_wconf 90' lang='lat' dir='ltr'><strong>hoc</strong></span> <span class='ocrx_word' id='word_1_156' title='bbox 1130 2117 1175 2173; x_wconf 89' lang='lat' dir='ltr'><strong>est,</strong></span> <span class='ocrx_word' id='word_1_157' title='bbox 1195 2113 1244 2162; x_wconf 84' lang='lat' dir='ltr'><strong>Seu</strong></span> <span class='ocrx_word' id='word_1_158' title='bbox 1259 2129 1331 2165; x_wconf 85' lang='lat' dir='ltr'><strong>voce</strong></span> 
     </span>
     <span class='ocr_line' id='line_1_23' title="bbox 194 2180 1330 2247; baseline 0.001 -16"><span class='ocrx_word' id='word_1_159' title='bbox 194 2199 262 2233; x_wconf 91' lang='lat' dir='ltr'><strong>nuno</strong></span> <span class='ocrx_word' id='word_1_160' title='bbox 279 2183 373 2246; x_wconf 90' lang='lat' dir='ltr'><strong>mavis,</strong></span> <span class='ocrx_word' id='word_1_161' title='bbox 401 2184 450 2233; x_wconf 86' lang='lat' dir='ltr'><strong>Seu</strong></span> <span class='ocrx_word' id='word_1_162' title='bbox 475 2182 582 2233; x_wconf 77' lang='lat' dir='ltr'><strong>chordis</strong></span> <span class='ocrx_word' id='word_1_163' title='bbox 600 2188 627 2231; x_wconf 88' lang='lat' dir='ltr'><strong>ct</strong></span> <span class='ocrx_word' id='word_1_164' title='bbox 644 2183 749 2231; x_wconf 80' lang='lat' dir='ltr'><strong>cithara</strong></span> <span class='ocrx_word' id='word_1_165' title='bbox 766 2182 902 2245; x_wconf 80' lang='lat' dir='ltr'><strong>Apollinis.</strong></span> <span class='ocrx_word' id='word_1_166' title='bbox 938 2183 978 2231; x_wconf 90' lang='lat' dir='ltr'><strong>Ita</strong></span> <span class='ocrx_word' id='word_1_167' title='bbox 995 2181 1087 2230; x_wconf 80' lang='lat' dir='ltr'><strong>Noster</strong></span> <span class='ocrx_word' id='word_1_168' title='bbox 1104 2180 1167 2230; x_wconf 89' lang='lat' dir='ltr'><strong>alibi</strong></span> <span class='ocrx_word' id='word_1_169' title='bbox 1191 2181 1259 2243; x_wconf 76' lang='lat' dir='ltr'><strong>fides</strong></span> <span class='ocrx_word' id='word_1_170' title='bbox 1278 2198 1330 2247; x_wconf 90' lang='lat' dir='ltr'><strong>pro</strong></span> 
     </span>
     <span class='ocr_line' id='line_1_24' title="bbox 193 2244 1330 2316; baseline 0 -16"><span class='ocrx_word' id='word_1_171' title='bbox 193 2252 283 2300; x_wconf 81' lang='lat' dir='ltr'><strong>marvis</strong></span> <span class='ocrx_word' id='word_1_172' title='bbox 300 2250 399 2315; x_wconf 81' lang='lat' dir='ltr'><strong>Lyrae,</strong></span> <span class='ocrx_word' id='word_1_173' title='bbox 418 2250 499 2300; x_wconf 82' lang='lat' dir='ltr'><strong>Germ.</strong></span> <span class='ocrx_word' id='word_1_174' title='bbox 509 2250 552 2311; x_wconf 90' lang='lat' dir='ltr'><strong>lV,</strong></span> <span class='ocrx_word' id='word_1_175' title='bbox 562 2252 586 2312; x_wconf 89' lang='grc'><strong>3,</strong></span> <span class='ocrx_word' id='word_1_176' title='bbox 597 2252 638 2301; x_wconf 82' lang='grc'>23.</span> <span class='ocrx_word' id='word_1_177' title='bbox 665 2247 819 2313; x_wconf 78' lang='lat' dir='ltr'><strong>„Romanae</strong></span> <span class='ocrx_word' id='word_1_178' title='bbox 833 2246 933 2316; x_wconf 81' lang='lat' dir='ltr'><strong>fidicen</strong></span> <span class='ocrx_word' id='word_1_179' title='bbox 942 2248 1058 2315; x_wconf 73' lang='lat' dir='ltr'><strong>Lyracf‘</strong></span> <span class='ocrx_word' id='word_1_180' title='bbox 1075 2247 1121 2297; x_wconf 87' lang='lat' dir='ltr'><strong>ubi</strong></span> <span class='ocrx_word' id='word_1_181' title='bbox 1131 2244 1231 2314; x_wconf 81' lang='lat' dir='ltr'><strong>fidicen</strong></span> <span class='ocrx_word' id='word_1_182' title='bbox 1243 2250 1330 2315; x_wconf 79' lang='lat' dir='ltr'><strong>tyrae</strong></span> 
     </span>
     <span class='ocr_line' id='line_1_25' title="bbox 193 2315 1327 2383; baseline 0 -16"><span class='ocrx_word' id='word_1_183' title='bbox 193 2318 261 2367; x_wconf 88' lang='lat' dir='ltr'><strong>nihil</strong></span> <span class='ocrx_word' id='word_1_184' title='bbox 278 2318 348 2368; x_wconf 89' lang='lat' dir='ltr'><strong>aliud</strong></span> <span class='ocrx_word' id='word_1_185' title='bbox 366 2323 417 2381; x_wconf 88' lang='lat' dir='ltr'><strong>eet,</strong></span> <span class='ocrx_word' id='word_1_186' title='bbox 444 2334 519 2383; x_wconf 91' lang='lat' dir='ltr'><strong>quam</strong></span> <span class='ocrx_word' id='word_1_187' title='bbox 543 2317 596 2381; x_wconf 76' lang='lat' dir='ltr'><strong>Qui</strong></span> <span class='ocrx_word' id='word_1_188' title='bbox 613 2333 680 2367; x_wconf 86' lang='lat' dir='ltr'><strong>cauo</strong></span> <span class='ocrx_word' id='word_1_189' title='bbox 696 2315 796 2383; x_wconf 78' lang='lat' dir='ltr'><strong>fidibus</strong></span> <span class='ocrx_word' id='word_1_190' title='bbox 814 2317 897 2383; x_wconf 85' lang='lat' dir='ltr'><strong>lqrac.</strong></span> <span class='ocrx_word' id='word_1_191' title='bbox 925 2316 1079 2367; x_wconf 88' lang='lat' dir='ltr'><strong>Prudentiae</strong></span> <span class='ocrx_word' id='word_1_192' title='bbox 1095 2315 1206 2366; x_wconf 81' lang='lat' dir='ltr'><strong>Gathem.</strong></span> <span class='ocrx_word' id='word_1_193' title='bbox 1219 2317 1270 2378; x_wconf 87' lang='grc' dir='ltr'>ΙΙΙ,</span> <span class='ocrx_word' id='word_1_194' title='bbox 1284 2320 1327 2369; x_wconf 87' lang='lat'><strong>81.</strong></span> 
     </span>
     <span class='ocr_line' id='line_1_26' title="bbox 194 2383 1328 2452; baseline 0.001 -16"><span class='ocrx_word' id='word_1_195' title='bbox 194 2385 286 2449; x_wconf 77' lang='lat' dir='ltr'><strong>„Quae</strong></span> <span class='ocrx_word' id='word_1_196' title='bbox 303 2392 421 2437; x_wconf 77' lang='lat' dir='ltr'><strong>valeriam</strong></span> <span class='ocrx_word' id='word_1_197' title='bbox 439 2385 510 2446; x_wconf 89' lang='lat' dir='ltr'><strong>tuba,</strong></span> <span class='ocrx_word' id='word_1_198' title='bbox 528 2401 630 2451; x_wconf 86' lang='lat' dir='ltr'><strong>quaeve</strong></span> <span class='ocrx_word' id='word_1_199' title='bbox 646 2385 709 2451; x_wconf 86' lang='lat' dir='ltr'><strong>lyra,</strong></span> <span class='ocrx_word' id='word_1_200' title='bbox 731 2383 848 2434; x_wconf 85' lang='lat' dir='ltr'><strong>Flatibus</strong></span> <span class='ocrx_word' id='word_1_201' title='bbox 867 2386 970 2452; x_wconf 77' lang='lat' dir='ltr'><strong>inclyta</strong></span> <span class='ocrx_word' id='word_1_202' title='bbox 988 2384 1030 2434; x_wconf 83' lang='lat' dir='ltr'><strong>vel</strong></span> <span class='ocrx_word' id='word_1_203' title='bbox 1046 2383 1174 2434; x_wconf 73' lang='lat' dir='ltr'><strong>fidbusr‘</strong></span> <span class='ocrx_word' id='word_1_204' title='bbox 1192 2383 1237 2434; x_wconf 89' lang='lat' dir='ltr'><strong>nbi</strong></span> <span class='ocrx_word' id='word_1_205' title='bbox 1258 2385 1328 2452; x_wconf 73' lang='lat' dir='ltr'><strong>lyra</strong></span> 
     </span>
     <span class='ocr_line' id='line_1_27' title="bbox 191 2452 830 2521; baseline -0.005 -17"><span class='ocrx_word' id='word_1_206' title='bbox 191 2452 291 2520; x_wconf 76' lang='lat' dir='ltr'><strong>fidibus</strong></span> <span class='ocrx_word' id='word_1_207' title='bbox 309 2455 421 2521; x_wconf 75' lang='lat' dir='ltr'><strong>inclyia,</strong></span> <span class='ocrx_word' id='word_1_208' title='bbox 440 2458 478 2504; x_wconf 87' lang='lat' dir='ltr'><strong>est</strong></span> <span class='ocrx_word' id='word_1_209' title='bbox 496 2453 606 2516; x_wconf 90' lang='lat' dir='ltr'><strong>chordis,</strong></span> <span class='ocrx_word' id='word_1_210' title='bbox 628 2453 712 2503; x_wconf 90' lang='lat' dir='ltr'><strong>nervis</strong></span> <span class='ocrx_word' id='word_1_211' title='bbox 730 2452 830 2502; x_wconf 86' lang='lat' dir='ltr'><strong>eximia.</strong></span> 
     </span>
    </p>

    <p class='ocr_par' dir='ltr' id='par_1_7' title="bbox 192 2520 1329 4216">
     <span class='ocr_line' id='line_1_28' title="bbox 261 2520 1329 2587; baseline -0.003 -13"><span class='ocrx_word' id='word_1_212' title='bbox 261 2524 284 2574; x_wconf 96' lang='grc'>6.</span> <span class='ocrx_word' id='word_1_213' title='bbox 309 2522 347 2571; x_wconf 89' lang='lat' dir='ltr'><strong>Et</strong></span> <span class='ocrx_word' id='word_1_214' title='bbox 369 2522 462 2572; x_wconf 84' lang='lat' dir='ltr'><strong>videor</strong></span> <span class='ocrx_word' id='word_1_215' title='bbox 483 2526 544 2587; x_wconf 81' lang='lat' dir='ltr'><strong>pios</strong></span> <span class='ocrx_word' id='word_1_216' title='bbox 568 2522 671 2572; x_wconf 91' lang='lat' dir='ltr'><strong>Errare</strong></span> <span class='ocrx_word' id='word_1_217' title='bbox 688 2536 737 2585; x_wconf 85' lang='lat' dir='ltr'><strong>per</strong></span> <span class='ocrx_word' id='word_1_218' title='bbox 756 2522 837 2583; x_wconf 78' lang='lat' dir='ltr'><strong>lucae]</strong></span> <span class='ocrx_word' id='word_1_219' title='bbox 873 2520 952 2569; x_wconf 83' lang='lat' dir='ltr'><strong>Vetus</strong></span> <span class='ocrx_word' id='word_1_220' title='bbox 970 2520 1124 2570; x_wconf 83' lang='lat' dir='ltr'><strong>Scholiastes</strong></span> <span class='ocrx_word' id='word_1_221' title='bbox 1142 2521 1239 2581; x_wconf 87' lang='lat' dir='ltr'><strong>Aaron,</strong></span> <span class='ocrx_word' id='word_1_222' title='bbox 1266 2536 1329 2571; x_wconf 87' lang='lat' dir='ltr'><strong>cum</strong></span> 
     </span>
     <span class='ocr_line' id='line_1_29' title="bbox 193 2587 1326 2654; baseline 0.002 -17"><span class='ocrx_word' id='word_1_223' title='bbox 193 2587 343 2652; x_wconf 87' lang='lat' dir='ltr'><strong>quibasdam</strong></span> <span class='ocrx_word' id='word_1_224' title='bbox 352 2604 383 2638; x_wconf 83' lang='lat' dir='ltr'><strong>er</strong></span> <span class='ocrx_word' id='word_1_225' title='bbox 391 2590 584 2647; x_wconf 83' lang='lat' dir='ltr'><strong>recentioribus,</strong></span> <span class='ocrx_word' id='word_1_226' title='bbox 600 2592 661 2654; x_wconf 80' lang='lat' dir='ltr'><strong>pias</strong></span> <span class='ocrx_word' id='word_1_227' title='bbox 679 2590 946 2652; x_wconf 81' lang='lat' dir='ltr'><strong>lucorinterpretatur</strong></span> <span class='ocrx_word' id='word_1_228' title='bbox 959 2602 1083 2637; x_wconf 82' lang='lat' dir='ltr'><strong>amoenos</strong></span> <span class='ocrx_word' id='word_1_229' title='bbox 1102 2588 1177 2638; x_wconf 81' lang='lat' dir='ltr'><strong>lucar</strong></span> <span class='ocrx_word' id='word_1_230' title='bbox 1194 2587 1326 2653; x_wconf 72' lang='lat' dir='ltr'><strong>Elysii.</strong></span> 
     </span>
     <span class='ocr_line' id='line_1_30' title="bbox 193 2655 1327 2720; baseline 0.002 -16"><span class='ocrx_word' id='word_1_231' title='bbox 193 2655 266 2704; x_wconf 88' lang='lat' dir='ltr'><strong>Unde</strong></span> <span class='ocrx_word' id='word_1_232' title='bbox 283 2656 324 2705; x_wconf 82' lang='lat' dir='ltr'><strong>vir</strong></span> <span class='ocrx_word' id='word_1_233' title='bbox 341 2656 444 2720; x_wconf 87' lang='lat' dir='ltr'><strong>quidam</strong></span> <span class='ocrx_word' id='word_1_234' title='bbox 462 2656 576 2705; x_wconf 87' lang='lat' dir='ltr'><strong>eruditus</strong></span> <span class='ocrx_word' id='word_1_235' title='bbox 602 2657 639 2706; x_wconf 88' lang='lat' dir='ltr'><strong>sic</strong></span> <span class='ocrx_word' id='word_1_236' title='bbox 663 2656 746 2706; x_wconf 89' lang='lat' dir='ltr'><strong>locum</strong></span> <span class='ocrx_word' id='word_1_237' title='bbox 765 2655 943 2720; x_wconf 82' lang='lat' dir='ltr'><strong>corrigendum</strong></span> <span class='ocrx_word' id='word_1_238' title='bbox 960 2660 1089 2717; x_wconf 83' lang='lat' dir='ltr'><strong>autumat,</strong></span> <span class='ocrx_word' id='word_1_239' title='bbox 1116 2661 1142 2705; x_wconf 86' lang='lat' dir='ltr'><strong>et</strong></span> <span class='ocrx_word' id='word_1_240' title='bbox 1158 2656 1327 2706; x_wconf 86' lang='lat' dir='ltr'><strong>insolentiam</strong></span> 
     </span>
     <span class='ocr_line' id='line_1_31' title="bbox 192 2723 1328 2789; baseline 0.003 -17"><span class='ocrx_word' id='word_1_241' title='bbox 192 2723 311 2787; x_wconf 85' lang='lat' dir='ltr'><strong>Epitheti</strong></span> <span class='ocrx_word' id='word_1_242' title='bbox 329 2739 358 2772; x_wconf 90' lang='lat' dir='ltr'><strong>eo</strong></span> <span class='ocrx_word' id='word_1_243' title='bbox 376 2728 451 2787; x_wconf 86' lang='lat' dir='ltr'><strong>pacto</strong></span> <span class='ocrx_word' id='word_1_244' title='bbox 470 2723 574 2784; x_wconf 87' lang='lat' dir='ltr'><strong>devitat,</strong></span> <span class='ocrx_word' id='word_1_245' title='bbox 592 2724 707 2787; x_wconf 81' lang='lat' dir='ltr'><strong>„audire</strong></span> <span class='ocrx_word' id='word_1_246' title='bbox 724 2730 751 2774; x_wconf 85' lang='lat' dir='ltr'><strong>ai</strong></span> <span class='ocrx_word' id='word_1_247' title='bbox 766 2725 859 2774; x_wconf 84' lang='lat' dir='ltr'><strong>uidcor</strong></span> <span class='ocrx_word' id='word_1_248' title='bbox 875 2724 977 2789; x_wconf 87' lang='lat' dir='ltr'><strong>piorum</strong></span> <span class='ocrx_word' id='word_1_249' title='bbox 995 2724 1099 2774; x_wconf 80' lang='lat' dir='ltr'><strong>Errare</strong></span> <span class='ocrx_word' id='word_1_250' title='bbox 1109 2739 1160 2789; x_wconf 86' lang='lat' dir='ltr'><strong>per</strong></span> <span class='ocrx_word' id='word_1_251' title='bbox 1173 2723 1279 2775; x_wconf 81' lang='lat' dir='ltr'><strong>Iucoa“:</strong></span> <span class='ocrx_word' id='word_1_252' title='bbox 1296 2729 1328 2775; x_wconf 80' lang='lat' dir='ltr'><strong>ut</strong></span> 
     </span>
     <span class='ocr_line' id='line_1_32' title="bbox 193 2789 1325 2925; baseline 0.004 -20"><span class='ocrx_word' id='word_1_253' title='bbox 193 2789 1057 2921; x_wconf 56' lang='lat' dir='ltr'><strong>{illicititlt“quittttttutttitttaltitu</strong></span> <span class='ocrx_word' id='word_1_254' title='bbox 1072 2790 1325 2925; x_wconf 52' lang='lat' dir='ltr'><strong>hatticha</strong></span> 
     </span>
     <span class='ocr_line' id='line_1_33' title="bbox 193 2897 1326 2994; baseline 0.003 -20"><span class='ocrx_word' id='word_1_255' title='bbox 193 2927 286 2975; x_wconf 86' lang='lat' dir='ltr'><strong>Noster</strong></span> <span class='ocrx_word' id='word_1_256' title='bbox 296 2942 372 2992; x_wconf 91' lang='lat' dir='ltr'><strong>snpra</strong></span> <span class='ocrx_word' id='word_1_257' title='bbox 381 2926 463 2979; x_wconf 81' lang='lat' dir='ltr'><strong>Carm.</strong></span> <span class='ocrx_word' id='word_1_258' title='bbox 473 2929 507 2990; x_wconf 92' lang='grc' dir='ltr'><strong>ΙΙ,</strong></span> <span class='ocrx_word' id='word_1_259' title='bbox 520 2930 559 2993; x_wconf 84' lang='grc'><strong>13,</strong></span> <span class='ocrx_word' id='word_1_260' title='bbox 570 2929 609 2980; x_wconf 85' lang='grc'>23.</span> <span class='ocrx_word' id='word_1_261' title='bbox 629 2897 760 2992; x_wconf 65' lang='lat' dir='ltr'><strong>Scdhrquc</strong></span> <span class='ocrx_word' id='word_1_262' title='bbox 770 2897 899 2978; x_wconf 75' lang='lat' dir='ltr'><strong>discretas</strong></span> <span class='ocrx_word' id='word_1_263' title='bbox 907 2928 1037 2979; x_wconf 86' lang='lat' dir='ltr'><strong>Piorum.“</strong></span> <span class='ocrx_word' id='word_1_264' title='bbox 1049 2927 1205 2977; x_wconf 82' lang='lat' dir='ltr'><strong>Claudianus</strong></span> <span class='ocrx_word' id='word_1_265' title='bbox 1214 2928 1326 2994; x_wconf 86' lang='lat' dir='ltr'><strong>Eutrop.</strong></span> 
     </span>
     <span class='ocr_line' id='line_1_34' title="bbox 195 2993 1325 3061; baseline 0.002 -18"><span class='ocrx_word' id='word_1_266' title='bbox 195 2994 227 3058; x_wconf 89' lang='lat' dir='ltr'><strong>[I]</strong></span> <span class='ocrx_word' id='word_1_267' title='bbox 244 3010 267 3045; x_wconf 83' lang='lat' dir='ltr'><strong>r.</strong></span> <span class='ocrx_word' id='word_1_268' title='bbox 283 2996 340 3047; x_wconf 80' lang='lat'>453.</span> <span class='ocrx_word' id='word_1_269' title='bbox 366 3000 465 3061; x_wconf 88' lang='lat' dir='ltr'><strong>„tuque</strong></span> <span class='ocrx_word' id='word_1_270' title='bbox 482 2993 498 3047; x_wconf 79' lang='lat' dir='ltr'><strong>i</strong></span> <span class='ocrx_word' id='word_1_271' title='bbox 515 3000 540 3047; x_wconf 80' lang='lat' dir='ltr'><strong>ai</strong></span> <span class='ocrx_word' id='word_1_272' title='bbox 555 2996 628 3057; x_wconf 77' lang='lat' dir='ltr'><strong>forle</strong></span> <span class='ocrx_word' id='word_1_273' title='bbox 643 2995 747 3045; x_wconf 87' lang='lat' dir='ltr'><strong>Piorum</strong></span> <span class='ocrx_word' id='word_1_274' title='bbox 765 2995 878 3061; x_wconf 79' lang='lat' dir='ltr'><strong>Iugera,</strong></span> <span class='ocrx_word' id='word_1_275' title='bbox 897 3000 924 3045; x_wconf 87' lang='lat' dir='ltr'><strong>ai</strong></span> <span class='ocrx_word' id='word_1_276' title='bbox 940 2995 1048 3061; x_wconf 76' lang='lat' dir='ltr'><strong>Elysiae</strong></span> <span class='ocrx_word' id='word_1_277' title='bbox 1064 2995 1179 3059; x_wconf 79' lang='lat' dir='ltr'><strong>scindis,</strong></span> <span class='ocrx_word' id='word_1_278' title='bbox 1198 2994 1325 3061; x_wconf 81' lang='lat' dir='ltr'><strong>Serrana,</strong></span> 
     </span>
     <span class='ocr_line' id='line_1_35' title="bbox 193 3062 1326 3131; baseline 0.003 -20"><span class='ocrx_word' id='word_1_279' title='bbox 193 3062 328 3114; x_wconf 78' lang='lat' dir='ltr'><strong>uovalca.“</strong></span> <span class='ocrx_word' id='word_1_280' title='bbox 362 3063 489 3117; x_wconf 81' lang='lat' dir='ltr'><strong>Martialis</strong></span> <span class='ocrx_word' id='word_1_281' title='bbox 506 3065 583 3131; x_wconf 85' lang='lat' dir='ltr'><strong>Epig.</strong></span> <span class='ocrx_word' id='word_1_282' title='bbox 601 3063 662 3126; x_wconf 84' lang='lat' dir='ltr'><strong>XII,</strong></span> <span class='ocrx_word' id='word_1_283' title='bbox 680 3065 723 3117; x_wconf 82' lang='lat'><strong>52.</strong></span> <span class='ocrx_word' id='word_1_284' title='bbox 741 3066 775 3126; x_wconf 87' lang='lat' dir='ltr'><strong>[v.</strong></span> <span class='ocrx_word' id='word_1_285' title='bbox 798 3067 836 3125; x_wconf 87' lang='lat' dir='ltr'><strong>ll]</strong></span> <span class='ocrx_word' id='word_1_286' title='bbox 873 3064 1038 3127; x_wconf 82' lang='lat' dir='ltr'><strong>„Accipiunt</strong></span> <span class='ocrx_word' id='word_1_287' title='bbox 1058 3063 1122 3113; x_wconf 85' lang='lat' dir='ltr'><strong>olim</strong></span> <span class='ocrx_word' id='word_1_288' title='bbox 1141 3063 1326 3114; x_wconf 79' lang='lat' dir='ltr'><strong>cumiciaco</strong></span> 
     </span>
     <span class='ocr_line' id='line_1_36' title="bbox 195 3129 1324 3198; baseline 0.003 -18"><span class='ocrx_word' id='word_1_289' title='bbox 195 3129 265 3182; x_wconf 90' lang='lat' dir='ltr'><strong>laeta</strong></span> <span class='ocrx_word' id='word_1_290' title='bbox 282 3133 395 3194; x_wconf 90' lang='lat' dir='ltr'><strong>Piorum,</strong></span> <span class='ocrx_word' id='word_1_291' title='bbox 411 3131 476 3184; x_wconf 84' lang='lat' dir='ltr'><strong>Noa</strong></span> <span class='ocrx_word' id='word_1_292' title='bbox 494 3137 546 3184; x_wconf 88' lang='lat' dir='ltr'><strong>crit</strong></span> <span class='ocrx_word' id='word_1_293' title='bbox 562 3136 591 3183; x_wconf 84' lang='lat' dir='ltr'><strong>ia</strong></span> <span class='ocrx_word' id='word_1_294' title='bbox 601 3132 700 3198; x_wconf 75' lang='lat' dir='ltr'><strong>Stygia</strong></span> <span class='ocrx_word' id='word_1_295' title='bbox 718 3134 809 3181; x_wconf 84' lang='lat' dir='ltr'><strong>ratior</strong></span> <span class='ocrx_word' id='word_1_296' title='bbox 817 3133 912 3181; x_wconf 80' lang='lat' dir='ltr'><strong>umbra</strong></span> <span class='ocrx_word' id='word_1_297' title='bbox 927 3130 1031 3181; x_wconf 84' lang='lat' dir='ltr'><strong>domo.“</strong></span> <span class='ocrx_word' id='word_1_298' title='bbox 1055 3131 1223 3181; x_wconf 89' lang='lat' dir='ltr'><strong>Nemesianus</strong></span> <span class='ocrx_word' id='word_1_299' title='bbox 1232 3131 1324 3197; x_wconf 80' lang='lat' dir='ltr'><strong>Eolog.</strong></span> 
     </span>
     <span class='ocr_line' id='line_1_37' title="bbox 193 3198 1325 3266; baseline 0.004 -21"><span class='ocrx_word' id='word_1_300' title='bbox 193 3198 315 3259; x_wconf 82' lang='lat' dir='ltr'><strong>1,v.2o.</strong></span> <span class='ocrx_word' id='word_1_301' title='bbox 350 3200 451 3264; x_wconf 80' lang='lat' dir='ltr'><strong>„Quem</strong></span> <span class='ocrx_word' id='word_1_302' title='bbox 474 3216 546 3251; x_wconf 83' lang='lat' dir='ltr'><strong>runc</strong></span> <span class='ocrx_word' id='word_1_303' title='bbox 572 3203 697 3250; x_wconf 86' lang='lat' dir='ltr'><strong>eruerilae</strong></span> <span class='ocrx_word' id='word_1_304' title='bbox 718 3214 887 3265; x_wconf 82' lang='lat' dir='ltr'><strong>permensum</strong></span> <span class='ocrx_word' id='word_1_305' title='bbox 906 3204 1026 3264; x_wconf 84' lang='lat' dir='ltr'><strong>tempora</strong></span> <span class='ocrx_word' id='word_1_306' title='bbox 1043 3201 1114 3249; x_wconf 87' lang='lat' dir='ltr'><strong>vitae</strong></span> <span class='ocrx_word' id='word_1_307' title='bbox 1138 3198 1242 3249; x_wconf 79' lang='lat' dir='ltr'><strong>Sacrati</strong></span> <span class='ocrx_word' id='word_1_308' title='bbox 1256 3215 1325 3266; x_wconf 80' lang='lat' dir='ltr'><strong>pare</strong></span> 
     </span>
     <span class='ocr_line' id='line_1_38' title="bbox 194 3265 1325 3333; baseline 0.003 -20"><span class='ocrx_word' id='word_1_309' title='bbox 194 3266 266 3315; x_wconf 83' lang='lat' dir='ltr'><strong>arlia</strong></span> <span class='ocrx_word' id='word_1_310' title='bbox 283 3268 368 3331; x_wconf 82' lang='lat' dir='ltr'><strong>halet,</strong></span> <span class='ocrx_word' id='word_1_311' title='bbox 386 3268 554 3332; x_wconf 77' lang='lat' dir='ltr'><strong>mundusque</strong></span> <span class='ocrx_word' id='word_1_312' title='bbox 570 3267 701 3320; x_wconf 85' lang='lat' dir='ltr'><strong>Piorum.“</strong></span> <span class='ocrx_word' id='word_1_313' title='bbox 732 3267 805 3318; x_wconf 88' lang='lat' dir='ltr'><strong>Ovid.</strong></span> <span class='ocrx_word' id='word_1_314' title='bbox 814 3267 916 3316; x_wconf 90' lang='lat' dir='ltr'><strong>Metam.</strong></span> <span class='ocrx_word' id='word_1_315' title='bbox 929 3265 976 3329; x_wconf 87' lang='lat' dir='ltr'><strong>XI,</strong></span> <span class='ocrx_word' id='word_1_316' title='bbox 987 3269 1027 3319; x_wconf 87' lang='grc'><strong>64.</strong></span> <span class='ocrx_word' id='word_1_317' title='bbox 1056 3282 1258 3332; x_wconf 73' lang='lat' dir='ltr'><strong>„quaerensque</strong></span> <span class='ocrx_word' id='word_1_318' title='bbox 1274 3283 1325 3333; x_wconf 82' lang='lat' dir='ltr'><strong>per</strong></span> 
     </span>
     <span class='ocr_line' id='line_1_39' title="bbox 194 3333 1323 3401; baseline 0.004 -21"><span class='ocrx_word' id='word_1_319' title='bbox 194 3346 261 3381; x_wconf 86' lang='lat' dir='ltr'><strong>aroc</strong></span> <span class='ocrx_word' id='word_1_320' title='bbox 277 3333 382 3384; x_wconf 89' lang='lat' dir='ltr'><strong>Piorum</strong></span> <span class='ocrx_word' id='word_1_321' title='bbox 399 3335 508 3386; x_wconf 81' lang='lat' dir='ltr'><strong>[ruerit</strong></span> <span class='ocrx_word' id='word_1_322' title='bbox 525 3335 691 3401; x_wconf 74' lang='lat' dir='ltr'><strong>Eurydicen,</strong></span> <span class='ocrx_word' id='word_1_323' title='bbox 709 3335 866 3399; x_wconf 77' lang='lat' dir='ltr'><strong>cupidisque</strong></span> <span class='ocrx_word' id='word_1_324' title='bbox 883 3335 1054 3399; x_wconf 80' lang='lat' dir='ltr'><strong>amplectitur</strong></span> <span class='ocrx_word' id='word_1_325' title='bbox 1071 3333 1168 3384; x_wconf 79' lang='lat' dir='ltr'><strong>utair.“</strong></span> <span class='ocrx_word' id='word_1_326' title='bbox 1205 3335 1323 3385; x_wconf 84' lang='lat' dir='ltr'><strong>Valerius</strong></span> 
     </span>
     <span class='ocr_line' id='line_1_40' title="bbox 192 3397 1324 3468; baseline 0.003 -19"><span class='ocrx_word' id='word_1_327' title='bbox 192 3397 300 3449; x_wconf 85' lang='lat' dir='ltr'><strong>Flaccus</strong></span> <span class='ocrx_word' id='word_1_328' title='bbox 318 3402 339 3463; x_wconf 90' lang='grc' dir='ltr'><strong>Ι,</strong></span> <span class='ocrx_word' id='word_1_329' title='bbox 358 3404 415 3454; x_wconf 87' lang='grc'>650.</span> <span class='ocrx_word' id='word_1_330' title='bbox 450 3401 526 3466; x_wconf 80' lang='lat' dir='ltr'><strong>„Nae</strong></span> <span class='ocrx_word' id='word_1_331' title='bbox 543 3405 598 3452; x_wconf 86' lang='lat' dir='ltr'><strong>iam</strong></span> <span class='ocrx_word' id='word_1_332' title='bbox 614 3405 709 3453; x_wconf 87' lang='lat' dir='ltr'><strong>merite</strong></span> <span class='ocrx_word' id='word_1_333' title='bbox 729 3404 784 3464; x_wconf 85' lang='lat' dir='ltr'><strong>iili,</strong></span> <span class='ocrx_word' id='word_1_334' title='bbox 806 3401 901 3468; x_wconf 77' lang='lat' dir='ltr'><strong>Tiphy,</strong></span> <span class='ocrx_word' id='word_1_335' title='bbox 922 3404 1040 3467; x_wconf 87' lang='lat' dir='ltr'><strong>quietum</strong></span> <span class='ocrx_word' id='word_1_336' title='bbox 1060 3401 1118 3455; x_wconf 85' lang='lat' dir='ltr'><strong>lltla</strong></span> <span class='ocrx_word' id='word_1_337' title='bbox 1136 3418 1237 3468; x_wconf 80' lang='lat' dir='ltr'><strong>pareus</strong></span> <span class='ocrx_word' id='word_1_338' title='bbox 1254 3403 1324 3453; x_wconf 89' lang='lat' dir='ltr'><strong>ualet</strong></span> 
     </span>
     <span class='ocr_line' id='line_1_41' title="bbox 193 3466 1323 3534; baseline 0.004 -19"><span class='ocrx_word' id='word_1_339' title='bbox 193 3466 324 3531; x_wconf 74' lang='lat' dir='ltr'><strong>Elysium,</strong></span> <span class='ocrx_word' id='word_1_340' title='bbox 342 3483 484 3534; x_wconf 83' lang='lat' dir='ltr'><strong>manesque</strong></span> <span class='ocrx_word' id='word_1_341' title='bbox 500 3469 629 3522; x_wconf 86' lang='lat' dir='ltr'><strong>Piorum.“</strong></span> <span class='ocrx_word' id='word_1_342' title='bbox 656 3476 682 3521; x_wconf 89' lang='lat' dir='ltr'><strong>et</strong></span> <span class='ocrx_word' id='word_1_343' title='bbox 699 3487 720 3520; x_wconf 83' lang='lat' dir='ltr'><strong>r.</strong></span> <span class='ocrx_word' id='word_1_344' title='bbox 740 3472 798 3522; x_wconf 78' lang='lat'>843.</span> <span class='ocrx_word' id='word_1_345' title='bbox 832 3471 933 3534; x_wconf 85' lang='lat' dir='ltr'><strong>„douae</strong></span> <span class='ocrx_word' id='word_1_346' title='bbox 950 3469 1026 3520; x_wconf 78' lang='lat' dir='ltr'><strong>silvas</strong></span> <span class='ocrx_word' id='word_1_347' title='bbox 1044 3477 1071 3519; x_wconf 86' lang='lat' dir='ltr'><strong>ei</strong></span> <span class='ocrx_word' id='word_1_348' title='bbox 1087 3485 1201 3520; x_wconf 84' lang='lat' dir='ltr'><strong>amaena</strong></span> <span class='ocrx_word' id='word_1_349' title='bbox 1219 3470 1323 3520; x_wconf 88' lang='lat' dir='ltr'><strong>Piorum</strong></span> 
     </span>
     <span class='ocr_line' id='line_1_42' title="bbox 192 3533 1323 3604; baseline 0.006 -23"><span class='ocrx_word' id='word_1_350' title='bbox 192 3533 356 3598; x_wconf 81' lang='lat' dir='ltr'><strong>Daueniant,</strong></span> <span class='ocrx_word' id='word_1_351' title='bbox 375 3551 546 3602; x_wconf 78' lang='lat' dir='ltr'><strong>camposque,</strong></span> <span class='ocrx_word' id='word_1_352' title='bbox 563 3540 611 3588; x_wconf 85' lang='lat' dir='ltr'><strong>uti</strong></span> <span class='ocrx_word' id='word_1_353' title='bbox 626 3538 668 3588; x_wconf 79' lang='lat' dir='ltr'><strong>rol</strong></span> <span class='ocrx_word' id='word_1_354' title='bbox 685 3542 820 3603; x_wconf 85' lang='lat' dir='ltr'><strong>totumque</strong></span> <span class='ocrx_word' id='word_1_355' title='bbox 834 3554 885 3604; x_wconf 84' lang='lat' dir='ltr'><strong>per</strong></span> <span class='ocrx_word' id='word_1_356' title='bbox 902 3552 1002 3588; x_wconf 84' lang='lat' dir='ltr'><strong>aarum</strong></span> <span class='ocrx_word' id='word_1_357' title='bbox 1019 3538 1110 3588; x_wconf 82' lang='lat' dir='ltr'><strong>Durat</strong></span> <span class='ocrx_word' id='word_1_358' title='bbox 1127 3541 1223 3603; x_wconf 82' lang='lat' dir='ltr'><strong>aprica</strong></span> <span class='ocrx_word' id='word_1_359' title='bbox 1242 3538 1323 3588; x_wconf 76' lang='lat' dir='ltr'><strong>dier.“</strong></span> 
     </span>
     <span class='ocr_line' id='line_1_43' title="bbox 194 3601 1322 3672; baseline 0.005 -22"><span class='ocrx_word' id='word_1_360' title='bbox 194 3601 274 3651; x_wconf 85' lang='lat' dir='ltr'><strong>Silius</strong></span> <span class='ocrx_word' id='word_1_361' title='bbox 291 3601 398 3653; x_wconf 87' lang='lat' dir='ltr'><strong>Italicus</strong></span> <span class='ocrx_word' id='word_1_362' title='bbox 416 3605 451 3665; x_wconf 92' lang='grc' dir='ltr'><strong>ΙΙ,</strong></span> <span class='ocrx_word' id='word_1_363' title='bbox 471 3605 505 3669; x_wconf 82' lang='lat' dir='ltr'><strong>[r.</strong></span> <span class='ocrx_word' id='word_1_364' title='bbox 516 3607 576 3668; x_wconf 84' lang='grc'>698]</span> <span class='ocrx_word' id='word_1_365' title='bbox 603 3606 752 3672; x_wconf 70' lang='lat' dir='ltr'><strong>„Elysium</strong></span> <span class='ocrx_word' id='word_1_366' title='bbox 771 3611 798 3655; x_wconf 87' lang='lat' dir='ltr'><strong>et</strong></span> <span class='ocrx_word' id='word_1_367' title='bbox 813 3611 901 3656; x_wconf 78' lang='lat' dir='ltr'><strong>casiae</strong></span> <span class='ocrx_word' id='word_1_368' title='bbox 917 3605 991 3655; x_wconf 78' lang='lat' dir='ltr'><strong>rades</strong></span> <span class='ocrx_word' id='word_1_369' title='bbox 1009 3606 1131 3655; x_wconf 81' lang='lat' dir='ltr'><strong>decorate</strong></span> <span class='ocrx_word' id='word_1_370' title='bbox 1148 3606 1278 3658; x_wconf 84' lang='lat' dir='ltr'><strong>Piorum.“</strong></span> <span class='ocrx_word' id='word_1_371' title='bbox 1297 3609 1322 3657; x_wconf 79' lang='lat' dir='ltr'><strong>et</strong></span> 
     </span>
     <span class='ocr_line' id='line_1_44' title="bbox 194 3669 1321 3736; baseline 0.005 -18"><span class='ocrx_word' id='word_1_372' title='bbox 194 3670 286 3720; x_wconf 85' lang='lat' dir='ltr'><strong>iterum</strong></span> <span class='ocrx_word' id='word_1_373' title='bbox 293 3669 366 3720; x_wconf 89' lang='lat' dir='ltr'>XIII.</span> <span class='ocrx_word' id='word_1_374' title='bbox 379 3673 412 3733; x_wconf 71' lang='grc' dir='ltr'>[ν.</span> <span class='ocrx_word' id='word_1_375' title='bbox 423 3673 483 3734; x_wconf 74' lang='lat'>703]</span> <span class='ocrx_word' id='word_1_376' title='bbox 501 3674 568 3736; x_wconf 81' lang='lat' dir='ltr'><strong>„Hir</strong></span> <span class='ocrx_word' id='word_1_377' title='bbox 581 3673 646 3723; x_wconf 88' lang='lat' dir='ltr'><strong>laeti</strong></span> <span class='ocrx_word' id='word_1_378' title='bbox 654 3674 758 3724; x_wconf 85' lang='lat' dir='ltr'><strong>rediere</strong></span> <span class='ocrx_word' id='word_1_379' title='bbox 770 3673 850 3723; x_wconf 71' lang='lat' dir='ltr'><strong>derce-r</strong></span> <span class='ocrx_word' id='word_1_380' title='bbox 861 3674 919 3723; x_wconf 88' lang='lat' dir='ltr'><strong>loca</strong></span> <span class='ocrx_word' id='word_1_381' title='bbox 929 3689 1041 3724; x_wconf 85' lang='lat' dir='ltr'><strong>amaena</strong></span> <span class='ocrx_word' id='word_1_382' title='bbox 1051 3674 1182 3723; x_wconf 87' lang='lat' dir='ltr'><strong>Piorum.“</strong></span> <span class='ocrx_word' id='word_1_383' title='bbox 1201 3674 1321 3724; x_wconf 85' lang='lat' dir='ltr'><strong>Lucanus</strong></span> 
     </span>
     <span class='ocr_line' id='line_1_45' title="bbox 194 3737 1319 3807; baseline 0.004 -21"><span class='ocrx_word' id='word_1_384' title='bbox 194 3738 299 3799; x_wconf 82' lang='lat'><strong>111,12.</strong></span> <span class='ocrx_word' id='word_1_385' title='bbox 325 3737 456 3802; x_wconf 79' lang='lat' dir='ltr'><strong>„Sedibus</strong></span> <span class='ocrx_word' id='word_1_386' title='bbox 473 3739 574 3807; x_wconf 76' lang='lat' dir='ltr'><strong>Elysiis</strong></span> <span class='ocrx_word' id='word_1_387' title='bbox 592 3756 737 3807; x_wconf 82' lang='lat' dir='ltr'><strong>campoque</strong></span> <span class='ocrx_word' id='word_1_388' title='bbox 755 3742 867 3805; x_wconf 77' lang='lat' dir='ltr'><strong>caputia</strong></span> <span class='ocrx_word' id='word_1_389' title='bbox 885 3740 1014 3792; x_wconf 88' lang='lat' dir='ltr'><strong>Piorum.“</strong></span> <span class='ocrx_word' id='word_1_390' title='bbox 1048 3740 1141 3805; x_wconf 81' lang='lat' dir='ltr'><strong>Virgil.</strong></span> <span class='ocrx_word' id='word_1_391' title='bbox 1150 3743 1214 3791; x_wconf 83' lang='lat' dir='ltr'><strong>Aen.</strong></span> <span class='ocrx_word' id='word_1_392' title='bbox 1223 3741 1254 3803; x_wconf 86' lang='lat' dir='ltr'><strong>V,</strong></span> <span class='ocrx_word' id='word_1_393' title='bbox 1264 3744 1319 3793; x_wconf 80' lang='lat'><strong>734.</strong></span> 
     </span>
     <span class='ocr_line' id='line_1_46' title="bbox 192 3806 1319 3875; baseline 0.006 -21"><span class='ocrx_word' id='word_1_394' title='bbox 192 3806 257 3869; x_wconf 81' lang='lat' dir='ltr'><strong>„aad</strong></span> <span class='ocrx_word' id='word_1_395' title='bbox 271 3820 385 3857; x_wconf 79' lang='lat' dir='ltr'><strong>amaena</strong></span> <span class='ocrx_word' id='word_1_396' title='bbox 402 3806 506 3858; x_wconf 86' lang='lat' dir='ltr'><strong>Piorum</strong></span> <span class='ocrx_word' id='word_1_397' title='bbox 525 3808 646 3859; x_wconf 82' lang='lat' dir='ltr'><strong>Concilia</strong></span> <span class='ocrx_word' id='word_1_398' title='bbox 664 3809 840 3875; x_wconf 76' lang='lat' dir='ltr'><strong>Elysiumque</strong></span> <span class='ocrx_word' id='word_1_399' title='bbox 861 3810 947 3860; x_wconf 82' lang='lat' dir='ltr'><strong>colo,“</strong></span> <span class='ocrx_word' id='word_1_400' title='bbox 981 3808 1069 3860; x_wconf 82' lang='lat' dir='ltr'><strong>Cicero</strong></span> <span class='ocrx_word' id='word_1_401' title='bbox 1086 3809 1236 3874; x_wconf 88' lang='lat' dir='ltr'><strong>Philippica</strong></span> <span class='ocrx_word' id='word_1_402' title='bbox 1252 3808 1319 3861; x_wconf 79' lang='lat' dir='ltr'><strong>XIV.</strong></span> 
     </span>
     <span class='ocr_line' id='line_1_47' title="bbox 194 3873 1321 3942; baseline 0.003 -19"><span class='ocrx_word' id='word_1_403' title='bbox 194 3888 248 3939; x_wconf 85' lang='lat' dir='ltr'><strong>cap.</strong></span> <span class='ocrx_word' id='word_1_404' title='bbox 261 3875 300 3925; x_wconf 81' lang='grc'>12.</span> <span class='ocrx_word' id='word_1_405' title='bbox 335 3873 410 3939; x_wconf 84' lang='lat' dir='ltr'><strong>„Ver</strong></span> <span class='ocrx_word' id='word_1_406' title='bbox 427 3891 489 3925; x_wconf 85' lang='lat' dir='ltr'><strong>uero</strong></span> <span class='ocrx_word' id='word_1_407' title='bbox 507 3879 556 3940; x_wconf 89' lang='lat' dir='ltr'><strong>qui</strong></span> <span class='ocrx_word' id='word_1_408' title='bbox 572 3882 719 3926; x_wconf 70' lang='lat' dir='ltr'><strong>camacum</strong></span> <span class='ocrx_word' id='word_1_409' title='bbox 736 3879 862 3942; x_wconf 80' lang='lat' dir='ltr'><strong>spiritum</strong></span> <span class='ocrx_word' id='word_1_410' title='bbox 878 3878 906 3926; x_wconf 91' lang='lat' dir='ltr'><strong>in</strong></span> <span class='ocrx_word' id='word_1_411' title='bbox 924 3878 1033 3927; x_wconf 83' lang='lat' dir='ltr'><strong>victoria</strong></span> <span class='ocrx_word' id='word_1_412' title='bbox 1050 3877 1190 3941; x_wconf 72' lang='lat' dir='ltr'><strong>effudistis,</strong></span> <span class='ocrx_word' id='word_1_413' title='bbox 1218 3877 1321 3928; x_wconf 88' lang='lat' dir='ltr'><strong>Piorum</strong></span> 
     </span>
     <span class='ocr_line' id='line_1_48' title="bbox 194 3940 1319 4009; baseline 0.004 -19"><span class='ocrx_word' id='word_1_414' title='bbox 194 3943 256 3990; x_wconf 77' lang='lat' dir='ltr'><strong>ertia</strong></span> <span class='ocrx_word' id='word_1_415' title='bbox 268 3941 354 3992; x_wconf 78' lang='lat' dir='ltr'><strong>cedma</strong></span> <span class='ocrx_word' id='word_1_416' title='bbox 366 3943 487 3993; x_wconf 88' lang='lat' dir='ltr'><strong>cilocum</strong></span> <span class='ocrx_word' id='word_1_417' title='bbox 500 3946 658 3994; x_wconf 70' lang='lat' dir='ltr'><strong>consecuti.“</strong></span> <span class='ocrx_word' id='word_1_418' title='bbox 685 3946 765 3994; x_wconf 93' lang='lat' dir='ltr'><strong>Nemo</strong></span> <span class='ocrx_word' id='word_1_419' title='bbox 782 3945 869 4007; x_wconf 89' lang='lat' dir='ltr'><strong>itaque</strong></span> <span class='ocrx_word' id='word_1_420' title='bbox 881 3945 980 3995; x_wconf 85' lang='lat' dir='ltr'><strong>inficiae</strong></span> <span class='ocrx_word' id='word_1_421' title='bbox 990 3940 1075 4005; x_wconf 85' lang='lat' dir='ltr'><strong>iverit,</strong></span> <span class='ocrx_word' id='word_1_422' title='bbox 1091 3946 1164 4009; x_wconf 91' lang='lat' dir='ltr'><strong>quin,</strong></span> <span class='ocrx_word' id='word_1_423' title='bbox 1182 3946 1203 3994; x_wconf 90' lang='lat' dir='ltr'><strong>si</strong></span> <span class='ocrx_word' id='word_1_424' title='bbox 1222 3945 1319 3996; x_wconf 84' lang='lat' dir='ltr'><strong>codices</strong></span> 
     </span>
     <span class='ocr_line' id='line_1_49' title="bbox 194 4009 1320 4078; baseline 0.006 -22"><span class='ocrx_word' id='word_1_425' title='bbox 194 4009 374 4075; x_wconf 86' lang='lat' dir='ltr'><strong>astipulentur,</strong></span> <span class='ocrx_word' id='word_1_426' title='bbox 392 4015 418 4061; x_wconf 90' lang='lat' dir='ltr'><strong>et</strong></span> <span class='ocrx_word' id='word_1_427' title='bbox 427 4012 458 4062; x_wconf 88' lang='lat' dir='ltr'><strong>de</strong></span> <span class='ocrx_word' id='word_1_428' title='bbox 467 4011 556 4078; x_wconf 83' lang='lat' dir='ltr'><strong>Elysio</strong></span> <span class='ocrx_word' id='word_1_429' title='bbox 566 4012 607 4062; x_wconf 89' lang='lat' dir='ltr'><strong>hic</strong></span> <span class='ocrx_word' id='word_1_430' title='bbox 618 4016 716 4076; x_wconf 85' lang='lat' dir='ltr'><strong>agatur,</strong></span> <span class='ocrx_word' id='word_1_431' title='bbox 735 4011 865 4076; x_wconf 84' lang='lat' dir='ltr'><strong>eleganter</strong></span> <span class='ocrx_word' id='word_1_432' title='bbox 872 4011 925 4077; x_wconf 78' lang='lat' dir='ltr'><strong>legi</strong></span> <span class='ocrx_word' id='word_1_433' title='bbox 936 4013 1026 4078; x_wconf 88' lang='lat' dir='ltr'><strong>possit,</strong></span> <span class='ocrx_word' id='word_1_434' title='bbox 1050 4011 1105 4075; x_wconf 84' lang='lat' dir='ltr'><strong>„Et</strong></span> <span class='ocrx_word' id='word_1_435' title='bbox 1115 4012 1209 4063; x_wconf 81' lang='lat' dir='ltr'><strong>uidear</strong></span> <span class='ocrx_word' id='word_1_436' title='bbox 1219 4014 1320 4064; x_wconf 86' lang='lat' dir='ltr'><strong>Piorum</strong></span> 
     </span>
     <span class='ocr_line' id='line_1_50' title="bbox 194 4075 1317 4146; baseline 0.006 -22"><span class='ocrx_word' id='word_1_437' title='bbox 194 4075 297 4128; x_wconf 86' lang='lat' dir='ltr'><strong>Errare</strong></span> <span class='ocrx_word' id='word_1_438' title='bbox 314 4093 364 4144; x_wconf 84' lang='lat' dir='ltr'><strong>per</strong></span> <span class='ocrx_word' id='word_1_439' title='bbox 381 4079 482 4141; x_wconf 79' lang='lat' dir='ltr'><strong>lucor.“</strong></span> <span class='ocrx_word' id='word_1_440' title='bbox 507 4080 596 4146; x_wconf 87' lang='lat' dir='ltr'><strong>Neque</strong></span> <span class='ocrx_word' id='word_1_441' title='bbox 613 4083 705 4140; x_wconf 87' lang='lat' dir='ltr'><strong>tamen,</strong></span> <span class='ocrx_word' id='word_1_442' title='bbox 724 4079 764 4129; x_wconf 91' lang='lat' dir='ltr'><strong>vel</strong></span> <span class='ocrx_word' id='word_1_443' title='bbox 781 4080 826 4143; x_wconf 89' lang='lat' dir='ltr'><strong>sic,</strong></span> <span class='ocrx_word' id='word_1_444' title='bbox 844 4096 891 4144; x_wconf 82' lang='lat' dir='ltr'><strong>ego</strong></span> <span class='ocrx_word' id='word_1_445' title='bbox 904 4081 1043 4145; x_wconf 89' lang='lat' dir='ltr'><strong>quidquam</strong></span> <span class='ocrx_word' id='word_1_446' title='bbox 1053 4086 1145 4130; x_wconf 86' lang='lat' dir='ltr'><strong>temere</strong></span> <span class='ocrx_word' id='word_1_447' title='bbox 1154 4081 1317 4141; x_wconf 70' lang='lat' dir='ltr'><strong>mutaverim</strong></span> 
     </span>
     <span class='ocr_line' id='line_1_51' title="bbox 194 4145 1319 4216; baseline 0.005 -24"><span class='ocrx_word' id='word_1_448' title='bbox 194 4157 250 4192; x_wconf 86' lang='lat' dir='ltr'><strong>oum</strong></span> <span class='ocrx_word' id='word_1_449' title='bbox 259 4145 439 4209; x_wconf 88' lang='lat' dir='ltr'><strong>Epithetorum</strong></span> <span class='ocrx_word' id='word_1_450' title='bbox 458 4148 591 4198; x_wconf 87' lang='lat' dir='ltr'><strong>andaciam</strong></span> <span class='ocrx_word' id='word_1_451' title='bbox 608 4150 741 4212; x_wconf 86' lang='lat' dir='ltr'><strong>tantopere</strong></span> <span class='ocrx_word' id='word_1_452' title='bbox 759 4149 978 4210; x_wconf 88' lang='lat' dir='ltr'><strong>sectaturNoster,</strong></span> <span class='ocrx_word' id='word_1_453' title='bbox 997 4152 1023 4200; x_wconf 86' lang='lat' dir='ltr'><strong>et</strong></span> <span class='ocrx_word' id='word_1_454' title='bbox 1039 4150 1125 4215; x_wconf 89' lang='lat' dir='ltr'><strong>potins</strong></span> <span class='ocrx_word' id='word_1_455' title='bbox 1143 4149 1251 4213; x_wconf 77' lang='lat' dir='ltr'><strong>figurate</strong></span> <span class='ocrx_word' id='word_1_456' title='bbox 1263 4151 1319 4216; x_wconf 75' lang='lat' dir='ltr'><strong>pior</strong></span> 
     </span>
    </p>
   </div>
   <div class='ocr_carea' id='block_1_5' title="bbox 0 0 1414 4758">
    <p class='ocr_par' dir='ltr' id='par_1_8' title="bbox 0 0 1414 4758">
     <span class='ocr_line' id='line_1_52' title="bbox 0 0 1414 4758; baseline 0 3"><span class='ocrx_word' id='word_1_457' title='bbox 0 0 1414 4758; x_wconf 95' lang='lat' dir='ltr'><strong> </strong></span> 
     </span>
    </p>
   </div>
  </div>
 </body>
</html>
