2840 4752
221 225 285 290 458
620 237 653 298 Q·
673 236 815 286 nouarn
834 235 957 287 macor

286 374 371 454 Quid
392 373 499 453 refert,
522 372 643 454 morbo,
662 392 707 438 an
729 370 822 438 furtis
843 390 1014 457 percamus
1034 372 1178 460 rapinis?

582 524 605 558 r.
625 509 681 560 157.
705 505 782 573 Vulg.
799 506 972 573 Persemque.

220 645 301 697 sertin
323 645 424 696 ineius
450 643 533 693 sedem
550 642 669 694 intrusit:
697 645 815 708 ineptam
832 642 931 694 scilicet
946 642 1051 693 alteram
1069 646 1096 693 et
1112 647 1273 709 corruptam
1292 641 1351 693 cla·

220 714 328 774 mitens,
352 713 448 778 quippe
465 716 566 762 ssimae
583 726 688 761 numero
704 709 843 775 singulari,
866 727 919 763 non
936 712 1084 762 cannabus
1101 726 1205 763 numero
1221 711 1352 763 multitu-

219 782 288 833 dinis
310 781 407 832 dictum
434 780 585 844 oportuisse.
625 780 713 830 Hune
729 784 870 844 sequuntur
897 778 1022 843 Gruqnius
1048 778 1262 844 Torrentiusqne,
1296 780 1350 830 etsi

223 850 301 901 inriti
318 847 501 914 quodammodo
519 851 545 897 et
562 852 741 913 repugnantes.
767 848 809 896 Ita
826 847 924 897 demum
942 846 1034 908 evenit,
1052 851 1082 896 ιιι
1098 847 1166 911 qnod
1174 847 1351 912 germanissi-

222 933 278 970 mae
295 917 446 969 Latinitatis
464 922 489 966 et
506 915 607 965 nativae
624 915 764 980 elegantiae
782 919 834 979 est,
860 915 974 979 indignis
996 913 1080 965 modis
1099 914 1171 980 quasi
1187 915 1258 966 furca
1280 917 1350 966 hino

221 986 362 1038 eiiceretur.
388 984 441 1034 Nos
459 1000 506 1048 pro
522 999 590 1034 more
608 988 633 1033 et
650 999 729 1049 penso
748 988 835 1032 nostro
852 998 984 1049 pergemus
996 983 1026 1033 de
1036 982 1145 1033 Horatio
1156 982 1221 1035 bens
1232 984 1351 1045 mereri3

221 1060 248 1106 et
263 1070 346 1104 reram
363 1052 507 1115 lectionem,
524 1052 686 1116 neglegentia
694 1052 863 1116 interpretum
880 1051 1015 1116 proditam,
1032 1051 1191 1116 posfliminio
1207 1051 1352 1103 revocabi-

220 1138 291 1172 musr
308 1119 429 1186 „Qcmm
445 1122 547 1170 emtas?
562 1134 656 1185 paruo.
675 1122 772 1185 quanti
781 1122 865 1184 ergo?
882 1122 1067 1170 acrossrnus.“
1093 1119 1223 1171 Utrumris
1234 1120 1351 1186 quidem

218 1195 290 1241 'recte
307 1189 410 1252 dixeris,
427 1189 610 1238 pecunarium
620 1203 720 1254 oryzae
734 1185 806 1238 vicit
817 1192 925 1251 acturae,
944 1187 984 1238 vel
994 1186 1067 1237 cinit
1078 1190 1236 1239 octuasibur:
1253 1189 1350 1254 magis

221 1264 306 1309 tamen
329 1256 448 1307 amabant
470 1260 566 1306 ueteres
590 1256 618 1305 iu
641 1257 688 1305 hau
712 1254 840 1307 locutione
862 1271 993 1306 numerum
1015 1256 1148 1321 pluralem.
1189 1255 1277 1306 Cicero
1304 1257 1350 1308 De

220 1325 321 1378 Officiis
338 1326 373 1388 11,
392 1326 431 1376 Π.
450 1324 477 1389 [5
495 1325 538 1386 58]
573 1322 632 1386 „Ne
649 1323 743 1374 Marco
760 1323 865 1388 paridem
884 1323 945 1374 Seio
962 1326 1028 1374 uitia
1045 1323 1137 1374 datum
1155 1330 1201 1389 cst,
1218 1325 1297 1390 qsaad
1315 1328 1350 1375 in

222 1397 336 1446 cariwte
352 1407 407 1442 esse
424 1392 542 1442 madiam
559 1391 659 1457 populo
678 1391 776 1442 aedita
803 1391 879 1442 Vides
897 1392 939 1442 hic
956 1407 1088 1441 numerum
1105 1392 1274 1457 singularem:
1296 1392 1349 1443 sed

221 1462 320 1523 Livius,
338 1460 438 1511 Plinius
456 1460 550 1524 aliique
567 1459 691 1525 pluralem
708 1459 859 1512 maluerunt.
893 1460 983 1510 Livius
1000 1460 1046 1523 IV,
1066 1462 1104 1513 16.
1122 1460 1150 1526 [ξ
1168 1462 1194 1524 2]
1220 1461 1269 1525 „ln
1287 1459 1348 1529 Mi·

222 1533 319 1581 nucius
336 1530 399 1579 iove
417 1534 514 1578 aurato
533 1528 648 1578 donatus
666 1533 712 1593 ert,
729 1527 764 1578 ns'
778 1528 970 1594 plebsquidmn
987 1530 1081 1591 invita,
1095 1532 1163 1592 -qur‘a
1173 1528 1347 1590 frumentum

221 1598 387 1649 Maelianum
411 1595 509 1646 assibus
531 1599 561 1645 in
584 1595 687 1646 modios
711 1599 879 1646 aestimatum
899 1596 973 1662 plebi
994 1596 1113 1646 diuisit.“
1146 1596 1248 1647 Plinius
1265 1596 1346 1648 Hist.

222 1665 325 1726 XVIII,
343 1667 367 1718 3.
392 1663 419 1729 [ἦ
440 1666 481 1726 15]
516 1661 642 1728 „Manius
658 1664 777 1714 Marcius
796 1663 890 1714 aeditis
905 1664 989 1729 plebea
1004 1666 1123 1730 primum
1141 1664 1207 1730 (lege
1222 1667 1346 1732 primus)

221 1735 386 1796 frumentum
402 1731 503 1797 populo
520 1734 549 1781 in
566 1731 668 1781 modios
685 1732 784 1781 assibus
802 1732 937 1782 donavit.“
963 1733 999 1782 Et
1015 1747 1072 1781 mox
1090 1732 1117 1798 [ξ
1138 1734 1189 1796 16],
1207 1731 1346 1797 „Taetim
1412 1730 1413 1773 Ῡ

224 1806 252 1853 ia
277 1801 414 1853 aedilitate
436 1800 535 1850 assibus
557 1799 658 1865 populo
681 1800 845 1861 sarmentum
866 1802 1029 1865 praestitit.“
1063 1800 1099 1849 Et
1122 1800 1216 1851 iterum
1240 1802 1268 1865 [ξ
1287 1803 1344 1864 171,

224 1869 276 1933 „M.
295 1868 385 1922 Varro
403 1873 560 1928 auctorest,
582 1883 641 1917 mam
657 1866 687 1918 L·
706 1866 827 1917 Meteilus
844 1870 872 1918 in
891 1869 1024 1933 irrisamplso
1040 1868 1173 1933 plurimos
1191 1869 1273 1919 duait
1288 1869 1344 1919 elc-

219 1940 344 2006 piractus,
362 1935 461 1987 assibus
477 1935 593 2000 singulis
611 1935 676 2000 (lege
693 1936 822 1999 singular)
840 1936 1044 1997 sarrmmodior
1060 1935 1169 1997 fabref‘
1201 1938 1293 1989 Festus
1310 1938 1343 1987 in

222 2022 284 2057 voce
301 2005 437 2056 Peculatus
461 2008 495 2069 [p.
514 2005 562 2056 237
582 2003 629 2054 col
649 2009 661 2054 1
681 2003 697 2052 1.
716 2006 749 2056 20
767 2003 879 2066 Muell.]:
905 2003 1063 2069 „Pomqmm
1086 2020 1149 2054 aare
1169 2007 1280 2071 agnato
1297 2007 1347 2055 ati

223 2076 310 2140 coepit
325 2073 441 2139 populna
457 2071 486 2122 ΙΙ.
508 2070 622 2137 Tarpeia
641 2071 699 2137 lege
716 2077 824 2122 casatam
842 2077 893 2134 ert,
916 2076 947 2120 sat
964 2072 1009 2122 bor
1025 2072 1203 2136 centussibus,
1222 2077 1280 2124 cuia
1295 2074 1344 2124 de-
1413 2102 1414 2121 ι

221 2142 336 2193 cassibus
354 2143 567 2191 aestimaretor.“
599 2139 801 2203 Animadvertis,
824 2141 929 2205 opinor,
954 2156 1005 2190 non
1022 2140 1096 2190 modo
1114 2143 1218 2191 ambus
1235 2142 1344 2192 modica
1413 2138 1414 2161 ¹

221 2210 322 2276 gemino
338 2208 435 2275 plurali
452 2208 518 2268 dici3
542 2206 585 2258 sed
603 2213 629 2257 et
646 2209 748 2258 ascitur
764 2206 941 2270 framentum,
961 2210 1049 2258 bouem
1067 2210 1246 2272 cantuaritas,
1265 2224 1344 2260 eumn

222 2278 372 2329 decennibus
389 2276 468 2326 altero
486 2275 624 2339 singulari:
650 2275 726 2341 plane
745 2280 774 2324 ut
791 2276 859 2341 apud
876 2276 1010 2337 Nostrum,
1026 2279 1209 2342 ptisanaru'om
1227 2281 1342 2328 octaed-

222 2349 276 2397 iar.
306 2345 380 2400 Quod
397 2344 502 2409 perinde
520 2350 565 2405 est,
584 2358 612 2394 ac
631 2344 653 2394 si
671 2343 774 2409 diceret,
792 2345 900 2409 ringula
918 2342 949 2394 id
962 2359 1048 2408 gersus
1064 2346 1219 2410 ptisanario
1236 2345 1271 2397 ds
1285 2361 1344 2397 πιο-

223 2415 344 2465 dicamne
367 2414 484 2476 officinis
504 2412 655 2463 ,catamitus
684 2414 736 2461 emi
756 2412 849 2464 sotere.
889 2413 1044 2477 diciteque
1069 2412 1255 2476 loquebantnr3
1282 2414 1344 2466 Hoc
1414 2428 1415 2469 ζ

222 2482 342 2548 quidese,
360 2481 432 2546 quod
447 2483 476 2531 ιἰι
493 2482 615 2530 manium
632 2480 706 2542 saro,
730 2482 910 2545 prisonarium
927 2486 1027 2530 octusse
1043 2483 1098 2531 rius
1115 2484 1219 2531 octonis
1236 2484 1343 2533 auibus

222 2556 319 2601 emtum
336 2554 390 2600 ert:
408 2549 457 2599 troc
472 2564 558 2612 genua
574 2550 755 2613 pecunarium
773 2548 915 2598 octussibus
932 2551 1036 2599 emitur.
1066 2549 1234 2599 Posteriorem
1253 2555 1343 2600 autem

164 2666 167 2669 .
222 2618 328 2683 phrasin
344 2618 387 2667 hic
404 2616 537 2681 usurpavit
555 2616 680 2676 medicus,
707 2616 768 2680 quia
789 2632 841 2666 non
864 2616 941 2666 unici
961 2617 1102 2681 ptisanario
1126 2618 1227 2680 ingesto
1251 2619 1342 2669 sanari

222 2685 446 2752 potnitOpimius3
465 2684 508 2734 sed
526 2683 640 2748 pluribus
659 2684 773 2748 qnotidie
790 2700 854 2750 opus
871 2684 975 2747 habuit,
994 2684 1072 2734 donec
1084 2684 1219 2750 paullatim
1238 2687 1342 2751 integre

221 2753 412 2804 convalesceret.
439 2754 528 2816 Itaque
545 2767 597 2801 uno
615 2768 735 2816 responso
753 2757 778 2802 et
794 2752 904 2819 pretium
921 2751 1056 2818 ptisanarii
1073 2752 1341 2816 indicauitltlediaus3

223 2820 332 2873 utillud
349 2822 454 2886 insuper
471 2819 638 2884 significarit,
665 2820 740 2885 plura
763 2821 791 2870 id
813 2836 893 2885 genus
917 2822 982 2871 sumi
1006 2825 1127 2884 oportere.
1163 2820 1220 2875 Quo
1244 2822 1342 2873 damno

222 2890 379 2941 exanimatus
397 2889 556 2949 illaesurus,
574 2889 697 2938 continuo
715 2888 845 2953 exclamat,
863 2888 947 2952 Eheu,
965 2889 1032 2954 qaid
1047 2888 1138 2950 refert,
1155 2893 1284 2941 mortuns
1301 2907 1341 2941 an

222 2958 345 3009 medendi
360 2958 512 3025 sumptibus·
523 2971 638 3021 persam.
673 2957 777 3006 Rectius
794 2956 875 3021 igitur
899 2958 1045 3008 oetaasitua
1060 2957 1102 3006 bic
1119 2956 1245 3021 legemus,
1269 2958 1340 3023 quod

221 3032 248 3077 et
271 3026 395 3076 editiones
418 3029 513 3075 veteres
536 3030 562 3074 et
585 3040 671 3074 omnes
696 3026 809 3073 omnium
834 3024 934 3075 codices
960 3023 1136 3076 exhibuerunt.
1177 3024 1243 3076 Nam
1268 3026 1340 3091 quod

221 3094 362 3145 Lambinus
380 3094 532 3159 suspicatur,
549 3092 611 3142 olim
627 3092 670 3143 hic
688 3093 802 3142 extitisse
820 3092 870 3143 oet*
886 3094 1000 3143 cambus:
1019 3093 1080 3158 quia
1091 3091 1115 3144 il
1123 3092 1198 3143 litera
1216 3094 1339 3146 inlibris

222 3163 320 3227 aliquot
335 3161 414 3211 litura
432 3177 483 3211 non
495 3159 613 3222 vacabat3
631 3160 659 3209 in
678 3176 708 3210 ea
724 3177 759 3221 re,
776 3160 859 3223 credo,
876 3160 988 3211 fallitur:
1007 3167 1032 3212 et
1043 3161 1130 3226 potius
1141 3166 1186 3223 est,
1205 3166 1235 3211 ut
1252 3168 1339 3213 actor·

220 3232 293 3279 ritas
310 3229 399 3290 suerit,
427 3228 494 3293 quod
515 3229 543 3277 in
567 3227 654 3278 codice
676 3229 759 3293 Regio
782 3229 902 3292 habetur,
927 3229 1003 3280 litera
1019 3229 1043 3278 U
1066 3245 1174 3295 superne
1198 3229 1337 3296 adscripta.

222 3297 286 3347 Tum
304 3302 401 3357 autem,
426 3295 494 3361 quod
510 3295 637 3361 Oraquius
654 3301 788 3361 memorat,
813 3298 840 3346 in
863 3297 1033 3347 vetustissimo
1049 3297 1189 3347 Blandinio
1213 3313 1266 3348 esse
1284 3303 1337 3350 oct.

222 3366 336 3427 cambas,
363 3364 391 3413 id
414 3363 516 3428 quidem
539 3378 555 3413 a
577 3377 653 3413 manu
677 3364 787 3415 secunda
810 3365 990 3429 interpolatum
1008 3365 1086 3415 fuisse
1103 3365 1157 3416 reri
1176 3365 1338 3416 simillimum

220 3437 273 3483 est:
299 3448 358 3482 nam
380 3433 408 3481 in
432 3447 462 3481 ea
484 3448 511 3481 re
533 3429 640 3481 subinde
663 3434 809 3483 annotanda
831 3433 938 3483 nimium
955 3434 978 3483 is
994 3432 1133 3497 indiligens
1150 3438 1213 3483 erat
1246 3434 1289 3484 Sic
1308 3436 1337 3485 in

220 3500 412 3566 Magdalenensi
435 3504 522 3549 nostro
545 3515 614 3549 nunc
637 3500 739 3564 quidem
762 3502 925 3552 octonariam
948 3502 1102 3566 praesertum
1130 3506 1157 3552 at
1173 3517 1190 3551 a
1206 3502 1337 3568 principio

222 3575 277 3620 erat
294 3570 448 3632 velitaribus,
466 3573 495 3617 ut
512 3583 599 3618 rasura
617 3572 642 3618 ct
658 3568 748 3618 literae
764 3568 874 3633 vestigia
891 3569 1024 3619 manifeste
1042 3569 1167 3622 indicant.

293 3640 348 3689 157.
382 3637 426 3688 Aa
443 3635 526 3697 sartis
541 3651 700 3701 pereamque
716 3639 830 3702 rapinis]
862 3638 903 3686 Ita
920 3638 981 3688 olim
999 3636 1122 3688 dederunt
1139 3637 1264 3688 editiones
1281 3639 1336 3703 pri·

221 3721 291 3757 scae:
317 3720 375 3755 mox
392 3710 479 3755 exorta
496 3709 535 3754 est
551 3703 762 3768 interpolatorum
780 3705 865 3767 natio,
891 3706 935 3770 qui
952 3721 989 3755 nn
1006 3720 1053 3770 pro
1071 3721 1121 3771 que
1138 3707 1233 3770 passim
1250 3705 1337 3757 edida·

221 3778 295 3836 runt;
319 3772 409 3837 „Quid
425 3772 510 3834 refert
524 3774 624 3836 morbo,
643 3787 678 3822 an
695 3772 786 3834 fortia
803 3787 943 3838 percurrens
959 3775 1099 3840 rapiniffl‘
1122 3774 1197 3829 Quod
1214 3789 1246 3825 ne
1262 3775 1336 3826 Lati·

222 3858 282 3891 num
301 3841 402 3907 quidem
418 3846 470 3890 est:
493 3857 527 3891 ne
543 3840 611 3890 enim
628 3840 656 3890 in
673 3841 721 3891 hac
738 3841 869 3891 locutione
887 3856 984 3905 semper
1000 3840 1127 3892 antecedit
1143 3839 1175 3892 τὸ
1194 3858 1244 3906 aa,
1262 3858 1335 3893 num·

223 3925 298 3974 quam
315 3907 490 3975 subsequitum
516 3912 547 3957 nt
563 3907 644 3959 Carnu.
663 3909 697 3969 II,
716 3910 740 3969 3,
758 3910 799 3960 21.
834 3909 964 3972 „Diuersa
980 3913 1069 3974 prisco
1086 3914 1167 3960 nanu
1183 3911 1217 3960 ab
1234 3910 1335 3962 Inaeha

221 3976 271 4028 Na
287 3979 410 4041 intereat,
431 3992 464 4026 an
480 3978 613 4043 paoper.“
645 3976 702 4026 Hoc
720 3977 814 4041 igitar,
838 3983 868 4026 ιιι
891 3992 951 4027 sane
968 3978 1083 4028 meritum
1101 3983 1170 4042 erat,
1192 3979 1335 4044 repudiato,

221 4048 327 4094 veterem
345 4044 480 4095 lectionem
498 4060 547 4109 que
564 4045 591 4093 in
609 4043 680 4094 sedes
697 4044 819 4112 pristinas
837 4045 1003 4095 restituerunt
1010 4045 1150 4096 Lambinus
1165 4051 1191 4098 et
1200 4045 1335 4111 Grunnius.

222 4108 272 4160 Sed
289 4127 345 4161 cum
363 4111 463 4162 codices
480 4127 511 4161 ex
527 4113 622 4162 nostris
639 4111 745 4177 aliquot,
764 4112 858 4177 Regius
875 4113 986 4175 scilicet,
1005 4113 1144 4176 (inienuus,
1163 4119 1189 4165 et
1205 4113 1335 4179 Magdala·

222 4178 308 4227 nensis
325 4178 392 4229 clare
407 4176 518 4228 habeant
535 4194 578 4240 ve3
606 4179 682 4242 idque
699 4181 782 4244 ipsum
800 4179 909 4231 voluisse
926 4181 1072 4243 rideantur,
1092 4182 1136 4246 qui
1153 4197 1188 4233 ne
1204 4181 1247 4234 hic
1265 4182 1335 4234 exhi·
