2840 4762
505 263 661 313 LECTORI.
1053 268 1150 318 XXVII

74 428 107 471 os
134 424 227 484 arrone
247 408 327 467 ratio
357 411 416 477 est,
444 404 608 480 processit.
653 400 773 463 Etenim
794 404 822 462 si
844 405 977 466 imitatem
999 412 1077 467 esset
1096 408 1146 467 At-

74 524 143 579 um;
165 509 210 567 ito
225 504 422 582 protulisset,
445 501 489 562 Te
514 499 585 560 deus
607 516 635 574 υ,
657 515 720 559 nou
741 499 786 560 Te
807 499 878 562 deos
899 520 926 563 ο.
975 503 1094 578 Tamen,
1118 506 1146 565 si

74 606 204 666 remoto
224 604 342 678 saetam
364 606 423 675 est,
446 598 540 660 tabet
560 599 801 672 exauoaonem,
834 601 919 674 qaod
938 603 1033 678 tepent
1055 618 1146 671 oaao

74 721 86 765 e
106 703 169 764 siti
190 717 265 764 oasa
287 701 391 773 aliquo
414 698 550 767 dixerat,
585 711 681 769 usque
702 696 746 755 aa
765 697 899 757 ultimam
920 699 1052 760 demotis
1067 716 1146 776 par-

74 825 77 855 >
105 799 294 862 obseruando
318 794 480 872 produxit.
525 792 661 853 Atrooius
687 809 757 853 vero
784 792 815 852 in
837 795 976 857 Nostrum
1003 795 1148 857 invehitur

74 898 137 959 ilius
157 894 384 956 Fortunatianus
404 908 434 968 p.
455 894 548 964 2683,
575 893 790 967 ipuoroutr'arrr,
814 892 976 968 amomum,
1001 910 1145 969 errorem,

74 997 275 1068 tsaimumque
291 991 402 1068 periero
423 988 608 1065 increpitans.
654 986 854 1050 Confitendum
876 990 992 1067 quidem
1013 998 1067 1067 est,
1089 1009 1148 1052 non

74 1118 77 1151 r
100 1091 225 1167 amplius
242 1086 472 1150 choriambicum
495 1103 560 1147 esse
574 1085 696 1147 Versum
712 1085 826 1160 Flami3
849 1089 899 1149 sed
921 1090 952 1148 in
973 1089 1044 1150 illud
1066 1089 1149 1150 metri

74 1207 115 1250 ius
140 1188 282 1264 migrare,
310 1175 611 1261 Πολυσχημάτιοτον
631 1188 703 1261 puta
723 1185 770 1245 vel
790 1179 1008 1265 Λουνάρητον.
1049 1187 1151 1249 Studio

74 1306 135 1362 ren,
159 1303 219 1346 non
240 1300 351 1357 errore,
373 1280 403 1341 id
425 1281 529 1342 iecisse
550 1282 705 1358 Nostrum,
736 1283 816 1343 nulla
836 1282 906 1343 mihi
928 1284 1068 1346 dubitatio
1089 1290 1148 1359 est3

77 1385 108 1444 in
129 1382 187 1443 hoe
208 1398 322 1459 quoque
342 1379 481 1441 Aleaeum
501 1383 531 1441 et
550 1378 736 1458 Sapphonem
757 1380 912 1458 magistros
933 1381 988 1441 sibi
1009 1400 1044 1443 ae
1065 1381 1153 1444 duees

74 1481 160 1543 tuisse
195 1479 380 1554 crediderim,
417 1477 474 1539 etsi
507 1478 539 1537 in
571 1483 631 1539 tam
661 1478 792 1554 pauculis
822 1478 1004 1555 Fragmenfis
1037 1480 1146 1541 nullum

74 1579 110 1640 lie
130 1578 292 1655 exemplum
312 1580 398 1638 extet.
445 1574 562 1653 Quippe
582 1575 639 1636 hoo
659 1580 790 1652 metrum,
817 1594 853 1637 ex
870 1577 985 1653 gemino
1006 1577 1064 1638 ium
1085 1579 1150 1639 eolo

74 1682 170 1752 estana

112 1778 152 1839 Te
173 1780 246 1838 deos
268 1793 322 1841 oro
345 1772 505 1856 Sabatini
524 1792 582 1838 aar
597 1792 752 1853 properes
774 1778 914 1852 amando,

74 1899 165 1942 suave
186 1895 425 1953 numerosamque
448 1882 507 1950 est3
529 1876 668 1953 priusque
689 1877 752 1937 eius
767 1878 934 1955 membrum,
956 1878 1034 1956 quod
1055 1879 1147 1940 solum

76 1980 185 2039 Nostro
206 1975 384 2054 redarguunt
407 1973 607 2048 Grammatiei,
630 1992 718 2050 saepe
739 1974 818 2052 apud
839 1976 965 2053 Eupolin
987 1984 1017 2038 et
1036 1978 1148 2039 Aristo·

74 2095 149 2137 inem
170 2075 306 2136 habetur:
328 2073 412 2135 utin
434 2071 576 2133 Parabasi
599 2071 726 2133 Nubium
748 2091 776 2134 v.
803 2077 873 2136 508.
896 2078 1008 2151 etseq.

111 2194 139 2243 tt
155 2185 299 2259 θεώμενοι,
316 2189 422 2256 κατερῶ
437 2190 442 2252 Ι
456 2183 527 2255 πρός
541 2181 567 2256 γ’
587 2183 659 2256 iper
675 2184 829 2258 ἐλευθέρως.

111 2278 174 2333 Τοῖς
192 2277 301 2344 σοφοῖς,
325 2259 366 2324 οἷν
383 2266 466 2326 οὕνεκ’
486 2267 540 2341 ἐγὼ
556 2273 561 2342 Ι
576 2267 650 2325 ταῦτ’
670 2269 946 2343 ἐπραγματευσσὶμην.

84 2399 148 2442 eum
175 2380 290 2442 diverso
318 2380 381 2440 eolo
402 2380 529 2440 iunctum
551 2377 629 2454 apud
650 2378 864 2455 Euphorionem
887 2377 1147 2454 Chersonesiotam‚

75 2478 185 2555 phaest.
207 2496 237 2556 p.
262 2482 313 2538 60.

113 2586 152 2644 Or’r
166 2592 284 2660 βέβηλος,
305 2581 327 2642 ὦ
345 2588 448 2644 τελεταὶ
462 2594 467 2656 Ι
482 2593 532 2643 τοῦ
549 2590 612 2643 νέου
628 2587 770 2645 Διονύσου.

76 2718 90 2758 n
116 2703 209 2760 autem
236 2697 356 2759 Aeolica
383 2696 456 2758 haee
485 2700 577 2758 metra
603 2715 684 2773 esse,
717 2703 747 2758 et
772 2696 895 2773 proinde
927 2697 962 2757 de
990 2697 1148 2774 Sapphone

76 2815 114 2872 ue
134 2796 241 2859 Alcaeo
261 2795 367 2872 petita,
396 2796 443 2857 vel
469 2793 544 2857 iilud
570 2795 677 2856 indicio
698 2800 757 2870 est,
786 2795 864 2871 quod
885 2796 994 2872 primus
1015 2814 1068 2871 pes
1091 2796 1150 2856 dis-

76 2895 156 2956 tabus
182 2894 331 2970 utriusque
363 2893 419 2954 ooli
452 2895 515 2969 (seu
543 2892 695 2970 spondeus
723 2893 776 2969 sit,
809 2893 871 2953 sive
899 2893 1066 2955 'Proehaeus
1099 2898 1150 2954 aut

76 2993 154 3065 rbus)
174 2991 422 3054 indiscriminatim
443 2990 560 3068 ponitur
582 2991 700 3051 arbitrio
722 2991 845 3052 Poetae:
875 2993 925 3067 qui
946 2992 1080 3068 proprius
1103 2996 1148 3053 est

77 3090 136 3151 >liei
156 3090 291 3151 earminis
312 3088 474 3149 character:
503 3093 535 3149 ut
564 3088 595 3147 in
622 3089 679 3148 iliis
699 3087 905 3164 Aristophanis
927 3089 1014 3166 [Nub.
1037 3107 1065 3147 v.
1083 3092 1143 3150 549

77 3188 125 3264 ἰο.]
147 3192 177 3249 et
196 3186 347 3263 Eupolidis
376 3185 535 3263 [Aristoph.
559 3185 637 3247 Nub.
660 3204 689 3245 v.
714 3190 773 3249 529
796 3187 899 3261 Mein,
928 3185 965 3246 ei.
988 3185 1148 3262 Hephaest.

77 3286 170 3360 61Ρ.,
192 3284 324 3346 Mainake
345 3284 430 3362 irgm.
445 3284 475 3343 11
496 3301 526 3360 p.
545 3287 614 3357 570,
632 3285 694 3359 77],

113 3402 150 3456 Os
165 3398 201 3468 μέ
215 3404 219 3460 Ι
234 3414 332 3467 prorae
349 3394 417 3451 ὄντα
433 3392 533 3452 Κλέων’
552 3391 661 3461 1ἔπυισ’
678 3407 683 3453 Ι
699 3394 726 3454 ἔς
743 3393 794 3460 τὴν
810 3397 941 3469 γαστέρα.

114 3487 137 3536 0
155 3480 195 3536 oui
209 3486 215 3553 Ι
230 3501 313 3555 mour
330 3500 359 3537 τε
371 3480 415 3554 χώ
433 3482 541 3536 amauri
555 3483 560 3552 i
574 3502 634 3552 γων
652 3478 670 3536 ἆ
685 3487 689 3551 Ι
705 3478 774 3553 ριστ’
795 3477 955 3547 ἠκουσάτην.

78 3596 181 3653 teterea
208 3608 338 3668 quoque,
371 3609 435 3652 eum
461 3591 517 3651 hoo
544 3596 665 3652 metrum
694 3589 767 3650 nihil
794 3591 872 3652 aliud
900 3591 939 3652 sit
967 3608 1054 3668 quam
1074 3589 1149 3650 Tro·

79 3689 144 3750 iens
163 3686 371 3750 Archilocheus
397 3687 525 3750 aeeunda
552 3689 622 3749 sede
650 3687 758 3750 fruetus
780 3693 809 3750 et
829 3689 979 3762 inversum
1012 3686 1149 3764 quemad·

79 3786 142 3847 ium
162 3787 210 3848 ille
232 3804 317 3862 quem
331 3787 389 3846 iam
404 3785 546 3863 dedimus,
569 3786 595 3847 si
618 3805 675 3866 aye
697 3786 783 3864 ponis
804 3787 868 3848 viae
889 3781 958 3865 ipo),
979 3783 1150 3848 rotundissi-

79 3902 92 3944 s
113 3884 173 3945 exit
192 3884 398 3959 Tetrametrus‚

115 4001 177 4055 Tuis
194 4001 295 4068 σοφοῖς
313 3986 353 4050 ὦν
370 3993 454 4052 οὕνεκ’
475 4015 530 4068 mye
547 3993 623 4051 ταῦτ’
643 3994 921 4069 &purpureorum

96 4103 164 4165 inde
185 4104 272 4166 etiam
292 4103 427 4182 conficias
448 4104 598 4166 Aeolicum
624 4103 715 4166 inisse
735 4110 866 4167 metrum.
908 4102 1053 4164 Amabant
1073 4101 1150 4162 enim

80 4203 184 4265 tlenees
205 4205 321 4281 recepta
341 4208 433 4265 metra
457 4202 499 4265 sie
520 4201 678 4281 infringere
700 4207 729 4263 et
750 4204 877 4276 variare3
904 4202 977 4264 sieut
997 4199 1150 4262 Heroieum
