2818 4758
194 231 253 296 138
572 240 605 301 Q·
627 238 769 286 noesuu
790 239 915 287 aurem

356 375 405 443 Sit
427 373 582 452 trabibus,
605 371 795 454 fragilemve
816 391 942 438 meeum

272 463 383 530 Solvet
405 459 570 546 phaselon.
595 477 693 544 saepe
715 457 878 543 Diespiter

228 561 259 612 eo
272 548 448 629 Negleetus
469 544 591 610 ineesto
614 542 739 609 addidit
759 541 936 624 integrum:

312 635 397 699 Raro
420 630 659 695 antecedentem
683 626 854 693 seelestam

355 714 508 782 Deseruit
529 714 612 800 pede
634 715 743 778 Poena
765 713 890 778 olaudo.

723 863 781 929 III.

269 989 404 1064 Iustum,
427 990 460 1048 et
480 990 624 1049 tenacem
645 981 801 1069 propositi
822 981 926 1049 virum

269 1073 340 1136 Non
363 1069 479 1135 eivium
502 1068 597 1134 ardor
618 1088 719 1154 prava
740 1068 927 1145 iubentium,

313 1158 387 1222 Non
409 1154 515 1220 voltus
536 1152 686 1218 instantis
708 1152 836 1238 tyranni

352 1241 457 1304 Mente
480 1239 584 1321 quatit
605 1237 719 1310 solida,
741 1257 846 1319 neque
868 1239 992 1304 Auster

240 1328 344 1390 eDux
366 1323 501 1405 inquieti
523 1321 670 1388 turbidus
692 1322 843 1399 Hadriae,

268 1410 335 1476 Nee
357 1407 556 1474 fulminantis
577 1428 697 1489 magna
718 1428 834 1474 manus
854 1406 961 1475 Iovis:
1061 1452 1063 1455 -

295 1495 345 1560 ei
367 1493 490 1559 lraetus
510 1493 671 1558 inlabatur
693 1492 790 1567 orbis,

350 1577 542 1663 Inpavidum
564 1578 678 1643 ferient
700 1578 821 1642 ruinae.

265 1663 334 1728 Hae
355 1669 424 1729 arte
445 1663 569 1740 Pollux,
592 1668 624 1727 et
644 1682 749 1744 vagus
769 1661 924 1727 Hercules

225 1761 254 1810 re
268 1748 385 1814 Enisus
407 1749 490 1814 areis
512 1747 620 1830 attigit
641 1747 768 1829 igneas:

181 1882 205 1916 v.
223 1869 262 1918 28.
282 1866 357 1931 Vulg.
381 1865 577 1931 Fragilemque.
613 1867 653 1918 29.
671 1866 819 1917 Pleuratum.
855 1867 879 1916 6.
897 1864 966 1914 lovis
988 1879 1085 1914 manus.
1125 1866 1164 1917 lo.
1181 1865 1316 1917 inerim.
1394 1864 1395 1889 ³

239 2004 289 2058 28.
307 2001 497 2066 Fragilemque
519 2016 620 2050 mserum
644 2000 731 2049 solvat
751 1999 902 2065 phaselum]
937 1998 1023 2049 Primo
1046 1997 1183 2063 legendum
1207 1999 1316 2066 Frugi·

183 2069 274 2131 lernae,
292 2069 496 2135 repugnantibus
513 2067 575 2118 lieet
592 2066 738 2119 eodieibns:
762 2067 858 2117 senties
876 2068 943 2117 enim
961 2065 1105 2130 milliesque
1122 2063 1156 2116 τὸ
1174 2083 1206 2117 ee
1223 2075 1314 2118 muta·

180 2143 233 2187 tum
252 2143 291 2188 est
307 2138 334 2187 in
355 2154 411 2201 pree,
430 2142 460 2187 ut
477 2137 563 2188 sciunt
580 2136 625 2199 qui
642 2136 829 2202 manuscriptos
847 2138 968 2186 tmotent.
1002 2133 1115 2195 Vetebo,
1141 2135 1240 2200 iuquit,
1261 2137 1314 2201 qui
1394 2192 1395 2195 Ἴ

179 2207 298 2285 mysteria
323 2205 421 2255 Cereris
444 2205 609 2265 revelaverit,
635 2208 684 2253 aaut
707 2207 774 2253 terra
797 2203 844 2254 sub
868 2202 956 2252 eodem
978 2205 1046 2252 teoto
1063 2218 1162 2253 meeum
1179 2204 1228 2264 sit,
1256 2210 1313 2254 aut
1394 2232 1395 2239 κ

179 2290 243 2324 marr
261 2275 288 2323 in
306 2272 393 2323 eadem
410 2274 480 2324 navi,
516 2272 614 2323 Deinde
632 2269 714 2322 seribe
732 2285 790 2321 oum
807 2270 942 2332 Leideusi,
966 2270 1124 2332 emerium,
1149 2271 1312 2334 Battsliauo,

179 2347 205 2392 et
221 2346 320 2392 Aerone
337 2341 521 2407 manuscripto,
538 2340 676 2405 phaselon,
694 2339 846 2389 formatione
864 2340 968 2389 Graece
986 2342 1017 2388 ut
1034 2338 1106 2388 ovid.
1120 2341 1203 2389 Amor.
1214 2341 1254 2400 11‚.
1265 2343 1309 2392 lo

180 2413 211 2473 [v.
230 2412 256 2472 a]
291 2409 420 2475 „Errant
438 2411 572 2460 attentis
590 2407 756 2458 discordibus
773 2412 834 2458 seta
852 2406 999 2456 Phaselos.‘⁴
1035 2407 1101 2459 Stet.
1122 2406 1186 2459 Sile.
1203 2408 1259 2469 ΙΙΙ,
1280 2411 1307 2460 2.
1394 2402 1395 2423 ³

180 2481 210 2540 [r.
230 2480 272 2540 31]
308 2475 451 2543 „Damam
468 2482 619 2528 secuturam
636 2476 754 2540 religent
775 2480 837 2540 port
860 2480 938 2539 terge
960 2474 1112 2524 Phaselon.“
1146 2475 1226 2524 Porro
1243 2476 1309 2525 imi·
1394 2474 1395 2539 f

179 2549 247 2595 tatus
265 2548 304 2594 est
321 2545 388 2594 hune
406 2544 491 2594 loeum
508 2544 664 2594 Prudentius
682 2547 772 2593 eontra
789 2543 965 2609 Symmaelrum
983 2543 1017 2604 ΙΙ,
1037 2545 1095 2595 530.
1123 2542 1309 2606 „lacaenae
1394 2562 1395 2571 ¹

180 2618 270 2662 tenues
289 2613 404 2672 eramiae,
423 2611 577 2676 fragilesque
594 2612 720 2677 phaseli.“

245 2681 269 2730 6.
287 2676 344 2728 Neo
360 2678 533 2739 sirlminantir
549 2693 650 2741 magna
668 2679 739 2729 loeis
756 2681 862 2741 manus]
898 2677 990 2727 Melior
1014 2677 1165 2742 suaviorque
1184 2678 1246 2728 ordo
1262 2683 1308 2729 est

176 2748 204 2796 in
222 2744 334 2795 editione
352 2745 449 2796 Veneta
469 2748 534 2797 1478
552 2749 578 2795 et
601 2746 717 2796 omnibus
741 2746 838 2810 ubique
854 2745 997 2806 codicibus3
1032 2743 1106 2808 „Nee
1129 2745 1306 2805 fulminare&
1394 2802 1395 2819 χ

176 2828 277 2877 magna
295 2827 390 2862 meum
407 2812 503 2863 Ievis.“
538 2813 662 2864 Leselreri
685 2819 767 2866 tamen
793 2814 872 2864 editio
891 2815 956 2866 1498
973 2813 1085 2879 priorem
1107 2812 1246 2864 lectionem
1262 2830 1304 2864 se·

178 2881 278 2946 quitur,
302 2880 370 2931 uude
393 2882 421 2931 in
448 2883 604 2948 posteriores
627 2898 713 2933 omnes
736 2882 850 2934 derivate
873 2886 918 2932 est
953 2880 1047 2931 Paueis
1070 2886 1196 2931 enatura
1214 2881 1305 2932 datum

177 2953 216 2999 est
233 2948 325 2999 habere
342 2957 437 3002 aurem.

245 3019 268 3070 Ι.
287 3016 319 3068 Si
343 3017 450 3078 fruetus
478 3019 609 3070 illudatur·
634 3020 715 3079 orbis]
751 3018 885 3068 Leidensis
913 3021 999 3067 noster
1024 3016 1213 3066 vetustissimus
1242 3032 1303 3066 eum

176 3086 292 3136 Patrensi
315 3090 341 3136 et
358 3087 411 3137 ulio
428 3089 584 3151 reeentiore,
608 3087 742 3137 illudetur.
778 3085 851 3136 Nihil
875 3089 952 3137 muta.
987 3084 1158 3150 Hieronymus
1181 3083 1302 3149 Epistola

176 3152 208 3202 ad
225 3154 411 3205 Demetriadem
430 3159 462 3218 [v.
482 3158 530 3207 ‘187
550 3154 589 3206 ed.
608 3156 695 3217 Ben.]:
733 3156 870 3217 „Pr-olm
892 3157 1075 3203 inreverens
1093 3167 1161 3211 esre,
1180 3151 1254 3216 prend
1270 3155 1301 3204 iu

176 3219 276 3285 Lprr'eo
294 3222 421 3274 Carmine
434 3239 517 3289 super
534 3225 599 3272 iusti
614 3225 760 3288 praeeonio
779 3222 887 3282 dieitur,
907 3220 937 3270 St
953 3220 1059 3280 fraetru
1075 3219 1200 3269 illabetur
1217 3222 1300 3283 ordre,

176 3288 343 3352 impavidum
364 3290 465 3351 ferient
487 3292 611 3340 ruinae.“
643 3290 681 3338 Et
704 3290 741 3340 sie
764 3291 857 3340 iterum
881 3290 945 3339 uitat
968 3287 1087 3354 Epistola
1111 3286 1143 3337 ad
1167 3287 1300 3338 lulianum
1394 3314 1395 3317 ¹

176 3355 326 3405 Diaconum.

243 3424 283 3473 lo.
302 3423 418 3472 Innixus
442 3439 517 3474 areae
544 3426 637 3488 attigit
661 3427 764 3488 igneae]
806 3423 850 3473 Sie
877 3423 1002 3473 editiones
1027 3427 1124 3473 veteres
1150 3421 1248 3474 Veneta
1273 3429 1300 3475 et
1394 3448 1395 3459 Ι

173 3490 308 3550 Loseheri,
335 3492 460 3552 runem,
488 3507 593 3556 quarum
617 3492 759 3557 exemplum
783 3491 934 3557 posteriores
957 3491 1093 3557 pleraeque
1111 3496 1214 3541 secutae
1230 3497 1300 3543 suut

173 3557 374 3607 AtGraevianus
391 3563 478 3608 noster
496 3560 682 3624 etRegineusis
694 3575 751 3609 eum
770 3575 813 3609 sex
830 3559 1019 3609 aliislaatrar:
1038 3559 1180 3619 Leidensis‚
1191 3560 1298 3611 Petren-
1394 3570 1395 3615 l

173 3626 222 3687 sis,
247 3625 424 3690 Vigoruiensis
443 3631 468 3676 et
485 3627 580 3691 Regiae
599 3628 749 3689 uarietatis,
776 3629 878 3677 entrare:
906 3643 987 3692 neque
1011 3627 1087 3677 aliter
1109 3627 1298 3679 vetustissimae

173 3691 333 3743 membranae
350 3691 457 3756 Oraquii
475 3699 500 3744 et
524 3696 639 3746 aliorum.
676 3696 761 3747 Reate.
798 3695 849 3751 eni
871 3696 972 3760 pondus
997 3694 1100 3760 aliquod
1124 3696 1248 3757 sustinet,
1273 3696 1297 3746 is

173 3762 254 3812 fulera
272 3763 413 3824 innititur,
431 3778 463 3812 ne
482 3764 569 3813 eadat:
594 3764 684 3827 quiin
703 3763 783 3813 altum
800 3762 934 3813 estendere
952 3767 1067 3826 conatur,
1086 3765 1208 3815 enititur.
1244 3765 1296 3813 Ita·

174 3846 230 3893 que,
248 3834 307 3895 epte
326 3827 410 3879 dieere
427 3845 521 3895 posses,
539 3833 596 3882 Hae
614 3836 668 3881 erte
686 3834 799 3882 suniam
808 3831 932 3882 Hercules
950 3831 1048 3881 eaelum
1066 3828 1209 3881 cervicibus
1227 3831 1294 3893 tulit,

173 3897 239 3948 fesso
256 3898 375 3948 Atlante:
394 3913 470 3959 nune,
489 3915 547 3948 eum
565 3900 617 3949 alia
634 3899 762 3949 sententia
779 3899 828 3963 sit,
846 3899 914 3964 quod
932 3915 1022 3964 nempe
1040 3914 1111 3949 eroes
1128 3899 1218 3962 igneas
1235 3899 1296 3949 atti·

172 3967 246 4028 gerit,
265 3968 338 4017 etad
355 3965 452 4016 eaelum
470 3967 619 4028 eseenderr’t,
644 3968 749 4017 omniuo
766 3968 813 4016 hae
832 3972 885 4016 arte
904 3966 1037 4017 autemid
1056 3966 1168 4016 efferisse
1186 3966 1292 4017 diaetas.

173 4031 277 4083 Teeitus
294 4033 385 4083 dunel.
404 4036 425 4095 I,
437 4035 478 4085 to.
513 4033 651 4098 ‚Jundem
671 4034 795 4086 Vitellius
812 4035 840 4084 in
859 4034 969 4085 editiora
986 4034 1070 4086 enisus
1090 4034 1182 4084 eodem
1198 4050 1293 4100 ugmsu

170 4101 324 4152 erctdner’t.“
358 4100 439 4152 Valet.
457 4102 565 4153 Flaeeus
581 4104 617 4164 ΙΙ,
636 4105 694 4155 462,
729 4101 854 4166 „uuam
870 4102 993 4165 Aloidas,
1018 4104 1129 4168 udaeque
1146 4103 1246 4162 enisus,
1264 4106 1292 4152 irs
1394 4108 1395 4115 ’

170 4166 222 4215 ulte
239 4166 314 4232 Rupe
331 4174 419 4219 trueee
435 4174 556 4220 manicae
574 4171 729 4236 defectaque
746 4173 861 4233 virginis
886 4185 935 4219 ora
955 4169 1071 4221 Cernit.“
1105 4168 1207 4221 Plinius
1224 4170 1291 4221 Hist
1394 4170 1395 4203 ἒ
