2834 4758
192 281 258 342 342
591 294 625 353 o.
638 296 919 347 molismensem

235 442 267 491 os
281 426 438 493 Sordidus
458 447 497 492 aa
518 426 619 511 dives,
641 430 754 515 popnli
773 438 977 498 oontemsere
997 452 1093 498 voees

280 511 334 577 Sio
354 511 485 578 solitus:
506 513 652 598 Populus
671 534 725 579 me
744 515 869 594 sibilat;
891 523 927 580 at
945 515 1026 580 milri
1045 518 1167 603 plaudo

277 597 295 661 I
318 614 354 661 se
374 597 472 673 domi
493 597 591 662 simnl
611 618 650 661 aa
670 619 819 665 nummos
839 603 1037 688 contemplor
1056 603 1091 666 in
1111 623 1198 667 area.

306 682 436 747 antalns
456 702 478 745 a
498 681 598 747 labris
620 682 733 749 sitiens
754 685 913 766 fugientia
933 693 1044 773 captat

278 766 436 832 Flumina
473 766 553 850 quid
573 766 683 833 rides?
711 777 835 835 mnmto
856 771 995 849 nomine,
1016 772 1059 838 de
1079 778 1113 836 te

235 865 267 913 ao
280 851 405 917 Fabula
424 860 583 916 narratur.
618 855 781 934 congestis
803 857 945 938 undique
966 858 1069 922 saonis

277 935 437 1003 indormis
458 936 597 1013 inhians,
619 944 653 1002 et
672 946 838 1022 tamquam
859 961 993 1026 pareere
1013 941 1115 1006 saeris

279 1020 423 1103 Cogeris,
444 1030 502 1087 aut
523 1021 619 1107 piatis
640 1029 805 1106 tamqnam
826 1026 970 1106 gaudem
991 1027 1129 1091 tabellis.

279 1107 392 1173 Nescis
413 1127 478 1190 quo
498 1107 607 1173 valeat
626 1127 787 1185 nummus,
808 1130 905 1193 quem
926 1113 1081 1196 praebeat
1100 1115 1219 1176 nsum?

278 1192 375 1257 Panis
397 1199 532 1269 ematur,
554 1192 637 1272 olas,
658 1193 724 1257 vini
746 1194 921 1273 sextarium
942 1195 1029 1261 adde

235 1290 265 1338 7⁵
281 1275 361 1355 Quis
382 1277 524 1342 humana
545 1277 608 1342 sibi
629 1278 737 1343 doleat
756 1286 874 1345 natura
892 1281 1030 1362 negatis.

279 1362 329 1426 An
350 1360 485 1442 vigilare
505 1367 594 1427 metu
615 1363 804 1441 exanimem,
826 1366 993 1448 noctisque
1014 1365 1148 1448 diesque

279 1446 464 1512 Formidare
484 1447 588 1512 malos
609 1447 707 1526 iures,
730 1449 887 1525 incendia,
909 1470 1031 1528 servos,

277 1530 327 1595 Ne
348 1535 380 1595 te
402 1531 573 1617 compilant
594 1532 766 1613 fugientes,
788 1534 850 1599 hoo
870 1534 983 1600 iuvat?
1002 1536 1117 1600 horum

277 1613 412 1701 Semper
431 1635 492 1698 ego
514 1614 651 1702 optarim
673 1619 897 1703 pauperrimus
918 1640 991 1686 esse
1012 1622 1179 1685 bonorum.

233 1714 265 1764 eo
279 1700 321 1765 At
342 1700 370 1767 si
392 1701 556 1768 condoluit
576 1708 733 1767 motatum
754 1703 874 1785 frigore
896 1725 1023 1790 eorpus,

277 1786 341 1850 Ant
361 1785 445 1853 alins
466 1805 563 1854 aasus
584 1787 665 1852 laeto
686 1793 720 1851 te
740 1789 868 1868 adfixit3
890 1790 992 1855 habes
1013 1790 1070 1874 qui

275 1870 442 1949 Adsideat,
465 1872 607 1937 fomenta
627 1879 729 1958 paret,
750 1874 910 1940 medicum
931 1886 1034 1956 roget,
1057 1881 1093 1939 nt
1113 1880 1146 1940 te

277 1955 426 2036 Suscita,
448 1976 487 2022 ao
508 1956 593 2023 natis
614 1957 729 2022 reddat
750 1959 898 2042 carisque
919 1959 1129 2045 propinquis?

275 2040 347 2106 Non
371 2063 451 2107 uxor
471 2042 597 2108 salvum
618 2044 748 2119 terail,
769 2063 834 2109 non
856 2045 957 2124 filius;
980 2064 1092 2111 omnes

232 2138 262 2188 et
277 2126 378 2192 Vicini
401 2128 546 2203 oderunt,
568 2128 645 2205 noti,
667 2127 760 2212 pueri
781 2136 878 2212 atque
899 2130 1037 2215 puellae.

273 2210 409 2291 Miraris,
431 2233 503 2278 eum
526 2219 560 2276 tu
582 2218 715 2294 argento
736 2219 810 2298 post
833 2216 939 2279 omnia
959 2234 1072 2300 ponas,

276 2295 311 2361 Si
332 2318 425 2364 nemo
446 2302 596 2384 praestet,
620 2317 716 2381 quem
736 2318 801 2362 non
821 2299 984 2378 merearis,
1007 2301 1171 2365 amorem?

275 2382 336 2461 Aa,
358 2382 387 2448 si
409 2389 573 2465 cognatos,
599 2383 687 2448 nullo
709 2390 825 2449 natura
846 2385 955 2450 labore

438 2535 461 2570 v,
480 2520 520 2571 83.
547 2518 623 2583 Vulg,
640 2518 680 2568 Aa
697 2517 794 2569 reddat
811 2521 890 2569 natis.
927 2521 968 2572 88.
986 2519 1023 2569 Aa
1039 2519 1070 2569 si.

257 2674 297 2722 sl.
333 2668 413 2720 beato
438 2675 463 2719 te
485 2670 588 2733 afflati]
623 2671 714 2720 Editio
731 2670 942 2737 mimalloneis,
966 2670 1091 2733 Amasin
1118 2669 1200 2719 altera
1217 2672 1245 2718 et
1262 2668 1318 2718 Lo·

189 2738 272 2789 seheri
296 2738 395 2799 afflata
431 2738 494 2786 Inde
519 2737 547 2787 in
569 2742 656 2803 partas
680 2739 745 2788 itum
769 2742 808 2788 est
833 2739 864 2789 ab
888 2737 1085 2804 interpretibus:
1111 2738 1150 2787 ita
1174 2739 1261 2786 tamen
1287 2741 1318 2786 ut

188 2804 306 2919 pluribus
321 2803 447 2869 placuerit
462 2805 574 2867 efflanti,
588 2806 656 2870 quod
671 2807 786 2870 profesto
801 2812 828 2856 et
842 2808 869 2856 in
878 2807 995 2872 pluribus
1010 2804 1164 2856 membranis
1178 2804 1317 2868 reperitur.

202 2873 280 2923 'orior
297 2872 380 2922 tamen
399 2872 523 2922 aelectio
540 2879 592 2937 est,
619 2889 683 2937 quae
708 2876 840 2938 pauciores
867 2875 1002 2926 advocatos
1024 2874 1075 2925 sibi
1092 2878 1168 2923 nacta
1187 2875 1233 2922 est
1270 2872 1317 2922 Se-

188 2957 252 2993 noea
260 2940 345 3007 Epist.
354 2939 461 2990 LXVII.
481 2942 507 3003 [ᾖ
517 2942 543 3003 2]
570 2941 646 3004 „Aeco
662 2946 772 3006 gratias
785 2946 923 3007 senectuti,
941 2942 1014 3008 quod
1023 2957 1064 2992 me
1080 2941 1176 2991 lectulo
1193 2940 1317 3003 offioil.“

188 3009 240 3060 Ubi
258 3008 330 3060 nulla
346 3008 373 3058 in
392 3013 431 3059 tot
447 3008 581 3059 eodieibus
598 3009 707 3059 variatio
725 3015 777 3074 est,
802 3017 980 3076 praeterquam
1005 3010 1073 3074 quod
1090 3016 1142 3060 tres
1158 3008 1229 3073 apud
1247 3009 1316 3058 Gru·

188 3086 269 3129 torum
279 3077 392 3128 Palatini
411 3077 477 3127 lento
494 3092 541 3142 pro
553 3077 650 3127 laetale
668 3077 817 3138 exhibeant3
836 3083 912 3143 atque
930 3096 959 3129 eo
976 3079 1084 3144 propius
1102 3077 1134 3127 ad
1148 3077 1215 3126 hano
1224 3076 1316 3126 Flacci

187 3146 322 3198 lectionem
340 3144 470 3198 secedant.
498 3143 585 3195 Cicero
603 3146 631 3195 in
649 3146 753 3196 Verrem
764 3147 791 3195 V.
804 3162 824 3196 a.
836 3150 858 3198 7.
878 3149 904 3212 [ξ
918 3149 958 3209 16]
987 3146 1076 3210 „Nam
1092 3151 1179 3210 pater,
1196 3143 1316 3208 grandis

188 3220 258 3275 natu,
276 3217 331 3265 iam
348 3214 396 3264 diu
415 3214 481 3264 laeto
500 3214 670 3263 teaebatar“:
690 3214 758 3276 quod
776 3214 882 3280 perinde
900 3220 938 3265 est
955 3231 985 3265 so
1001 3214 1173 3278 affigebatur.
1202 3211 1316 3262 Morbus

188 3282 290 3347 quidem
314 3282 435 3344 afflixit,
460 3280 500 3331 vel
525 3296 603 3330 aanor
627 3281 730 3343 afflixit
752 3288 821 3332 reete
845 3282 953 3342 dixerim
982 3287 1058 3346 atque
1075 3282 1114 3331 ita
1131 3296 1206 3345 saepe
1224 3279 1315 3331 Celsus

187 3348 296 3414 aliiqnez
314 3349 419 3398 minime
436 3364 504 3411 vero,
522 3362 599 3397 eorico
618 3348 684 3398 laeto
700 3350 809 3412 afflixit.
838 3350 972 3413 Affligere
986 3352 1062 3412 enim,
1080 3355 1201 3414 sequente
1216 3347 1313 3409 dativo,

187 3417 238 3467 vim
257 3422 283 3466 et
300 3415 423 3482 impetum
441 3417 468 3466 in
487 3414 609 3465 illidendo
626 3417 768 3480 signifieat:
788 3419 861 3482 atqui
878 3419 975 3483 aegroti
994 3419 1060 3469 laeto
1078 3415 1241 3478 desambnnt,
1260 3432 1313 3465 non

187 3483 253 3537 laeto
271 3482 415 3534 illiduntur,
449 3482 516 3535 Vide
533 3498 581 3533 nos
598 3483 630 3533 ad
648 3485 726 3535 darm.
745 3486 780 3547 11,
800 3487 827 3536 2.
844 3503 867 3535 v.
886 3489 928 3539 79.

256 3554 296 3605 83.
332 3550 461 3613 Sassiae,
489 3566 522 3601 ae
544 3551 641 3602 reddat
664 3556 745 3616 natr's]
780 3553 847 3609 Quia
871 3554 948 3605 semel
971 3553 999 3603 in
1021 3550 1149 3603 veteribus
1173 3551 1251 3601 editis
1274 3551 1313 3602 sie

186 3621 328 3673 eonstituta
345 3624 383 3670 est
399 3618 484 3682 lectio,
502 3618 579 3670 veriti
597 3624 656 3670 sunt
670 3621 803 3670 immutare
821 3620 935 3687 plerique
951 3623 1112 3687 interpretes.
1139 3618 1314 3683 noctuquius

186 3690 214 3741 in
234 3689 316 3741 tribus
335 3686 495 3750 Blandiniis‚
512 3689 540 3737 in
558 3703 609 3736 uno
627 3704 673 3738 suo
690 3688 859 3751 Pulmannus,
882 3691 911 3740 in
929 3691 1085 3750 Graeviano,
1109 3688 1312 3748 Zuliahemiano,

186 3757 393 3824 Magdalenensi,
429 3759 456 3806 et
478 3755 655 3806 Fraaelrerano
685 3773 732 3806 nos
759 3757 811 3808 alio
834 3758 923 3809 ordine
946 3760 1019 3808 notis
1042 3756 1140 3808 reddat
1161 3756 1311 3821 reperimus.

185 3826 274 3878 Boribe
291 3826 379 3892 igitur,
398 3823 538 3887 ,‚Suseitat,
556 3839 589 3873 aa
605 3824 673 3873 natis
692 3825 789 3888 reddat,
810 3828 937 3892 carraque
953 3825 1138 3892 propinquis“.
1173 3839 1238 3889 quae
1255 3839 1311 3873 rer·

185 3892 274 3946 borum
292 3893 426 3945 oollooetio
443 3897 469 3943 at
486 3891 585 3942 dulcior
602 3896 628 3942 et
644 3892 786 3956 elegantior
804 3897 851 3944 est.

255 3964 294 4016 88.
330 3962 367 4013 At
388 3963 413 4011 ri
436 3962 576 4024 segnatos]
618 3960 765 4011 Salebrosus
790 3961 964 4023 sessiacus,
990 3961 1057 4012 unde
1081 3959 1149 4011 haud
1173 3957 1248 4009 iaeile
1273 3962 1312 4009 est

185 4029 273 4095 pedem
291 4030 444 4081 inoffensum
462 4028 568 4079 referre:
589 4028 643 4092 „At
660 4031 685 4078 ei
702 4035 839 4094 cognatos,
859 4031 934 4081 nullo
953 4035 1054 4080 notram
1074 4029 1164 4078 labore
1174 4025 1246 4089 Quos
1262 4027 1313 4076 tibi

185 4097 242 4161 dat,
259 4100 375 4149 retinere
393 4096 456 4146 aelia
473 4111 631 4161 servareque
649 4099 761 4160 amieos,
790 4097 894 4158 Infelira
912 4113 1021 4162 operam
1039 4097 1153 4161 per-dos:
1176 4100 1209 4144 at
1224 4097 1310 4159 siquis

184 4165 296 4215 arellam
315 4165 345 4215 In
364 4177 457 4228 eampo
476 4164 569 4213 doceat
583 4169 723 4229 parentem
742 4180 851 4215 enarrare
869 4166 981 4226 frealaf*
1008 4163 1053 4214 ubi
1071 4165 1154 4230 primo
1171 4162 1311 4214 videndum

184 4231 247 4292 orit,
274 4247 323 4294 qao
350 4231 495 4295 pertineant
522 4229 568 4280 illa
593 4230 667 4281 nullo
694 4231 795 4284 labore.
830 4234 867 4283 Et
893 4250 940 4284 nos
967 4232 1068 4298 quidam
1095 4246 1154 4282 eum
1180 4229 1310 4283 veteribus
