2834 4758
212 249 276 310 274
599 260 630 320 o.
653 259 795 308 nonnum
815 262 939 310 nancel

299 396 348 461 An
370 395 456 461 hunc
478 394 619 459 laborem
642 400 749 460 mente
769 394 876 472 laturi,
899 395 991 463 decet

258 494 288 543 10
344 480 417 559 Qua
439 480 521 545 Ieme
542 499 605 543 non
627 479 733 544 mollis
754 480 862 545 viros?

298 565 469 631 I'eremus:
493 570 525 630 et
545 570 578 630 te
598 564 650 628 vel
671 584 730 649 per
750 565 881 650 Alpium
902 566 981 647 iuga

341 648 571 749 Inhospitalem
593 655 626 713 et
649 648 838 726 Caucasum,

298 734 359 801 Vel
380 733 552 800 occidentis
574 733 740 815 usquead
762 734 907 799 ultimum
930 734 1034 799 sinum

340 818 429 885 Forti
450 838 622 901 sequemur
641 824 779 903 pectore.

256 916 286 967 15
299 906 418 986 Reges,
439 909 529 968 tuum
552 903 662 968 labore
683 903 761 985 quid
781 903 888 969 iuvem
909 923 981 968 meo

340 988 473 1055 inbellis
495 1007 533 1053 ac
553 987 664 1052 firmus
687 991 823 1073 parum?

299 1072 415 1140 (lomes
436 1072 558 1138 minore
581 1072 641 1138 sim
663 1072 791 1139 iuturus
812 1072 846 1137 in
867 1079 965 1149 metu,

340 1159 402 1238 Qui
425 1157 528 1223 maior
548 1156 691 1222 absentie
711 1157 825 1223 habet:

297 1244 341 1311 Ut
361 1241 515 1310 adsidens
536 1241 734 1328 inplumibus
755 1242 853 1341 pullis
875 1241 945 1307 avie

254 1341 286 1391 20
343 1327 543 1413 Serpentium
567 1326 723 1393 adlabsus
745 1332 837 1393 timet

296 1411 402 1494 Magis
424 1411 560 1492 relictis3
582 1431 644 1475 non
668 1412 715 1476 uti
736 1411 778 1477 sit
799 1410 900 1477 auxili

339 1497 461 1562 Latura
482 1497 556 1583 plus
577 1497 812 1581 praesentibus.

296 1580 448 1646 Libenter
468 1580 529 1645 hoc
550 1588 582 1646 et
603 1601 696 1647 omne
717 1579 906 1646 militabitur

338 1666 464 1731 Bellum
485 1666 518 1730 in
540 1671 616 1731 tuae
638 1686 727 1765 spem
750 1665 888 1749 gratiae:

253 1761 284 1813 at
298 1751 370 1815 Non
392 1757 429 1816 ut
448 1750 591 1816 iuvencis
612 1749 748 1833 inligata
768 1751 914 1837 pluribus

338 1838 455 1901 Aratra
475 1835 617 1901 nitantur
637 1856 724 1916 mea3

402 1969 425 2003 v.
446 1957 484 2005 ll.
503 1952 579 2017 Vulg.
598 1951 671 2004 Sum.
706 1956 747 2005 21.
765 1952 828 2005 Noa
846 1957 876 2003 ut
894 1952 972 2003 adsit.
1007 1953 1049 2004 26.
1067 1948 1140 2000 Meis.

280 2090 320 2138 17.
339 2086 404 2138 Sum
421 2087 532 2146 saherus
551 2090 580 2137 ire
596 2091 678 2151 metu]
713 2089 782 2153 Lege
801 2104 831 2138 ex
849 2086 1025 2137 emendatione
1042 2085 1259 2151 praestantissimi
1277 2084 1340 2134 Nic.

210 2153 330 2206 Heinsii:
349 2154 458 2218 „Comes
470 2159 574 2206 minere
586 2156 634 2205 sim
646 2155 757 2217 futurus
769 2159 798 2206 in
810 2158 908 2206 metu.“
919 2158 978 2219 aine,
988 2159 1019 2204 ut
1029 2153 1181 2219 respondeat
1191 2154 1230 2220 τῷ
1240 2156 1340 2204 inum

278 2225 318 2274 21.
336 2221 408 2285 Non,
426 2229 458 2274 ut
475 2224 553 2286 adsit,
572 2224 671 2287 eumilo]
706 2224 771 2275 Vide
780 2223 855 2274 modo
873 2224 962 2273 seriem
980 2221 1125 2272 verborum:
1150 2221 1220 2285 rivis,
1239 2220 1340 2286 inquit,

210 2288 336 2340 incubans
354 2291 436 2356 magis
454 2291 527 2341 timet
544 2291 623 2357 pullis
641 2292 694 2342 suis
712 2292 874 2354 absentibus;
892 2306 946 2341 noa
965 2291 1055 2341 lutura
1070 2290 1133 2356 plue
1148 2289 1339 2355 auoeile'e'prae-

209 2360 334 2421 seretidue,
353 2365 384 2409 eet
402 2358 485 2421 adeit3
503 2360 551 2409 boc
570 2365 615 2422 est,
634 2363 755 2425 quamvis
773 2360 851 2410 adsit.
887 2360 981 2409 Nonne
999 2358 1050 2408 iam
1068 2357 1147 2408 sentis
1165 2356 1274 2407 eandem
1284 2371 1338 2406 rem
1407 2379 1408 2382 ¹

209 2425 250 2475 bis
268 2426 339 2476 dicii
358 2427 413 2477 sins
432 2425 509 2477 dubio
528 2427 677 2478 alterutrum
695 2443 879 2492 superuacuum
897 2432 943 2487 est,
961 2430 1006 2476 aut
1021 2426 1213 2491 praesentum,
1232 2431 1289 2486 aut,
1307 2427 1337 2474 set

210 2493 288 2545 adsit.
331 2494 399 2544 Satis
423 2510 469 2560 per
494 2512 519 2544 se
544 2511 595 2545 rem
621 2496 750 2562 exprimit,
773 2494 836 2547 Non
862 2496 954 2546 latura
974 2493 1037 2560 plue
1061 2493 1168 2556 aemilii,
1193 2498 1225 2543 ut
1249 2492 1337 2543 adsit:

209 2561 292 2612 demto
311 2564 508 2623 praesentatum
531 2563 579 2627 vel,
604 2562 667 2614 Non
692 2565 782 2614 latura
806 2564 868 2629 plus
885 2561 988 2612 remitit
1001 2561 1202 2628 praeconatum
1231 2559 1335 2619 demtis,

208 2634 240 2679 ut
256 2630 334 2680 adria
369 2629 441 2679 Haec
464 2634 548 2680 temen
566 2634 605 2680 tot
622 2631 777 2697 Interpretes
796 2631 923 2696 patienter
940 2630 1068 2690 tulerunt3
1093 2628 1155 2693 quia
1172 2629 1209 2679 sie
1227 2629 1334 2679 invene·

209 2701 267 2746 rant
292 2697 320 2746 in
346 2696 503 2747 editionibus
527 2699 626 2762 priscis.
662 2702 703 2762 At,
727 2701 749 2749 si
773 2698 847 2748 bonus
871 2715 924 2748 suis
947 2704 987 2747 uti
1004 2701 1141 2758 novmsent,
1167 2697 1276 2747 meliore
1293 2710 1338 2745 eos

209 2763 299 2813 docere
315 2768 435 2828 poterant
453 2765 553 2815 codices
570 2766 674 2831 seripti;
693 2783 798 2834 quorum
817 2767 965 2817 veterrimus
982 2765 1142 2825 Blandinius,
1161 2763 1334 2816 etPulmanni

207 2846 274 2880 unus
292 2846 349 2879 enm
367 2830 401 2880 ali
420 2835 466 2880 uot
483 2832 603 2882 Lambini
630 2834 666 2884 sie
689 2834 765 2884 verba
782 2838 980 2899 repraesentant,
1008 2831 1114 2898 „Magis
1137 2833 1255 2895 relictis,·
1279 2845 1333 2882 reon

208 2898 248 2947 uti
274 2898 309 2947 sit
327 2899 415 2948 auoeile
433 2898 537 2950 Latara
552 2901 616 2967 plue
632 2904 840 2966 praesentibus.“
875 2902 974 2958 Quibus
996 2902 1048 2952 Iere
1071 2900 1195 2951 accedunt
1213 2901 1338 2951 Graecia·

208 2982 256 3015 nus
280 2971 366 3016 noster
393 2970 419 3016 et
436 2967 564 3019 Galeanus
592 2985 646 3020 cum
672 2987 715 3020 sex
739 2971 805 3032 aliis,
830 2971 875 3034 qui
893 2971 977 3019 nteit
994 2968 1121 3029 exhibent,
1139 2984 1170 3018 ex
1187 2968 1233 3018 illo
1251 2969 1335 3019 altero

206 3033 298 3085 leviter
315 3040 469 3100 corruptum.
504 3037 541 3087 Et
558 3039 686 3087 sententia
709 3042 735 3087 et
758 3038 838 3088 dictio
862 3038 1003 3088 clarissima
1026 3042 1072 3089 est.
1109 3036 1171 3085 Plus
1189 3040 1265 3087 timet
1280 3050 1333 3103 pro

206 3102 289 3168 pallia
306 3104 466 3167 attentatam,
490 3121 545 3156 nea
562 3109 605 3155 uti
622 3106 658 3168 (id
677 3111 723 3170 est,
741 3122 795 3156 nore
813 3121 873 3172 quo,
892 3121 946 3156 non
965 3105 1045 3171 qaod)
1068 3106 1253 3170 praesentitur
1271 3105 1335 3171 plus

207 3171 309 3221 aemilii
325 3170 416 3222 latura
432 3175 474 3222 att

275 3241 316 3292 26.
334 3240 437 3289 Aratea
455 3242 580 3290 nituntur
596 3241 671 3303 meir]
690 3239 793 3291 Scabies
817 3257 886 3291 mera
904 3246 929 3291 et
946 3240 1038 3305 rubigo
1056 3245 1101 3303 est,
1120 3240 1229 3304 quaein
1247 3241 1331 3291 omni·

206 3306 253 3355 bus
271 3306 323 3356 iere
341 3306 498 3357 editionibus
515 3307 592 3357 lectio
611 3308 795 3372 circumfertur,
813 3307 894 3373 „Noa
909 3314 940 3359 ut
957 3310 1075 3359 iuvencis
1085 3308 1193 3373 illigata
1204 3309 1334 3374 pluribus

206 3373 310 3423 Aratea
334 3377 459 3424 nituntur·
481 3378 572 3425 meie.“
608 3377 718 3425 Omnino
745 3377 917 3442 reponendum
940 3381 979 3427 est
1004 3392 1034 3426 ex
1060 3375 1191 3426 codicibus
1217 3375 1330 3439 Caburi,

206 3439 327 3490 Lambini
345 3445 370 3490 et
387 3442 544 3504 Bersnranni,
564 3441 643 3506 „Non
658 3446 816 3494 utiuoeneie
826 3445 932 3510 illigata
947 3445 1073 3511 pluribus
1085 3444 1188 3494 Aratra
1205 3447 1333 3496 nituntur·

205 3510 288 3559 mea.“
317 3507 360 3557 Sic
370 3512 396 3558 et
413 3525 443 3558 ex
460 3511 555 3560 nostris
572 3510 649 3561 hebet
666 3512 830 3574 Bodleianus,
849 3518 874 3563 et
891 3529 938 3578 pro
957 3513 1026 3561 varia
1042 3511 1151 3562 lectione
1159 3512 1328 3563 Battelianus.

206 3575 299 3625 Verum
323 3574 425 3640 quidem
450 3582 495 3639 est,
520 3579 671 3629 vetustiores
697 3578 855 3630 membranas
880 3583 945 3630 meio
961 3580 1102 3644 praeferre:
1127 3579 1171 3630 sed
1188 3596 1328 3646 perperam.

205 3644 378 3694 Possessivum
402 3644 468 3693 enim
495 3661 567 3696 meus
585 3662 643 3697 cum
660 3647 778 3713 propiore
796 3648 899 3698 nomine
917 3648 1041 3714 coniungi
1058 3647 1145 3698 debet:
1169 3664 1251 3712 neque
1268 3664 1332 3699 vero
1406 3652 1409 3663 '

205 3713 233 3762 in
251 3714 316 3762 meis
332 3712 455 3777 pluribus
473 3716 591 3764 iuuencis
617 3722 662 3765 aut
679 3716 773 3780 duplex
790 3717 951 3777 adiectimm,
970 3723 1015 3765 aut
1031 3731 1110 3781 prava
1128 3721 1154 3766 et
1169 3716 1257 3766 luxata
1275 3717 1331 3766 ool·

205 3779 299 3830 locatio
326 3779 428 3830 tolerari
454 3785 545 3845 potest.
581 3783 660 3832 Porro
684 3799 731 3848 pro
756 3787 880 3834 nitantur
904 3784 1032 3834 Torrentii
1056 3783 1156 3834 codices
1180 3784 1279 3848 aliquot
1302 3790 1329 3835 et

204 3864 270 3898 unus
287 3847 401 3899 Fabricii
424 3865 481 3898 oum
504 3850 598 3900 nostris
616 3852 729 3901 Galeano
754 3856 780 3902 et
797 3852 988 3916 Magdalenensi
1005 3857 1156 3903 nectantur.
1192 3853 1234 3902 Sic
1251 3853 1328 3903 Avie-

204 3932 252 3965 nus
269 3917 368 3967 Fabula
384 3915 493 3969 XXXII.
513 3920 545 3981 [v.
564 3919 590 3981 2]
625 3919 802 3983 „Haerentem
827 3920 897 3970 luteo
921 3921 969 3969 aab
986 3922 1097 3984 gurgite
1113 3922 1230 3970 rusticus
1247 3934 1327 3971 omem

204 3982 342 4049 Liquerat,
367 3989 394 4034 et
415 4001 493 4035 nexos
517 3985 553 4036 ad
575 3989 640 4051 iuga
669 3986 749 4038 tarda
775 3988 878 4038 booee.“
913 3993 939 4037 et
954 3987 1076 4038 XXVIII.
1096 3986 1127 4056 [v.
1146 3989 1172 4050 5]
1207 3985 1331 4050 „Cautus

117 4090 124 4101 .
203 4056 230 4100 et
246 4055 372 4101 immenso
398 4056 525 4103 eeroe'eem
549 4055 659 4104 innectit
683 4058 803 4106 urntro.“
839 4055 888 4105 Sed
905 4056 953 4105 hoc
971 4056 999 4104 in
1017 4054 1074 4105 loco
1091 4056 1199 4119 illigata
1217 4059 1327 4105 nectan-

204 4123 250 4168 tur
274 4125 339 4169 esset
364 4118 541 4184 βαττολογεῖν
565 4126 590 4170 et
621 4121 661 4171 bis
691 4123 758 4172 idem
783 4123 875 4173 dicere.
920 4124 1004 4179 Quare
1030 4123 1167 4174 retinemus
1190 4126 1329 4195 nitentem,

204 4185 265 4248 sive,
283 4185 420 4247 luctentur,
440 4193 550 4250 gemant,
569 4188 596 4237 in
615 4189 678 4239 dura
696 4188 786 4240 tellure
803 4190 997 4255 proscindenda.
