2840 4762
708 986 843 1050 vrrs

395 1156 448 1257 Q·
484 1152 832 1317 HQRATH
868 1157 1154 1256 FLACCI

704 1377 829 1426 Auernae

544 1543 572 1595 G.
591 1543 760 1595 SUETONIO
778 1543 1005 1602 TRANQUILLO.

81 1830 112 1884 [n-
124 1827 199 1882 xlffll
290 1785 345 1885 Q
353 1814 505 1881 Horatius
516 1816 651 1881 Flaccus
661 1814 852 1896 Venusinus,
869 1823 970 1902 patre,
986 1823 1021 1880 ut
1034 1816 1104 1900 ipse
1119 1814 1225 1889 tradit,
1241 1815 1337 1879 liber-

217 1902 282 1967 tino
298 1907 329 1967 et
344 1901 543 1966 exactionum
562 1907 724 1980 coactore3
748 1906 783 1965 ut
803 1907 878 1966 vero
902 1901 1056 1966 creditum
1079 1907 1136 1976 est,
1160 1900 1334 1965 salsamen-

217 1986 308 2063 tari0,
331 2006 401 2051 cum
425 1985 471 2050 illi
494 1985 624 2068 quidam
645 1986 678 2048 in
700 1986 905 2051 altercatione
928 1986 1160 2071 exprobrasset,
1188 1983 1336 2064 Quotiens

217 2094 273 2156 eqo
295 2072 361 2135 uidi
375 2081 501 2155 putrem
523 2081 607 2132 tuum
629 2070 755 2133 bracln'n
783 2092 818 2134 se
839 2068 1068 2154 omonymum?
1104 2070 1193 2134 Bello
1214 2068 1336 2154 Philip·

217 2156 309 2243 pensi
325 2157 447 2223 excitus
464 2157 539 2221 aM.
555 2156 654 2220 Bruto
669 2157 874 2241 Imperatore,
893 2157 1038 2221 tribunus
1054 2154 1189 2219 militnm
1203 2154 1334 2219 meruit:

217 2243 372 2325 victisque
404 2241 549 2326 partibus
583 2241 676 2306 venia
707 2242 893 2326 impetrata,
929 2242 1080 2327 scriptum
1110 2239 1335 2318 Quaestorium

217 2326 421 2421 comparavit.
450 2328 493 2392 At
514 2325 615 2412 primo
637 2328 823 2405 Maecenati,
846 2327 961 2391 deinde
975 2328 1123 2406 Augusto
1144 2324 1335 2402 insinuatus,

217 2434 280 2479 non
302 2411 493 2477 mediocrem
515 2413 548 2475 in
570 2412 734 2476 amborum
756 2412 895 2476 amicitia
908 2413 1012 2475 locum
1028 2409 1138 2475 tenuit.
1167 2411 1335 2475 Maecenas

218 2504 415 2582 quantopere
444 2517 516 2562 eum
547 2495 708 2573 dilexerit,
742 2497 821 2561 satis
844 2497 1079 2561 demonstratur
1099 2495 1154 2558 illo
1175 2495 1335 2642 {pigram-

218 2589 318 2660 mat-e,
347 2582 400 2646 ubi
421 2581 540 2663 inquit,
569 2580 618 2643 Ni
638 2591 668 2642 tc
690 2581 858 2643 uisceribus
879 2583 969 2653 meis,
997 2581 1132 2651 Horati,
1205 2581 1253 2643 lus
1274 2582 1335 2642 inm

219 2669 330 2749 dlliqo,
344 2666 384 2728 'tu
405 2676 489 2729 tuum
509 2666 646 2728 sodalem
681 2665 789 2728 Hinnn
810 2687 859 2727 me
879 2666 985 2728 uideas
1004 2666 1226 2748 stm'qoss‘orem.
1272 2663 1336 2729 Sed

218 2750 446 2832 multomagis
468 2749 617 2815 extremis
638 2749 764 2816 indiciis
786 2750 844 2815 tali
865 2751 908 2815 ad
925 2750 1106 2831 Augustum
1129 2748 1243 2830 elogio,
1265 2749 1336 2812 Ho-

219 2839 297 2900 ratii
315 2836 437 2907 Flacci,
467 2846 502 2897 ut
522 2837 597 2911 mei,
630 2845 843 2898 memoresto.
889 2834 1055 2917 Augustus
1078 2836 1108 2898 ei
1130 2834 1336 2920 epistolarum

219 2921 358 2987 officium
387 2921 518 2998 obtulit,
552 2926 588 2984 ut
616 2919 677 2984 hoc
704 2919 746 2984 ad
774 2922 988 2987 Maecenatem
1018 2919 1078 2986 scri
1103 2926 1135 2984 to
1164 2919 1334 3001 significat:

219 3009 303 3071 Ante
325 3008 391 3090 ipse
412 3002 582 3068 scribendis
604 3007 741 3089 epistolis
762 3008 931 3068 amicorum
952 2942 1162 3088 mffiuelum
1184 3025 1264 3067 nunc
1285 3025 1336 3067 cc-

220 3092 434 3176 cupunssimus
461 3100 494 3153 et
519 3090 673 3174 infirmus,
706 3089 875 3153 Horatium
903 3101 1042 3153 nostrum
1072 3113 1091 3152 a
1119 3100 1149 3173 te
1171 3091 1260 3172 cupio
1284 3089 1336 3151 ub-

220 3178 341 3241 ducere.
379 3177 487 3239 Veniet
507 3196 582 3257 erqo
605 3176 642 3238 ab
664 3178 723 3238 isin
733 3177 908 3260 parasitica
930 3196 1033 3238 mensu
1048 3175 1091 3237 nd
1102 3175 1181 3237 nam
1195 3174 1335 3256 Reqr‘um,

221 3272 253 3325 et
271 3283 328 3324 nos
349 3263 381 3323 in
403 3262 541 3345 epistolis
561 3260 731 3324 scribendis
752 3260 875 3323 iuvabit.
907 3260 953 3325 Ac
974 3281 1014 3324 ne
1034 3259 1193 3324 recusanti
1208 3257 1336 3340 quidem

220 3351 277 3411 aut
299 3345 481 3411 succensuit
503 3344 683 3427 quicquam,
706 3354 762 3409 aut
779 3344 949 3410 amicitiam
965 3365 1056 3410 suam
1071 3345 1217 3425 ingerere
1233 3343 1337 3408 desiit.

220 3433 357 3497 Exstant
379 3430 542 3515 epistolae,
565 3451 605 3496 ex
627 3430 743 3512 quibus
764 3430 944 3511 argumenti
962 3429 1067 3511 gratia
1081 3448 1185 3514 pauca
1201 3427 1337 3493 subieci:

225 3515 319 3580 Sume
341 3515 397 3578 unt
418 3516 537 3600 aliquid
557 3517 635 3577 iuris
663 3515 748 3599 apud
772 3537 834 3588 me,
870 3524 1015 3600 tnnq'uum
1036 3517 1066 3576 si
1085 3515 1243 3576 convictor
1264 3513 1341 3575 milu'

214 3601 342 3686 suerro:
374 3611 459 3662 recte
485 3602 564 3663 enim
594 3610 627 3663 et
652 3621 713 3663 uon
742 3610 856 3662 temere
873 3601 1014 3683 seceris-3
1046 3601 1190 3684 quonlam
1212 3598 1247 3660 nl
1267 3619 1340 3661 usus

223 3686 300 3749 milri
320 3695 418 3748 tecum
441 3707 505 3748 esse
526 3687 624 3762 nolui,
656 3687 686 3748 si
734 3706 770 3747 er
796 3686 998 3748 ualetudinem
1028 3694 1110 3747 tuam
1131 3683 1207 3767 fieri
1223 3693 1338 3767 posset.

222 3773 265 3837 Et
286 3789 395 3835 rursus
402 3793 411 3848 ;
438 3772 498 3834 Tui
518 3771 638 3855 qualem
659 3707 757 3833 nullo
779 3772 966 3841 memorium,
986 3771 1109 3855 poteris
1131 3790 1174 3830 eur
1187 3766 1339 3851 Septimio

225 3877 345 3941 qnoque
365 3865 473 3918 nostro
495 3857 621 3920 audire:
649 3876 719 3918 num
741 3855 857 3932 incidit,
881 3856 989 3918 utillo
1012 3874 1117 3917 corum
1137 3853 1232 3935 fieret
1251 3852 1270 3914 ὰ
1291 3873 1340 3917 mc

225 3945 272 4005 tui
290 3943 413 4003 mentio.
458 3941 571 4026 Neque
592 3942 688 4018 em'm,
720 3943 750 4002 sr‘
776 3949 808 4002 tu
835 3939 986 4024 superbus
1014 3940 1179 4002 amicitiam
1201 3947 1340 4001 nostrum

223 4027 382 4111 sprevisti,
415 4025 485 4089 ideo
517 4047 575 4089 nos
608 4046 728 4110 quoqne
760 4019 1121 4112 ἆνθυπερηφανοῦμεν.
1169 4024 1341 4089 Praeterea

225 4131 323 4196 saepe
352 4110 434 4176 inter
461 4111 542 4176 alios
569 4111 656 4176 locos
681 4111 873 4195 purissimum
904 4130 1013 4194 penem
1046 4115 1077 4174 et
1107 4108 1340 4172 homuncionem

225 4197 443 4281 Iepr'drse‘mum
465 4196 621 4282 appellat;
645 4215 772 4278 unaque
794 4201 826 4260 et
840 4195 941 4260 altera
962 4194 1152 4261 liberalitate
1166 4192 1341 4278 locuplete·
