2818 4758
165 206 217 290 92Ι
561 240 749 298 anonam
762 239 888 286 rnnacr

206 387 238 438 25
251 374 342 450 Iuno,
364 378 396 438 et
415 373 556 436 Deorum
578 371 725 453 quisquis
747 370 878 436 amicior

249 458 347 533 Afris,
368 457 470 520 inulta
492 462 633 521 cesserat
652 456 802 540 inpotens

293 542 432 617 Tellure,
453 540 607 606 victorum
628 547 763 624 nepotes

333 625 467 691 Rettulit
487 625 617 690 inferias
638 625 823 704 Iugurthae.

250 709 329 788 Quis
351 730 414 774 non
435 709 549 774 Latino
572 709 729 790 sanguine
751 708 902 794 pinguior

207 808 239 859 30
254 794 395 879 Campus
417 792 572 878 sepulcris
592 793 681 878 inpia
701 794 824 879 proelia

292 881 453 955 Testatur,
476 878 684 958 auditumque
705 877 808 943 Medis

334 962 509 1046 Hesperiae
532 963 670 1026 sonitum
693 963 827 1026 ruinae?

251 1047 314 1125 Qui
336 1066 466 1126 gurges,
488 1053 544 1110 aut
565 1066 648 1128 quae
669 1045 801 1110 flumina
822 1043 971 1125 lugubris

249 1134 368 1214 Ignara
388 1130 486 1196 belli?
513 1130 600 1213 quod
619 1150 708 1194 mare
728 1130 877 1195 Dauniae

206 1230 237 1280 35
293 1217 367 1280 Non
388 1214 611 1280 decoloravere
632 1215 770 1280 caedes?
897 1270 900 1275 ,

335 1299 426 1376 Quae
447 1305 534 1364 caret
554 1319 612 1363 ora
632 1319 743 1364 cruore
764 1301 897 1363 nostro?

251 1384 317 1451 Sed
338 1403 378 1448 ne
400 1384 528 1460 relictis,
549 1385 643 1459 Musa
663 1404 793 1468 procax,
815 1381 904 1460 iocis,

251 1468 336 1533 (leae
357 1473 509 1535 retractes
530 1488 663 1532 munera
683 1468 833 1534 naeniae:

292 1553 416 1618 Mecum
437 1553 581 1617 Dionaeo
604 1553 663 1617 sub
685 1558 776 1617 antro

207 1646 239 1698 to
336 1636 462 1713 Quaero
484 1637 596 1701 modos
616 1637 735 1702 leviore
757 1636 887 1721 plectro.

164 1793 274 1852 „utrum
292 1789 360 1836 enim
377 1789 448 1851 ipsos
466 1786 544 1837 ducos
562 1790 749 1837 concionantes
767 1788 863 1838 aradis-e
886 1802 913 1835 sc
931 1784 1012 1847 dicat,
1037 1798 1073 1832 au
1089 1782 1239 1833 Pollionem
1257 1784 1295 1833 de

166 1855 278 1905 ducibus
301 1860 463 1917 narrantem,
488 1857 619 1904 incertum
644 1858 707 1906 est.“
743 1855 818 1916 Quid,
842 1855 946 1904 obsecro
969 1868 1021 1912 ros,
1045 1851 1072 1899 in
1090 1850 1177 1901 medio
1196 1852 1290 1916 praelii

164 1923 274 1989 pulvere
291 1926 317 1971 et
333 1921 400 1971 nube
418 1924 625 1972 concionantes?
642 1927 686 1971 aut
703 1939 753 1985 qua
770 1923 876 1972 licentia
887 1920 953 1971 illud
963 1921 1152 1970 concionantes
1160 1920 1189 1968 in
1198 1935 1295 1970 manca

165 1991 279 2041 oratione
297 1990 465 2054 supplendum
488 1990 670 2040 omittebatur?
706 1990 770 2039 Tum
793 1996 818 2038 et
836 1989 962 2055 posterius
986 1990 1164 2049 commentum,
1192 1994 1221 2037 ut
1242 2003 1292 2051 per

164 2060 252 2109 Duces
269 2059 355 2122 ipsum
372 2058 519 2107 Pollionem
536 2057 718 2120 intelligamus,
737 2074 786 2121 quo
804 2058 907 2107 tandem
925 2055 1041 2120 exemplo
1054 2053 1223 2103 defendetur?
1240 2055 1291 2104 Ni-

163 2127 256 2176 mirum
273 2127 344 2176 locus
363 2129 497 2190 corruptus
514 2130 559 2187 cst,
577 2131 603 2174 et
621 2125 743 2188 explicari
761 2126 863 2189 quidem
880 2128 964 2189 negat,
982 2123 1068 2172 sanari
1084 2121 1161 2172 facile
1179 2123 1290 2186 patitur.

164 2195 234 2258 Lego
252 2196 327 2254 enim,
346 2192 455 2255 „Videre
472 2208 585 2258 magnos
602 2195 658 2242 iam
675 2192 768 2241 videor
787 2192 866 2243 duces
880 2192 941 2242 Non
959 2191 1085 2241 indecoro
1102 2190 1214 2253 pulnere
1231 2206 1291 2240 ror-

165 2263 267 2312 didos.“
301 2261 369 2317 Quid
393 2261 440 2311 hac
463 2260 573 2311 lectione
596 2260 706 2310 clarius?
732 2264 864 2310 mutarunt
887 2266 971 2310 tamen
994 2257 1057 2306 boni
1084 2256 1196 2319 librarii,
1227 2260 1292 2322 quia

164 2334 336 2394 praecesserat
353 2329 440 2392 paullo
457 2334 524 2391 aute,
542 2344 696 2393 „murmure
714 2343 844 2378 cornetum
861 2329 1022 2393 perstringis
1040 2340 1127 2388 aures,
1151 2328 1207 2375 iam
1226 2326 1294 2375 litui

164 2400 311 2462 strepunt.“
346 2396 425 2452 Quasi
442 2413 500 2445 vero
519 2413 569 2445 non
587 2397 699 2446 eiusdem
717 2401 782 2445 esset
798 2397 917 2457 hominis,
936 2400 961 2445 et
984 2392 1080 2443 uredine
1096 2392 1175 2442 lituos
1193 2409 1290 2443 canen·

163 2469 202 2515 tes
220 2469 245 2514 et
261 2465 352 2514 uidere
369 2465 445 2513 duces
462 2464 559 2527 praelia
577 2463 717 2512 obeuntes?
753 2463 854 2514 Videor
872 2463 970 2525 videre,
988 2462 1052 2511 trite
1070 2461 1114 2511 sed
1124 2461 1238 2525 eleganti
1248 2462 1290 2511 lo-

164 2533 274 2582 cutione.
310 2532 416 2581 Plautus
425 2532 582 2580 Mostellaria
600 2532 620 2590 1,
639 2533 662 2582 3.
682 2534 713 2592 [ι.
732 2534 789 2593 113]
808 2530 889 2595 „Non
906 2530 994 2581 videor
1011 2529 1096 2578 videre
1112 2528 1201 2578 lenam
1212 2529 1291 2579 calli-

165 2600 266 2649 diorem
284 2599 368 2648 ullam
384 2599 523 2648 alteram.“
557 2598 656 2646 Terent.
674 2598 782 2663 Adelph.
800 2600 848 2660 ΙΙΙ,
859 2601 881 2651 3.
902 2602 934 2661 [ι.
945 2600 986 2659 30]
1005 2596 1114 2658 „Videre
1132 2596 1292 2647 videoriana

165 2665 235 2716 diem
252 2665 337 2724 illum,
356 2680 415 2714 cum
433 2666 495 2713 laiac
513 2680 591 2729 egens
608 2665 747 2729 &clergiet
765 2667 1036 2731 aliquomtlitatum.“
1071 2663 1286 2713 CiceroinCstil.

163 2733 208 2794 IV,
228 2735 251 2784 6.
270 2732 382 2794 „Videor
397 2733 465 2780 rnibi
480 2732 565 2781 ridere
583 2732 653 2781 bane
670 2735 762 2782 urbem
778 2736 865 2783 subito
877 2749 931 2783 urio
943 2732 1067 2783 incendio
1077 2732 1289 2782 concidentem.“

164 2800 254 2850 (licero
271 2799 339 2848 filius
362 2799 390 2847 in
407 2799 492 2864 Epist.
510 2801 579 2848 Fam.
598 2799 667 2862 XVI,
685 2802 725 2851 21.
762 2801 873 2861 „Videor
899 2804 969 2850 enim
994 2800 1079 2849 videre
1107 2805 1235 2849 mentem
1263 2804 1292 2848 te

164 2869 279 2918 rusticas
297 2882 347 2930 res,
366 2882 425 2916 cum
442 2867 531 2916 villico
550 2867 725 2932 loquentenr.“
758 2868 913 2918 Prudentius
931 2867 1073 2931 Peristeph.
1091 2867 1126 2928 ΙΙ,
1144 2869 1195 2918 558
1223 2866 1292 2927 „Vi-

164 2936 225 2983 deor
241 2934 326 2983 videre
343 2934 500 2984 inlustribus
520 2934 632 2985 Gcrnmis
649 2942 832 2986 coruscantem
849 2938 962 2985 airum.“
996 2935 1038 2984 Sic
1057 2937 1083 2982 et
1105 2935 1201 2983 caeteri
1226 2950 1288 2997 poe-

164 3007 212 3065 tae,
231 3001 259 3051 in
278 3018 304 3052 re
322 3002 408 3064 simili,
426 3019 478 3052 non
497 3003 592 3053 audire
610 3003 677 3052 bella
696 3008 722 3052 et
739 3004 825 3065 dracas,
844 3006 899 3067 (qui
916 3004 984 3052 enim
997 3006 1114 3067 possunt)
1133 3002 1177 3051 sed
1195 3002 1288 3051 uidere

164 3074 190 3119 et
208 3084 315 3120 eernere
332 3087 358 3120 se
375 3071 483 3135 fingunt.
518 3071 608 3135 Virgil.
626 3073 688 3121 Aen.
703 3071 746 3120 VI.
759 3075 790 3133 [v.
804 3073 845 3133 87]
864 3069 1059 3133 „Dardanidae
1076 3072 1184 3119 uenient
1201 3072 1290 3127 tmitte

164 3138 234 3186 banc
252 3137 408 3204 depectere
425 3147 527 3195 ueremi
546 3139 600 3189 Sed
615 3154 670 3188 non
688 3144 714 3188 et
736 3142 836 3188 venisse
853 3139 958 3188 colent:
983 3138 1051 3186 bella
1075 3137 1189 3187 barrida
1208 3137 1286 3198 bella,

164 3203 203 3253 Et
222 3203 336 3256 Tiberim
353 3206 436 3255 multo
454 3211 620 3271 spumantem
636 3209 769 3269 sangnine
787 3210 888 3257 cerno.“
923 3205 1077 3255 Claudianus
1089 3203 1161 3255 Gens.
1172 3204 1289 3253 Honorii
1379 3208 1395 3249 ἃ

164 3272 213 3331 ΙΙΙ,
231 3273 289 3323 200.
308 3273 383 3336 „lam
401 3273 474 3323 video
485 3273 625 3338 Babylona
644 3276 713 3338 rapi,
733 3275 913 3338 Parthumque
930 3279 1052 3322 coactum
1068 3271 1131 3323 Non
1148 3272 1215 3333 ficta
1233 3277 1288 3320 tre·

160 3338 261 3405 pidare
277 3340 363 3401 sagm-
380 3342 434 3388 iam
451 3340 553 3389 Bactra
578 3343 663 3389 teneri
684 3340 808 3404 Legibus,
833 3347 859 3390 ct
875 3341 985 3401 famulis
1005 3340 1123 3403 Gangem
1138 3339 1286 3403 pallescere

163 3407 258 3470 ripis.“
292 3405 427 3454 Petronius
446 3409 502 3467 [121
523 3423 546 3454 v.
568 3408 638 3468 1111:
657 3407 756 3467 „Cerno
774 3409 894 3472 equidem
909 3405 1287 3470 geminatamstratcsMar-te

165 3472 312 3536 Philippos,
334 3470 548 3537 Thessalicosque
565 3488 653 3537 rogos,
673 3480 699 3524 ct
715 3475 813 3533 funera
829 3479 918 3539 gentis
935 3476 1035 3537 iberae,
1060 3475 1120 3524 lum
1136 3474 1224 3538 fragor
1242 3489 1285 3523 ar-

163 3554 269 3591 morum
287 3540 449 3603 trepidantes
465 3546 585 3603 personat
603 3546 708 3590 aures:“
724 3543 770 3591 ubi
781 3543 851 3592 vides
869 3544 981 3605 eandem,
1002 3557 1065 3606 quae
1075 3542 1144 3607 apud
1153 3542 1285 3601 Nostrum,

164 3605 343 3658 oeconomiam.
378 3606 426 3655 Ille
435 3605 581 3671 Fragorern
591 3624 716 3658 armorum
725 3610 816 3672 audit;
834 3610 977 3675 Philippos,
995 3615 1021 3659 et
1030 3609 1177 3659 Thessalica
1187 3609 1286 3674 Hispa·

163 3677 271 3739 nicaque
289 3674 378 3723 lunera
397 3675 551 3724 semitrita
564 3675 656 3724 Noster
674 3692 795 3726 cornuum
814 3678 915 3741 quidem
933 3683 958 3727 et
974 3677 1096 3728 lituorum
1106 3679 1219 3727 sonitum
1238 3692 1285 3726 au·

164 3746 211 3806 dit,
229 3743 345 3807 regiones
363 3756 421 3790 vero
438 3740 561 3803 subactas,
580 3748 606 3792 et
622 3742 729 3793 victores
753 3745 829 3795 duces
846 3746 924 3795 videt.

232 3814 273 3864 38.
294 3808 360 3862 Ceae
377 3814 506 3859 retractes
523 3825 635 3860 rnranera
661 3814 782 3873 naeniae]
807 3813 929 3863 Nicolaus
946 3812 1070 3862 Heinsius
1088 3828 1118 3862 ex
1135 3811 1287 3862 coniectura

162 3879 227 3943 legit
244 3878 350 3938 funera.
386 3875 525 3927 Chabotius
542 3893 572 3927 ex
589 3883 698 3928 uetustis
715 3880 873 3944 quibusdam
883 3880 1208 3946 auernplaribuspraelert,
1226 3880 1283 3929 aul·

160 3962 236 3996 nera.
272 3945 365 3994 Nescio
389 3944 504 4007 equidem
528 3961 650 4009 quaenam
674 3946 719 3996 illa
743 3947 795 3997 sint
818 3953 918 3998 vetusta
941 3947 1108 4013 exemplaria:
1135 3964 1191 3997 mea
1215 3947 1284 3996 enim

163 4014 255 4073 omnia,
276 4018 306 4062 ut
323 4016 348 4061 et
365 4010 493 4072 Lambini,
512 4012 626 4076 (lruquii,
644 4014 783 4076 Torrentii,
806 4017 942 4066 Pulmanni
965 4021 1013 4067 ete.
1038 4032 1134 4066 summo
1157 4031 1284 4065 consensu

163 4081 284 4141 retinent,
302 4095 421 4129 munera.
457 4079 530 4134 Quod
546 4080 637 4146 placet.
673 4082 742 4143 Noli,
759 4083 853 4147 inquit,
871 4085 999 4149 suscipere
1017 4100 1108 4133 munus
1119 4084 1219 4135 viribus
1231 4086 1285 4135 tuis

160 4149 251 4213 impar,
271 4148 338 4210 quod
354 4146 466 4209 graviori
484 4148 622 4199 Simonidis
639 4165 724 4198 musae
741 4152 822 4214 magis
840 4153 967 4202 convenit.
1002 4151 1095 4214 virgil.
1107 4154 1169 4203 Aen·
1180 4155 1213 4215 V,
1224 4157 1282 4211 846.
