2810 4764
393 263 574 313 cnumcri
594 266 660 312 121ss.
683 263 788 315 111.10.

113 400 278 482 Ingratum
301 397 418 464 Veneri
439 419 522 486 pone
545 400 744 486 snperbiam3

71 498 103 548 so
116 486 165 550 Ne
187 489 332 549 currente
355 491 425 549 rote
446 484 531 551 funis
553 490 607 550 eet
627 492 721 550 retro.

116 569 187 634 Nou
210 576 242 635 te
263 569 446 656 Penelopen
469 569 631 635 difficilem
652 569 757 656 procis

156 653 343 739 Tyrrhenus
364 653 476 737 genuit
496 674 624 741 parens.

114 737 152 816 Ο,
174 739 321 823 quumvis
342 759 447 823 neque
469 746 501 806 te
522 759 666 819 munera,
687 759 746 806 nec
767 759 888 826 preces,

112 824 180 890 Nec
201 823 317 889 tinctus
340 823 425 891 viole
468 825 549 890 sllor
570 823 756 903 ornantium,

70 921 101 971 rs
115 909 181 975 Nec
202 910 251 974 vir
271 909 377 975 Pieris
424 847 514 976 eiiiee
537 909 666 976 saucius

155 992 293 1073 Ourvct3
316 932 514 1094 suppiicibus
535 994 601 1061 tuis

113 1079 242 1158 Parcas,
264 1098 323 1145 nec
343 1079 449 1162 mgida
470 1079 595 1145 mollior
614 1079 754 1159 aesculo,

112 1163 181 1230 Nec
202 1165 323 1229 Mauris
345 1163 486 1230 animum
508 1164 615 1230 mitior
636 1165 807 1247 anguibus.

111 1249 185 1314 Non
206 1248 266 1314 hoc
288 1269 414 1335 semper
436 1249 496 1315 erit
516 1249 634 1316 liminis
656 1255 713 1316 sut
734 1270 838 1334 cquae

68 1343 102 1395 no
160 1333 320 1400 Caelestis
341 1335 468 1421 patiens
493 1335 588 1401 letus.

330 1452 353 1485 v.
369 1438 408 1489 10.
422 1434 496 1501 ang.
513 1434 556 1487 Ne
573 1452 594 1486 c.
614 1439 685 1486 retro
704 1435 755 1486 ie.
774 1440 842 1487 rota.

36 1568 70 1600 on
89 1551 151 1602 eddi
168 1551 269 1615 debuit,
296 1554 370 1618 quale
388 1569 509 1605 causeum
526 1553 597 1604 illum
615 1553 759 1604 intenderet
776 1557 802 1603 et
823 1559 994 1619 promoveret,
1020 1560 1049 1606 ut
1066 1557 1148 1623 frigi-

36 1619 103 1685 ium,
127 1621 277 1686 vehemens,
302 1637 378 1686 acre,
404 1627 526 1673 acutum:
553 1622 605 1671 iem
629 1626 713 1672 eutem
727 1635 828 1687 purum
847 1622 929 1672 otiose
946 1623 988 1674 hic
1006 1623 1145 1690 ingenitum

36 1704 106 1753 reque
124 1688 193 1739 enim
215 1690 315 1755 punitus
333 1689 413 1752 ueris,
440 1691 488 1740 etei
512 1689 597 1755 gelum
620 1690 768 1754 pierumque
790 1689 925 1740 comitetur
949 1696 994 1741 unt
1017 1698 1146 1758 sequatur,

36 1755 77 1806 dle
100 1772 132 1806 ex
155 1760 228 1822 perte
251 1757 406 1822 gelationem
429 1758 516 1810 efficit.
552 1759 650 1808 Deinde
673 1772 772 1823 purum
795 1756 860 1806 illud
883 1773 934 1806 non
958 1775 1049 1824 parum
1065 1761 1146 1813 officit

37 1825 182 1886 ententise,
204 1829 230 1875 et
247 1825 354 1875 consilio
372 1830 468 1892 postue.
504 1826 580 1876 Tetm
597 1826 665 1875 euim
683 1830 708 1875 et
725 1824 847 1890 pruinoso
871 1824 917 1875 illc
935 1842 984 1876 nox
1003 1828 1085 1878 verbis
1103 1846 1145 1880 ex·

36 1892 169 1957 iggercnds
191 1896 258 1954 eret,
282 1897 312 1944 ut
334 1894 401 1960 Lyce
427 1893 505 1944 citius
528 1894 700 1944 miseresceret
723 1893 842 1943 amatoris
866 1893 912 1942 sub
930 1895 973 1945 dio
991 1900 1050 1946 ente
1067 1896 1145 1949 limen

36 1961 154 2012 rorantis.
178 1961 212 2011 At
227 1976 297 2025 puro
315 1966 341 2011 et
358 1961 421 2012 endo
438 1962 508 2012 oselo
526 1962 557 2012 sd
575 1962 640 2012 tores
658 1959 781 2012 excubare
798 1976 849 2010 non
867 1961 930 2011 adeo
947 1963 1064 2014 miserum
1083 1971 1145 2028 eret,

36 2043 99 2091 quem
121 2028 196 2079 foedo
219 2033 245 2079 et
267 2029 376 2081 sordido.
413 2030 480 2079 Mete
504 2031 587 2080 erevit
608 2029 690 2094 igitur
712 2043 826 2079 censeam
850 2045 934 2092 suem,
959 2032 981 2080 si
1003 2046 1073 2097 puro
1100 2034 1143 2084 hic

36 2101 124 2146 »meter
148 2098 299 2149 sententiam
317 2096 423 2148 eddidit.
459 2097 599 2163 Equidem,
625 2101 655 2147 ut
671 2098 733 2148 hoec
757 2098 917 2147 incommode
942 2099 1081 2163 evitentur,
1107 2102 1144 2152 sic

36 2166 110 2214 »otius
127 2165 159 2215 ub
177 2164 284 2217 Horatio
302 2166 424 2232 scriptum
442 2182 496 2216 esse
513 2166 677 2226 crediderim
713 2164 822 2229 „Sentis
839 2171 865 2215 et
880 2169 981 2231 positor
998 2172 1030 2217 ut
1043 2169 1146 2233 glaciet

36 2235 98 2282 rives
114 2233 185 2282 Duro
202 2235 312 2283 nurnine
328 2234 475 2300 Iuppiter.“
510 2235 533 2284 D
550 2235 578 2284 in
596 2236 617 2284 P
633 2238 739 2300 propter
757 2231 950 2285 similitudinem
967 2235 1043 2285 focile
1060 2242 1144 2288 muta·

36 2304 112 2361 utur3
137 2301 296 2367 praesertim,
323 2307 353 2352 nt
370 2317 444 2368 saepe
462 2302 529 2364 dixi,
554 2302 583 2353 in
605 2302 683 2352 initio
701 2317 794 2354 verens.
830 2301 891 2352 Ideo
909 2306 992 2353 eutem
1011 2303 1079 2355 duro
1097 2322 1144 2355 nu-

36 2368 100 2429 nine,
118 2368 178 2433 quis
196 2372 270 2419 nicee
285 2370 349 2434 gelu
366 2370 490 2435 glecisret
508 2375 533 2419 et
552 2371 671 2431 dieram,
690 2369 720 2420 de
738 2385 788 2435 quo
806 2369 927 2420 videmos
945 2371 977 2422 sd
996 2370 1077 2424 Germ.
1095 2375 1144 2436 ΙΠ,

36 2438 65 2487 ῑ4.
83 2451 139 2486 vers
157 2439 198 2489 39.
233 2438 276 2487 Sic
294 2437 357 2487 slibi
375 2440 403 2501 I,
421 2441 463 2502 22,
484 2440 522 2490 19.
558 2437 657 2502 „Quod
674 2437 744 2488 latens
762 2436 858 2517 spuendi
873 2439 993 2504 nebulae,
1011 2440 1143 2506 malusque

36 2503 1145 2640 tristitiis&,tiuett'gtisttmttttttttttsititis

36 2640 103 2692 tilius
120 2641 228 2692 Italicus
241 2640 300 2692 ΧΠ.
312 2644 344 2711 [v.
354 2644 397 2705 21]
433 2642 530 2706 „Quoto
545 2643 651 2708 gelidae
667 2647 771 2692 suetum
788 2647 879 2692 noctes
897 2643 1005 2693 thorace
1020 2650 1144 2709 grauatis

36 2707 77 2758 iub
95 2709 156 2759 Iove
173 2725 226 2759 non
244 2724 325 2775 eequo
344 2712 476 2760 trahere.“
509 2711 588 2775 Ergo,
606 2710 638 2761 ed
655 2710 718 2761 haec
735 2709 857 2776 exemplu,
876 2708 944 2761 duro
962 2713 1066 2762 numine
1083 2715 1146 2780 Iup-

36 2776 91 2826 ·iter
108 2778 180 2826 nives
197 2777 333 2842 glaciavit3
352 2783 377 2828 et
394 2794 455 2828 sune
473 2777 534 2828 olim
552 2780 579 2828 in
597 2777 671 2829 libris
689 2778 757 2828 duro
775 2778 890 2828 extitisse
907 2795 958 2828 non
976 2778 1030 2831 leve
1047 2786 1087 2831 est
1104 2799 1144 2832 er·

36 2850 186 2911 umentum,
211 2846 279 2910 quod
303 2846 331 2895 in
354 2846 441 2897 codice
460 2847 568 2911 quodem
585 2846 636 2897 ulis
653 2846 729 2897 lectio
753 2849 853 2912 repertu
870 2851 921 2908 est,
946 2850 1143 2900 memorantibus

36 2915 133 2963 tentero
151 2918 177 2963 et
194 2913 326 2974 Tumeb03
349 2921 394 2978 „ot
413 2918 515 2981 poeitae
532 2920 564 2964 ut
584 2915 687 2979 glaciet
702 2917 776 2964 niver
794 2915 864 2965 Puro
882 2914 972 2966 limine
989 2916 1142 2983 Iuppiter·‘·‘:

36 2998 49 3030 n
68 2997 120 3046 quo
138 2980 231 3031 frustra
249 2986 316 3044 sunt,
335 2982 380 3047 qni
397 2999 444 3049 pro
464 2983 555 3032 limine
572 2987 699 3047 reponunt
717 2981 823 3046 lumine,
842 2987 918 3047 etque
935 2983 962 3033 id
973 3000 1020 3050 pro
1030 2987 1144 3049 genuine

38 3049 99 3099 uiue
117 3049 168 3099 loei
186 3050 313 3115 scriptum
330 3051 483 3101 vendiderit:
502 3051 569 3100 nihil
586 3052 655 3101 enim
672 3050 719 3100 illo
733 3051 832 3101 lumine
841 3052 961 3117 ineptius,
972 3068 1029 3102 cum
1038 3059 1144 3119 propter

35 3117 80 3178 lia,
101 3121 155 3167 tum
173 3117 240 3183 qnod
258 3122 334 3168 noctu
352 3120 422 3180 haec,
442 3135 492 3168 non
510 3119 630 3181 interdiu,
649 3124 791 3184 egerentur.
827 3119 881 3169 Imo
898 3136 973 3181 vero,
991 3121 1143 3187 quicumque

36 3185 141 3237 sotionis
164 3185 235 3236 illiue
259 3186 350 3236 limine
372 3188 469 3252 primus
498 3187 548 3236 fuit
577 3192 679 3249 auctor,
713 3189 749 3237 sio
773 3186 857 3237 locum
882 3187 949 3236 huno
972 3189 1141 3254 concipiebat,

38 3254 111 3303 Dnro
135 3253 224 3303 limine
247 3254 400 3319 Iuppiter-“z
427 3255 498 3305 nives
522 3255 619 3321 positos
642 3255 710 3305 duro
734 3255 838 3319 limine,
864 3254 910 3303 nbi
933 3259 994 3305 tunc
1017 3257 1142 3309 Horatius

37 3327 85 3371 nte
102 3319 176 3382 soree
192 3325 327 3388 proiectus
345 3324 499 3373 excubebat:
526 3323 562 3372 sic
580 3323 662 3389 Epod.
680 3322 725 3382 XI,
745 3324 786 3374 22.
821 3323 942 3387 „Limine
959 3322 1030 3388 dure,
1048 3328 1144 3392 quitor

36 3388 139 3439 tumbae
156 3394 183 3439 et
199 3388 302 3455 infregi
319 3390 416 3440 latres.“
449 3390 521 3441 Ovid.
538 3391 639 3441 Remed.
648 3393 731 3441 Amor.
743 3391 800 3442 508.
834 3389 909 3454 „Nec
926 3390 971 3441 dic
989 3391 1142 3461 blanditiae,

39 3474 69 3507 ec
88 3456 136 3517 fae
153 3460 271 3507 convitia
286 3462 372 3524 poeti:
390 3456 447 3510 Nec
465 3459 535 3509 latus
552 3462 581 3509 in
599 3458 662 3509 duro
679 3458 768 3509 limine
785 3473 855 3524 pone
872 3460 973 3509 tecum.“

93 3527 132 3577 10.
152 3522 194 3577 Ne
211 3532 335 3577 merente
352 3533 424 3578 retro
442 3526 517 3589 (teum
535 3533 579 3576 eat
594 3530 665 3591 rota]
701 3527 787 3589 Alius,
813 3531 853 3590 et,
877 3527 929 3577 nisi
946 3527 1035 3593 fuller,
1053 3530 1143 3581 melior

36 3598 58 3643 st
76 3591 210 3644 verborum
228 3594 289 3645 ordo
307 3595 334 3643 in
352 3595 467 3645 Petrensi
492 3599 579 3644 nostro
601 3599 627 3646 et
650 3595 737 3645 Gelei:
771 3593 830 3658 „Ne
848 3601 972 3646 currente
994 3601 1051 3647 rota
1067 3597 1142 3658 funis

36 3667 65 3712 at
81 3663 178 3712 retro.“
196 3666 225 3712 ut
243 3662 337 3712 inArte
355 3664 466 3715 coeunt
485 3668 619 3726 „currente
636 3668 692 3713 rote
710 3678 760 3713 cur
776 3677 872 3713 urceus
890 3666 980 3716 emit?“
1005 3667 1041 3715 Et
1058 3671 1140 3731 retro,

36 3746 79 3779 um
96 3729 209 3795 priorem
231 3729 352 3796 syllebem
375 3731 495 3797 corripit,
521 3731 622 3782 suevius
640 3731 745 3797 ponitur
768 3732 796 3781 in
819 3732 869 3781 fine
887 3747 987 3795 versus,
1011 3736 1087 3798 etque
1104 3734 1142 3783 ite

36 3813 122 3862 emper
138 3797 238 3859 Noster,
257 3802 286 3848 ut
302 3799 324 3860 I,
342 3800 383 3860 35,
402 3801 442 3851 25.
478 3799 532 3865 „At
555 3800 651 3866 vulpes
668 3799 782 3860 infidum
799 3802 972 3850 sumeretne
988 3803 1088 3853 retrof‘
1104 3802 1142 3865 Il,

38 3869 62 3928 1,
73 3868 99 3917 5.
116 3865 273 3929 „Poscentie
291 3869 351 3916 oeci
366 3883 471 3933 pauca:
488 3867 564 3932 sugit
580 3870 680 3919 retro.“
697 3869 746 3932 111,
753 3869 777 3930 4,
787 3870 828 3921 26.
855 3866 935 3931 „Non
952 3883 993 3917 me
1011 3868 1141 3934 Philippis

36 3949 100 3983 crea
117 3935 191 3983 acies
208 3936 308 3985 retro.“
330 3934 407 3998 udde,
426 3937 495 4001 quod
510 3935 539 3985 in
558 3942 660 4003 recepto
677 3936 779 3999 ordine,
797 3934 943 4000 ambiguum
960 3935 1037 3999 foret,
1056 3941 1141 3987 utrum

36 4005 149 4051 torrente
166 4006 238 4052 rotro
256 4007 326 4068 rota,
344 4019 377 4054 en
394 4004 561 4066 senioretus
579 4011 630 4068 eat,
648 4003 844 4056 construendum
861 4004 903 4056 sit.

92 4070 132 4121 18.
150 4067 207 4121 Nec
223 4069 329 4122 Maurr's
345 4075 435 4124 onemo
452 4076 544 4124 mitior
561 4075 703 4140 anguibus]
737 4072 873 4123 Editionos
889 4070 985 4137 primae
1002 4070 1099 4122 Veneta
1116 4079 1142 4123 et

36 4137 159 4199 mecheri,
185 4141 289 4200 animm
316 4144 406 4206 postes
428 4142 514 4192 nescio
538 4142 732 4207 quietissimum
755 4140 852 4205 primns
870 4138 1019 4190 introduxit.
1054 4138 1142 4192 Abeo

36 4220 136 4271 empore
153 4206 181 4257 in
199 4207 364 4273 nuncusque
383 4209 463 4276 diem,
487 4218 516 4262 ut
538 4210 628 4276 cuique
646 4209 802 4261 eruditorum
820 4208 902 4258 visum
919 4209 968 4270 est,
993 4222 1060 4260 nunc
1084 4209 1143 4274 hoc,
