2840 4762
194 225 215 288 6
550 276 553 281 ,
582 232 613 292 o.
636 230 779 279 uonnru
800 229 923 278 annom

279 368 399 447 Audiet
419 366 498 433 civis
520 366 648 432 acuisse
669 365 800 442 ferrum,

278 456 349 534 Quo
373 473 489 535 graves
511 454 630 518 Persae
653 448 769 515 melius
791 447 947 535 perirent;

262 540 396 605 Audiet
417 558 555 624 pugnas,
578 537 655 602 vitio
678 540 848 619 parentum

428 668 430 675 ,
644 621 728 684 Rara
749 620 907 685 iuventus.

236 722 267 773 25
283 708 386 788 Quem
408 712 501 774 vocet
522 705 639 772 Divum
662 705 802 790 populus
826 705 948 772 ruentis

280 796 401 879 Imperi
423 792 542 858 rebus?
564 808 659 876 prece
682 809 747 872 qua
769 788 906 870 fatigent

278 878 427 961 Virgines
451 882 581 942 sanctae
602 874 711 941 minus
733 874 914 939 audientem
1002 882 1005 888 “

644 958 795 1025 Carmina
816 960 971 1026 Vestam?

278 1047 339 1112 (ini
361 1045 451 1112 dabit
473 1044 575 1132 partis
598 1045 705 1111 scelus
727 1042 879 1129 expiandi

235 1145 266 1195 30
280 1133 448 1217 luppiter?
470 1129 615 1195 Tandem
637 1129 758 1208 venias,
781 1147 960 1214 precamur,

279 1217 373 1282 Nube
396 1214 562 1283 candentis
583 1214 744 1279 humeros·
757 1213 894 1279 amictus

646 1300 761 1381 Augur
782 1298 915 1385 Apollo:

278 1384 352 1451 Sive
376 1389 410 1449 tu
433 1381 547 1462 mavis,
571 1384 712 1469 Erycina
735 1382 854 1457 ridens,

280 1469 386 1547 Quam
407 1469 502 1534 Iocus
526 1468 734 1534 circumvolat
755 1474 788 1533 et
810 1466 950 1553 Cupido:

235 1567 266 1617 35
282 1554 357 1620 Sive
380 1553 564 1636 neglectum
587 1573 692 1636 genus
715 1559 747 1618 et
768 1558 902 1638 nepotes

646 1638 791 1724 Respicis
813 1645 934 1715 auctor,

259 1792 300 1842 31.
320 1787 396 1840 Nube
421 1790 566 1841 candentes
584 1791 707 1842 humeros
731 1791 852 1852 amictus]
880 1790 922 1839 Ita
939 1802 1007 1837 nunc
1025 1786 1160 1852 pleraeque
1184 1785 1320 1836 editiones.

190 1874 277 1908 verum
296 1858 426 1922 principes
450 1858 510 1908 illae
533 1858 645 1909 Venetae
671 1863 696 1908 et
713 1858 887 1908 Loscheriana
905 1854 1040 1918 candenti,
1063 1870 1145 1919 neque
1164 1854 1240 1904 aliter
1258 1854 1321 1904 olim

190 1927 275 1976 Acron
292 1924 461 1975 Scholiastes:
484 1923 589 1989 Melius,
613 1927 707 1991 inquit,
725 1924 802 1977 Nube
820 1925 952 1986 candenti,
971 1936 1052 1987 quam
1071 1920 1214 1972 Gaudentio
1232 1923 1323 1973 bume-

191 2009 244 2046 ros.
278 1992 349 2043 Idem
366 1994 395 2043 iu
413 1992 544 2044 codicibus
562 1994 661 2058 aliquot
683 1997 834 2059 repererunt
850 1991 1006 2052 Lambinus,
1033 1990 1196 2051 Torrentius,
1215 1989 1321 2055 aliique,

192 2063 236 2125 qui
254 2064 306 2111 tam
324 2077 446 2126 suspenso
470 2061 513 2111 hic
537 2061 600 2127 pede
618 2062 757 2125 leviterque
774 2076 827 2111 rem
844 2063 991 2120 transeunt,
1015 2062 1044 2107 ut
1061 2059 1160 2108 nescias
1178 2059 1220 2108 cui
1238 2059 1322 2123 magis

190 2128 296 2179 lectioni
314 2129 423 2181 faveant.
464 2129 531 2180 Mihi
548 2146 607 2180 vero
624 2130 652 2179 in
670 2130 742 2179 nullo
759 2128 872 2179 melioris
889 2133 965 2179 notae
990 2126 1078 2176 codice
1104 2125 1230 2177 candenti
1255 2125 1323 2176 illud

191 2203 230 2247 est
246 2197 342 2246 visum:
361 2213 447 2247 omnes
466 2197 604 2248 candentis
622 2198 689 2248 clare
707 2196 841 2247 exhibent:
865 2196 917 2246 nisi
943 2194 1010 2260 quod
1037 2195 1064 2252 in
1084 2194 1226 2244 Graeciano
1245 2194 1322 2244 litera

192 2265 293 2314 Smala
316 2280 393 2315 mauu
410 2265 471 2315 olim
490 2281 560 2315 erasa
578 2270 629 2327 eat,
654 2267 691 2315 ita
714 2270 797 2315 tamen
825 2268 854 2314 ut
872 2263 911 2314 vel
928 2263 1006 2314 hodie
1024 2261 1158 2312 manifesto
1175 2278 1202 2312 se
1220 2261 1322 2328 prodat.

192 2333 241 2383 Sed
258 2350 310 2384 rem
328 2334 411 2399 ipsam
427 2333 564 2385 videamus.
599 2335 653 2383 Inm
678 2334 788 2398 primum
805 2331 889 2397 qualis
913 2332 985 2382 sodes
1002 2330 1089 2379 hiatus
1107 2330 1169 2390 erit,
1188 2330 1211 2380 si
1227 2331 1321 2395 legeris

192 2401 337 2452 condenti?
363 2401 462 2465 qualem
480 2401 519 2452 vel
537 2417 616 2453 unum
634 2402 740 2453 alterurn
758 2416 883 2464 nusquam
910 2400 952 2449 hic
971 2397 1106 2449 inveneris.
1141 2397 1210 2448 Illud
1227 2397 1322 2449 deinde

190 2468 390 2531 animadvertes,
415 2469 610 2535 participiorum
635 2470 724 2519 herum
748 2483 820 2517 cesus
844 2467 969 2518 ablativos
986 2468 1030 2516 vix
1047 2481 1166 2530 umquam
1183 2466 1252 2531 epnd
1270 2466 1324 2516 No-

191 2540 271 2585 strum
289 2537 422 2586 terminari
438 2538 467 2587 in
477 2537 519 2598 TI,
537 2537 582 2586 sed
599 2538 627 2585 in
636 2536 693 2586 TE:
712 2540 741 2585 ut
758 2537 806 2586 hoc
825 2535 881 2599 ipso
900 2536 926 2583 in
941 2534 1024 2585 Germ.
1037 2535 1155 2599 rubente,
1172 2535 1322 2600 probante,-

191 2608 218 2652 et
235 2602 311 2652 alibi:
330 2602 451 2668 fulgente
469 2619 543 2666 arcu,
562 2603 652 2654 tamnu
671 2603 815 2664 cundetam,-
840 2606 888 2653 etc.
923 2601 987 2652 Vide
996 2616 1060 2667 quae
1073 2601 1184 2652 dicemus
1194 2602 1226 2651 ad
1238 2601 1322 2652 Carsu.

190 2671 212 2731 I,
223 2672 264 2720 25.
282 2686 304 2718 r.
322 2673 361 2721 17.
398 2671 455 2732 Sed,
474 2670 541 2734 quod
559 2675 636 2735 caput
654 2674 699 2732 est,
718 2670 783 2719 illud
802 2671 870 2720 nude
888 2670 1016 2720 suadenti
1031 2685 1082 2719 non
1101 2673 1152 2719 tam
1170 2686 1222 2719 non
1240 2685 1323 2734 appo·

191 2738 269 2787 situm
293 2741 331 2786 est
354 2738 431 2787 huius
454 2737 505 2788 loci
529 2738 686 2799 sententiae,
711 2753 786 2803 quam
809 2753 911 2802 prorsus
934 2738 1098 2789 contrarium.
1133 2737 1230 2802 Nempe
1254 2738 1324 2788 nube

191 2806 233 2854 hic
257 2804 414 2855 amiciendus
438 2810 492 2856 erat
509 2806 609 2870 Apollo,
628 2806 718 2870 nequis
741 2822 799 2856 eum
822 2806 968 2857 mortalium
991 2806 1059 2856 inter
1083 2806 1152 2870 ipsos
1178 2810 1324 2856 versantem

190 2879 347 2936 agnosceret,
382 2874 438 2923 Hoc
457 2878 567 2923 certum:
591 2879 617 2924 et
635 2874 671 2924 sic
689 2874 828 2936 Homerus,
853 2874 921 2923 unde
938 2875 986 2924 hoc
1004 2874 1097 2923 Noster
1121 2877 1250 2923 mutuatus
1274 2880 1324 2938 est,

194 2940 267 3020 iliad.
285 2942 317 3031 ll.
336 2957 359 2990 v.
387 2943 443 2993 186.
480 2935 572 3005 „date
598 2957 638 2997 τις
663 2935 728 3009 ἄγχι
746 2934 856 3003 ⁰lnbrtpa'
883 2938 1034 2991 ἀθανάτων
1057 2939 1156 3009 νεφέλῃ
1185 2936 1325 3022 ςίλυμὲνος

191 3006 535 3140 distollit&
550 3009 1325 3146 titubet},ulutatu,creatuturas

190 3141 320 3212 cepttpf‘
339 3144 356 3195 i.
371 3160 392 3196 e.
407 3145 495 3210 Atque
512 3145 629 3195 Aeneam
648 3146 754 3210 quidem
771 3147 894 3196 inanibus
910 3144 1134 3210 sustulitApolle,
1152 3145 1221 3195 nude
1239 3148 1325 3209 nigra

190 3216 286 3262 tectus:
318 3212 372 3264 scil.
400 3229 432 3263 ne
456 3228 471 3262 a
494 3212 615 3263 Diomede
642 3214 839 3277 conspiceretur.
875 3213 911 3262 ut
935 3228 965 3263 ex
988 3212 1075 3263 eodem
1101 3212 1170 3262 lente
1196 3212 1326 3278 Virgilius

191 3281 254 3331 Aen.
272 3278 332 3342 XII,
348 3282 406 3333 416.
439 3280 515 3343 „Hoc
533 3279 623 3331 Venus
640 3282 747 3331 obscuro
770 3280 868 3342 facim
891 3281 1060 3332 circumdata
1084 3281 1172 3332 nimbo
1190 3281 1330 3331 Demtscr‘

191 3352 218 3396 et
227 3348 248 3407 1,
260 3349 319 3398 411.
338 3347 393 3411 „Aa
409 3346 498 3398 Venus
515 3347 623 3399 obscuro
638 3349 790 3413 gradientia
807 3355 864 3399 aere
882 3351 971 3414 sepsit,
988 3348 1027 3398 Et
1042 3348 1126 3399 multo
1143 3346 1252 3399 nebulae
1270 3351 1326 3399 cia

192 3429 252 3465 cum
269 3415 327 3464 Dec
344 3412 419 3474 fudit
435 3416 538 3478 amictu,
559 3414 671 3467 Cernere
690 3433 723 3467 ne
740 3420 800 3482 quia
818 3432 869 3480 eos,
887 3432 940 3466 nere
958 3419 1018 3482 quia
1036 3418 1191 3481 contingere
1208 3419 1325 3482 pcraet.“

192 3486 218 3532 et
247 3480 343 3532 ibidem
367 3485 425 3535 516.
466 3483 664 3546 „Dissimulant
689 3490 716 3534 et
739 3484 805 3535 nube
830 3500 896 3535 caua
922 3485 1097 3548 speculantur
1119 3484 1232 3534 amicti.“
1267 3485 1326 3534 Iam

192 3553 284 3612 antem,
303 3552 348 3614 qui
365 3565 458 3614 quaeso
476 3553 608 3613 convenit,
628 3556 672 3603 aut
690 3568 740 3616 quo
758 3555 850 3616 poetae
868 3552 977 3602 consilio
995 3552 1098 3614 lactum,
1119 3557 1146 3602 ut
1172 3552 1325 3617 quioculos

192 3617 279 3667 fallere
297 3623 324 3667 et
340 3616 419 3668 latere
437 3622 549 3681 conatur,
569 3620 645 3669 nubis
663 3619 739 3670 istius
757 3619 875 3671 candere
892 3620 988 3686 seipse
1005 3620 1169 3670 manifestet?
1193 3619 1252 3670 Hoc
1271 3624 1325 3671 tam

192 3686 279 3749 inepte
297 3684 518 3750 incommodeque,
541 3692 571 3737 ut
588 3688 654 3738 nihil
672 3703 755 3752 supra.
791 3687 841 3738 Sed
865 3687 927 3752 quid
951 3688 1039 3738 multis
1057 3689 1140 3754 opus?
1172 3688 1326 3739 Retinemus

193 3769 224 3803 er
241 3753 384 3818 potioribus
392 3754 544 3804 membranis
563 3755 749 3806 caracteratis
767 3756 930 3806 humeros.
952 3755 1080 3820 Occidens,
1099 3759 1193 3820 nitens,
1204 3753 1326 3819 fulgens,

191 3827 316 3888 perpetua
333 3826 394 3872 sunt
411 3822 517 3872 humeri
532 3823 654 3888 epitheta.
691 3823 788 3873 Statius
805 3822 868 3874 silv.
884 3824 933 3887 111,
951 3826 974 3886 4,
989 3826 1030 3876 29.
1045 3824 1109 3887 „aed
1126 3839 1180 3873 uon
1204 3829 1264 3874 crat
1282 3823 1328 3874 itti

193 3888 295 3953 Arous,
317 3894 344 3938 et
361 3905 395 3940 ea
411 3889 522 3940 humeris
540 3891 631 3941 nullae
654 3890 812 3956 fulgentibus
836 3892 973 3941 umbrae.“
1000 3894 1025 3942 st
1042 3891 1137 3942 ibidem
1154 3893 1195 3943 81.
1221 3892 1326 3956 iterum,

191 3958 377 4021 „humerosque
394 3972 476 4007 manu
494 3958 598 4009 ιιιιάανο
615 3959 750 4010 nitentes.“
777 3957 1013 4021 titubassem.
1032 3960 1120 4024 „Huic
1139 3965 1168 4009 ιιι
1185 3959 1326 4011 candentes

193 4025 302 4075 bumerc
320 4040 441 4090 suppone
457 4025 590 4076 lacertos.“
616 4026 707 4076 Horat.
725 4026 806 4078 Germ.
817 4028 837 4088 I,
857 4029 896 4089 13,
905 4030 928 4079 9.
947 4025 1050 4091 „Urcr,
1068 4043 1115 4078 seu
1133 4028 1183 4077 rtet
1199 4026 1324 4079 candidos

195 4089 354 4156 Turpcrunt
370 4093 512 4143 humerce.“
530 4099 555 4143 et
573 4095 646 4155 11‚s,
667 4095 704 4147 18.
732 4092 813 4157 „Non
833 4093 937 4145 Chloris
955 4095 1014 4145 albe
1031 4099 1071 4146 cic
1088 4096 1191 4147 humero
1209 4097 1326 4147 nitens.“

192 4158 266 4219 Quod
290 4159 313 4211 si
330 4160 428 4211 humeri
446 4160 590 4211 mortalium
607 4166 674 4212 recte
693 4162 814 4217 dicuntur
832 4162 962 4228 enudare,
986 4163 1067 4214 multo
1086 4164 1166 4228 magis
1184 4163 1325 4229 Apollinis,
