2818 4758
216 239 256 302 82
604 250 634 311 q.
657 251 798 297 nonnum
819 250 942 298 ruuccr

258 399 288 449 35
344 387 470 452 Aetas?
492 383 568 466 quid
590 384 745 448 intactum
766 383 883 449 neiast'

384 469 574 550 Liquimusl
596 468 680 532 unde
703 489 833 533 manum
855 470 1004 533 iuventus

299 554 387 620 Metu
408 555 548 618 Deorum
572 554 748 618 continuit?
791 553 908 634 quibus

299 637 446 724 Pepercil
467 638 552 701 aris?
574 640 592 701 b
615 637 736 703 utinam
758 657 842 702 nova

341 721 462 790 Ineude
484 721 630 802 defingas
652 727 794 787 retusum
818 721 851 785 in

257 822 288 872 co
385 810 588 888 Massagetas
609 807 798 888 Arabasque
820 806 950 870 serrum.

569 942 592 975 r.
612 927 652 976 39.
670 923 745 988 Vulg.
765 924 910 989 Diffiugos.

214 1063 306 1112 Noster
324 1060 387 1110 alibi
405 1060 483 1110 Serm.
502 1060 537 1121 ΙΙ,
555 1061 579 1121 4,
598 1061 622 1110 5.
641 1058 706 1122 „scd
722 1057 766 1108 des
783 1059 887 1108 ueniam
906 1060 996 1121 bouus,
1023 1061 1093 1107 oro.“
1128 1058 1200 1107 Ouid⁴
1219 1058 1298 1108 Trist.
1318 1061 1343 1121 1,

214 1132 237 1181 4.
264 1133 295 1192 [r.
313 1130 356 1190 43]
392 1126 531 1192 „Invigiles
557 1129 644 1191 igitur
661 1128 760 1175 nostris
774 1140 826 1190 pre
846 1127 959 1189 casibus,
977 1130 1046 1174 or0.“
1074 1130 1150 1188 atque
1168 1126 1214 1175 alii
1232 1128 1339 1191 passim.

214 1198 293 1246 Porro
319 1196 412 1256 eodem,
440 1211 490 1259 quo
512 1194 562 1255 hic,
586 1193 676 1243 mendo
699 1193 799 1243 laborat
823 1193 894 1242 locus
912 1193 972 1243 Silii
989 1193 1076 1242 Italici
1092 1192 1137 1241 lib.
1156 1194 1203 1241 111.
1224 1197 1257 1256 [v.
1278 1196 1342 1256 126}

214 1265 259 1314 ubi
275 1280 339 1312 uror
356 1261 511 1314 Hannibalis
528 1278 575 1326 pro
594 1261 649 1311 viro
667 1277 712 1310 suo
729 1266 855 1326 precatur,
874 1260 946 1324 „Sed
955 1266 991 1323 iu,
1010 1260 1137 1310 bellorum
1153 1263 1271 1324 genitor,
1290 1265 1341 1311 mi-

214 1348 309 1393 serere,
327 1329 455 1395 nefasque
472 1330 577 1391 Aueria,
595 1334 621 1378 ci
636 1329 970 1393 seruucepuliuuiolebile
982 1326 1115 1378 Teucris.“
1142 1327 1213 1390 Quis,
1232 1345 1341 1392 quaeso,

214 1404 252 1449 est
274 1400 323 1448 iste
347 1397 475 1447 bellorum
500 1399 627 1461 genitor?
661 1397 737 1458 Mars,
762 1396 867 1459 opinor:
895 1396 939 1446 sed
956 1411 986 1445 ex
1011 1411 1061 1460 qua
1078 1411 1162 1456 uxore,
1186 1396 1227 1445 vel
1243 1397 1340 1459 amice,

213 1466 280 1516 bella
306 1466 411 1532 genuit?
446 1466 535 1529 Nugae
559 1480 647 1513 merae.
683 1464 722 1513 Tu
745 1479 804 1513 vero
829 1463 885 1527 lege
902 1479 957 1513 mco
974 1463 1096 1527 periculo,
1120 1463 1193 1526 „Sed
1209 1469 1246 1526 tu,
1266 1464 1340 1526 Bele,

214 1551 266 1593 oro,
282 1536 398 1597 genitor,
417 1534 566 1581 miserere.“
601 1530 729 1581 Nimirum
737 1530 869 1580 Hannibal
880 1532 1006 1596 originem
1024 1531 1113 1595 stirpis
1131 1531 1203 1580 duxit
1221 1547 1235 1580 a
1252 1530 1341 1582 Belo.-

213 1603 279 1651 unde
297 1600 363 1649 idem
382 1599 461 1649 Silius
478 1599 523 1649 lib.
543 1599 614 1648 VIII.
633 1601 665 1660 [v.
685 1601 727 1661 31]
763 1598 917 1662 „Hannibal
937 1615 954 1648 α
971 1604 1062 1648 nostro
1087 1614 1181 1648 nemen
1204 1614 1338 1649 memora·

214 1670 265 1718 bile
281 1668 369 1718 Belo.“
388 1672 413 1716 et
429 1667 475 1717 lib.
486 1667 522 1716 IV
533 1667 589 1729 [lII,
600 1668 660 1727 650]
679 1668 715 1715 sic
733 1666 905 1715 Hannibalem
922 1668 1014 1716 Bostar
1030 1666 1177 1730 alloquitur,
1196 1666 1340 1730 „Mamime

212 1735 307 1796 Belide,
324 1737 423 1800 patriis
441 1737 488 1799 qui
505 1750 521 1783 u
538 1735 675 1783 moenibus
693 1749 767 1784 arces
785 1733 927 1784 Seruilium
946 1733 1069 1784 demire.“
1102 1733 1227 1797 Virgilius
1235 1738 1300 1787 Aen.
1315 1738 1340 1798 1,

213 1806 270 1856 626.
301 1803 421 1867 „genitor
448 1808 503 1851 irem
525 1802 601 1850 Belus
628 1803 745 1866 opimum
770 1800 900 1852 Vuslcbel
925 1801 1042 1868 Cyprum
1069 1808 1096 1852 ct
1119 1804 1205 1852 vietor
1231 1802 1340 1854 clr'eione

213 1872 341 1921 leuabat.“

281 1940 321 1990 36.
343 1935 528 1989 lindemacus
546 1939 678 1997 iuuentus]
706 1935 802 1985 Mouus
823 1935 900 1986 habet
922 1936 1017 1986 Editio
1034 1938 1117 2001 prima
1134 1938 1229 1988 Veneta
1258 1942 1337 1992 1418.

211 2006 286 2067 unde,
306 2005 388 2067 credo,
407 2005 434 2053 in
451 2004 585 2069 plerasque
603 2003 728 2052 editiones
746 2018 774 2053 ea
792 2003 869 2053 lectio
887 2004 1013 2068 profluxit.
1045 2006 1094 2054 Sed
1103 2006 1242 2055 Loscberus
1256 2009 1336 2059 1498.

211 2080 279 2124 recte
297 2072 378 2122 edidit
395 2085 511 2136 manum,
529 2076 559 2120 ut
576 2086 662 2120 ornnes
679 2069 773 2135 ubique
790 2071 843 2121 fere
861 2071 966 2136 seripti3
985 2073 1033 2121 etsi
1051 2074 1092 2122 hic
1110 2077 1211 2123 taceant
1227 2074 1336 2124 Lumbi·

211 2158 260 2191 nus
285 2146 311 2190 et
334 2139 489 2189 Torrentius.
526 2138 598 2188 Certe
622 2139 659 2187 ita
684 2139 768 2187 nostri
792 2139 956 2200 Graecienus,
980 2140 1139 2203 Baginensis,
1163 2141 1336 2204 Baltelianus,

210 2209 355 2273 Regiaeque
373 2207 503 2256 societatis
520 2221 576 2256 cum
594 2206 660 2255 aliis.
688 2208 722 2255 ut
740 2207 834 2256 rectius
851 2223 967 2271 manum,
986 2223 1060 2271 quam
1076 2212 1106 2258 ul
1115 2210 1277 2259 invenustum
1288 2210 1336 2259 ho·

209 2276 394 2326 moeoteleuton
412 2275 465 2336 fiat,
483 2290 578 2324 maures
596 2276 725 2324 ircoeulus.

280 2345 320 2396 38.
342 2344 362 2392 0
380 2345 484 2393 utinam
501 2358 572 2393 noua
590 2341 691 2392 Irrcude
709 2341 839 2405 diffingas
856 2340 983 2408 retusum]
1001 2343 1140 2408 Diffiuges
1156 2343 1251 2394 habent
1267 2345 1335 2394 Edi·
1370 2404 1374 2409 ,

211 2412 293 2461 tiones
311 2412 363 2460 fare
382 2426 475 2471 omnes,
494 2416 546 2459 tam
563 2413 668 2471 veteres,
686 2424 760 2473 quam
776 2410 944 2469 recentiorem
963 2414 989 2458 et
1006 2411 1095 2475 scripti
1114 2412 1192 2461 stiam
1208 2411 1335 2476 plerique.

210 2479 304 2528 Verum
323 2493 352 2527 aa
369 2494 417 2526 vox
434 2478 538 2527 minime
555 2479 616 2526 huic
634 2476 690 2526 loco
709 2477 834 2526 convenit.
871 2475 934 2525 (lum
946 2478 1013 2526 enim
1023 2477 1334 2542 diffingereeoutrarium

210 2547 244 2595 sit
267 2546 306 2611 τῷ
332 2546 442 2609 fingere,
469 2546 507 2594 uti
535 2550 635 2594 constat
659 2543 974 2606 circummissis,
1007 2546 1073 2594 nihil
1091 2545 1121 2596 ab
1139 2547 1187 2597 hac
1205 2547 1335 2597 sententia

209 2614 318 2662 alienius
336 2611 438 2676 concipi
462 2617 554 2676 potest.
590 2610 668 2661 Nove
695 2613 763 2662 euim
786 2612 883 2661 incude
906 2612 1037 2677 finguntur
1060 2629 1099 2662 res
1117 2621 1143 2663 et
1159 2612 1334 2676 fabricantium

210 2696 262 2729 non
286 2678 455 2742 distinguntur
481 2685 506 2728 et
532 2684 736 2742 corrumpuntur.
772 2679 855 2735 Quare
879 2679 968 2728 melior
987 2680 1087 2730 videtur
1110 2680 1194 2744 lectio,
1222 2698 1287 2747 quae
1305 2683 1333 2732 iu

210 2746 308 2796 duobus
326 2744 434 2809 Cruquii
450 2745 524 2795 libris
543 2749 612 2795 extat
629 2746 765 2810 definge„
790 2745 882 2811 quibus
906 2747 1004 2797 accedit
1022 2749 1132 2813 optimus
1151 2755 1237 2799 noster
1254 2751 1334 2814 Regi·

210 2813 306 2875 nensis,
331 2812 375 2861 ubi
400 2813 451 2871 defi
467 2828 518 2877 gas
542 2816 587 2873 est,
614 2828 631 2861 u
655 2830 701 2878 per
726 2814 816 2864 melam
841 2829 942 2863 manum
965 2831 1041 2865 erasa.
1077 2815 1207 2866 Leidensis
1232 2833 1335 2881 quoque

210 2885 303 2941 noster,
323 2879 465 2943 diffingas,
484 2880 650 2944 fgeminato.
687 2882 753 2930 Sane
771 2882 798 2931 id
808 2897 882 2947 saepe
891 2883 1029 2944 observavi,
1047 2883 1073 2932 in
1093 2880 1248 2949 compositis,
1268 2901 1333 2949 quae

209 2946 293 3008 acles
311 2947 349 2997 rel
368 2947 412 2996 des
430 2947 568 3011 incipiunt,
586 2948 720 3013 plerosque
744 2950 844 2998 codices
867 2953 1054 3015 manuscriptos
1078 2952 1134 3014 diff
1145 2957 1170 3001 et
1189 2953 1243 3002 diss
1261 2953 1334 3002 exbi-

209 3015 280 3066 bcre:
298 3020 327 3064 ut
345 3015 429 3079 Epist.
449 3013 469 3076 I,
489 3017 511 3075 'l,
531 3018 555 3067 6.
589 3016 810 3080 „Desiguulorcm
829 3017 938 3067 decoret
961 3019 1099 3068 lictoribus
1116 3022 1211 3070 alr-is.“
1231 3021 1332 3070 codices

214 3083 295 3133 nostri
313 3082 385 3132 Leid.
405 3083 493 3133 Graes.
503 3082 593 3146 Regin.
611 3099 667 3132 cum
686 3083 744 3132 aliis
762 3085 990 3148 Dissigualorem;
1008 3086 1086 3149 etsie
1104 3086 1167 3136 alibi
1186 3104 1238 3137 non
1256 3104 1331 3137 raro:

208 3152 275 3216 quod
292 3156 317 3201 et
326 3151 353 3200 in
368 3152 416 3201 hoc
425 3150 481 3199 loeo
490 3149 628 3214 contigisse
647 3151 729 3200 credo.
765 3151 904 3201 Scribimus
919 3152 1002 3215 igitur
1011 3153 1133 3217 defiugos
1139 3173 1148 3215 ;
1167 3154 1211 3204 sed
1230 3157 1281 3205 iam
1300 3155 1333 3205 de

207 3224 327 3283 sequente
346 3218 421 3268 verbo
439 3223 557 3267 retusum
576 3218 705 3267 diffieilior
723 3219 838 3282 quaestio
849 3225 894 3270 est.
929 3219 1062 3285 delusum,
1080 3222 1330 3283 aiuntScholiastaa,

208 3287 278 3336 civili
295 3287 363 3336 bello
381 3287 549 3335 hebetatum:
567 3290 641 3334 recte.
662 3292 687 3335 et
700 3286 736 3335 sic
746 3287 836 3350 virgil.
849 3288 938 3352 Georg.
951 3289 986 3349 Il,
996 3290 1053 3339 301.
1088 3304 1159 3353 „neu
1175 3290 1243 3339 ferro
1256 3290 1332 3340 laede

206 3359 292 3403 retuso
311 3354 444 3403 Semine.“
479 3352 576 3401 Lucan.
594 3353 638 3416 VI,
659 3356 715 3407 161.
740 3353 922 3418 „confringite
941 3355 993 3405 tela
1010 3357 1126 3406 Pectoris
1144 3359 1264 3420 incursu,
1289 3361 1330 3407 iu-

205 3421 331 3485 gulisque
348 3418 476 3469 retundite
494 3419 613 3469 serrum.“
649 3421 721 3473 Ovid.
739 3426 823 3471 Amor.
842 3423 876 3487 ΙΙ,
895 3425 917 3474 9.
931 3426 962 3486 [v.
973 3426 1013 3486 13]
1033 3423 1122 3486 „Quid
1139 3427 1215 3475 iuuet
1232 3429 1261 3475 in
1279 3441 1330 3474 rru-

208 3489 249 3537 dis
261 3489 368 3536 bomaio
377 3485 510 3536 retundere
530 3487 581 3537 telo
601 3488 706 3538 Ossibus
713 3492 740 3539 ?“
776 3490 856 3539 Silius
874 3491 931 3541 ltal.
949 3491 1019 3542 XVI.
1037 3496 1068 3554 [v.
1079 3494 1136 3554 105]
1155 3493 1230 3554 „lam
1241 3495 1331 3558 campi

206 3554 340 3618 callesque
357 3554 472 3620 madeat,
490 3555 655 3621 hebetataque
674 3557 734 3606 lelc.
770 3560 868 3607 Auctor
878 3558 996 3608 Octaviae
1006 3577 1028 3609 v.
1039 3562 1096 3610 525.
1115 3561 1256 3623 „condidit
1270 3565 1328 3609 leu-

207 3622 265 3672 dem
282 3637 344 3671 suos
362 3622 417 3671 Iam
435 3622 519 3682 fesseca
537 3640 609 3673 enses
627 3627 719 3687 uictor,
738 3624 869 3674 hebetatos
887 3626 953 3686 scrib
965 3625 1133 3678 Vulneribus.
1158 3633 1183 3677 et
1194 3630 1329 3678 conuenit

206 3692 347 3754 imperium
364 3691 462 3738 melca“
497 3691 546 3740 Sed
563 3691 629 3741 illud
646 3692 707 3741 huie
726 3693 933 3757 interpretationi
952 3694 1052 3743 videtur
1069 3694 1176 3757 obstare,
1202 3695 1270 3760 quod
1287 3711 1329 3743 re-

188 3760 260 3823 ·lusi
278 3755 357 3820 gladii
376 3756 464 3820 potius
481 3757 581 3808 cotibus
600 3765 733 3821 acuuntur,
753 3776 826 3825 quam
845 3762 981 3811 incudibus
999 3768 1167 3823 renovantur3
1187 3768 1216 3812 ut
1229 3764 1326 3812 Lucan.

205 3824 263 3884 VII,
285 3826 340 3876 139.
360 3822 433 3887 „Nec
448 3825 549 3888 gladiis
568 3828 684 3877 habuere
700 3828 788 3891 sidem,
806 3831 859 3878 uisi
876 3830 976 3879 cotibus
993 3846 1072 3896 asper
1089 3830 1203 3879 Emeruit
1219 3845 1329 3879 mucro:

205 3896 269 3942 ictuc
287 3893 372 3941 omnis
391 3891 483 3941 lancea
502 3909 568 3943 semo
588 3894 739 3959 [brigilur.“
774 3895 905 3945 Caeterum
923 3913 971 3961 pro
988 3904 1113 3959 retusum,
1132 3898 1200 3962 quod
1218 3899 1246 3947 in
1264 3897 1327 3946 meis

204 3959 322 4008 omnibus
341 3962 418 4019 extat,
436 3959 514 4009 codex
532 3959 639 4026 Cruquii
658 3978 788 4026 recessum,
815 3968 890 4027 etque
914 3965 941 4013 id
960 3965 1051 4031 cupide
1070 3966 1233 4031 arripuerunt
1251 3965 1326 4014 Lam·

203 4026 287 4088 binus,
306 4025 445 4086 Mamilius,
465 4026 567 4091 aliique,
592 4036 616 4078 et
635 4029 765 4095 diffingas
782 4047 904 4081 recusum
931 4033 1032 4098 poetica
1055 4033 1143 4098 phrasi
1167 4034 1264 4083 dictum
1281 4049 1328 4081 vo·

204 4092 268 4155 lunt,
287 4110 334 4160 pro
353 4094 483 4157 diffingas
501 4096 658 4147 recuruando.
694 4099 788 4148 Verum
806 4104 836 4148 ut
853 4100 909 4161 hoc,
928 4101 994 4164 quod
1015 4107 1096 4150 lamen
1113 4101 1154 4150 hic
1173 4101 1265 4150 durum
1279 4104 1324 4159 ast,

204 4162 369 4222 concedatur3
395 4160 452 4225 quis
470 4166 554 4211 tamen
578 4162 605 4211 in
630 4164 715 4214 eodem
733 4166 858 4216 versiculo
882 4167 945 4218 ferre
969 4169 1051 4233 possit
1070 4169 1167 4219 incude
1184 4173 1327 4219 ramessen?
