2810 4764
218 202 278 264 172
607 216 638 276 o.
660 216 802 264 nonaun
822 217 946 266 ennom

343 353 432 418 Duro
453 348 583 417 numine
603 350 769 436 Iuppiter?

672 470 695 502 v.
715 453 737 504 8.
755 451 831 517 Vulg.
848 451 927 503 Paro.

216 557 244 606 in
262 555 329 606 uam
352 554 454 605 reduxit
475 552 637 603 doctissimus
654 553 801 614 Daoierius3
825 569 883 604 nam
908 558 1022 621 strepitu
1039 557 1080 609 hic
1098 557 1339 626 bis‘aeoipiendunr

216 641 278 687 esse,
296 639 348 690 qao
364 625 478 689 auspiia
495 624 587 684 wana,
605 637 657 687 qna
675 625 789 688 strepitu
805 638 897 673 nemas
906 628 1041 689 remugiat
1050 627 1142 690 contib,
1156 631 1215 677 ante
1223 625 1337 679 Eabrnm

216 697 305 743 natum
322 707 422 755 omncs,
444 690 567 756 puerique
584 694 733 757 patresque,
760 691 884 741 uiderunt.
919 692 988 742 Illud
1012 698 1038 742 et
1062 694 1139 756 mihi,
1163 694 1208 745 sed
1230 695 1339 746 meliore

216 762 308 822 omine,
325 759 414 810 mirari
429 758 515 820 liceat,
533 757 629 808 viduae
645 760 775 808 neminem
792 757 929 811 absurdum
945 755 1254 826 illudete’wcao'loudov,
1268 764 1339 828 qnod

215 831 244 881 iu
261 830 308 880 hac
327 827 454 878 sententia
469 843 521 877 uon
538 825 608 886 latet,
627 825 670 876 sed
687 825 763 891 plane
781 832 857 876 extat.
893 827 933 878 Tu
950 845 1047 879 meeum
1065 829 1097 880 ad
1115 829 1241 881 calculum
1258 831 1341 882 verba

215 897 315 962 redige:
338 894 438 958 Anda,
457 910 507 958 quo
524 896 634 960 strepitu
650 894 728 944 ianua
746 898 772 944 et
788 911 877 945 nemus
894 897 1037 961 remugiat?
1061 902 1087 947 et
1102 897 1203 961 Aura,
1227 903 1258 950 ut
1275 900 1337 965 Iup-

214 966 284 1031 piter
300 964 394 1030 glaciet
416 962 505 1013 nives?
539 961 608 1019 uuio
631 961 724 1012 audio?
748 978 781 1012 au
803 963 863 1028 gelu
886 969 912 1013 et
930 965 1011 1029 frigus
1029 965 1119 1016 auditu
1135 967 1338 1031 percipiuntur?

214 1034 296 1087 Nemo
314 1032 448 1097 quisquam
463 1031 528 1081 milri
544 1029 707 1095 persuaserit,
725 1036 770 1080 aut
778 1031 916 1082 Horatium
933 1033 994 1082 baec
1012 1033 1168 1099 scripturum
1184 1034 1273 1097 inisse,
1292 1041 1339 1087 ent

216 1102 325 1162 amicos,
350 1100 421 1165 queis
439 1097 575 1161 recitabat,
602 1103 654 1148 tam
677 1097 753 1148 facile
776 1099 971 1152 condonaturos.
1007 1098 1080 1152 Certe
1103 1119 1156 1152 non
1173 1102 1236 1153 adeo
1255 1104 1338 1168 digna

215 1172 278 1221 haec
297 1173 377 1229 erant,
396 1167 537 1233 quaciaria
554 1167 666 1218 acridae
682 1171 861 1219 servarentur.
889 1168 938 1218 Sed
955 1169 1048 1231 notior,
1066 1170 1167 1235 opinor,
1185 1174 1224 1220 est
1231 1171 1337 1222 Horatii

215 1238 322 1296 indoles,
342 1252 417 1300 qnam
435 1241 464 1285 ut
480 1236 573 1301 ipsum,
592 1239 618 1284 et
634 1249 686 1284 non
694 1234 826 1285 Librarios
844 1236 938 1300 potius.
955 1237 1045 1302 culpae
1062 1238 1139 1289 huius
1150 1239 1337 1290 insimulemus.

216 1306 319 1373 Quippe
336 1304 463 1354 levissima
480 1303 628 1365 mutatione,
646 1319 736 1367 nempe
752 1304 830 1353 unius
847 1304 971 1366 liternlae,
990 1321 1055 1370 qnae
1072 1312 1098 1356 et
1114 1306 1173 1372 ipsa
1185 1307 1337 1372 plerumque

216 1373 395 1433 omittebatur,
418 1371 521 1433 melius,
539 1370 592 1421 nisi
608 1370 697 1433 lallor,
714 1372 834 1436 procedet
850 1372 947 1436 oratio,
970 1372 999 1423 in
1015 1374 1084 1424 hunc
1100 1375 1205 1425 modum
1223 1376 1339 1438 „Audin

217 1457 268 1508 qao
291 1443 405 1506 strepitu
429 1442 526 1504 wana,
552 1453 604 1504 qao
628 1454 720 1500 namna
743 1439 818 1489 inter
837 1440 953 1505 paleira
976 1447 1064 1492 satam
1088 1448 1158 1494 tacta
1181 1446 1336 1508 rernugiatl

216 1510 302 1560 Sentis
320 1514 346 1559 et
361 1509 464 1574 paritas
481 1512 512 1558 nt
526 1507 627 1572 glaciat
643 1508 717 1557 niuea
733 1507 805 1558 Puro
823 1511 932 1559 numine
947 1509 1096 1575 Iuppiter.“
1118 1509 1215 1575 Sente‘r,
1234 1519 1264 1561 ut
1281 1512 1338 1577 ipse

216 1576 279 1629 alibi
297 1577 325 1626 iu
343 1592 370 1627 re
387 1592 439 1626 non
457 1574 569 1626 absimili
586 1574 667 1626 Canu.
685 1575 734 1638 111,
751 1577 793 1637 28,
813 1579 837 1630 6.
872 1576 1027 1640 „inclinare
1050 1578 1188 1629 meridiem
1206 1579 1293 1629 Sentis
1311 1585 1337 1630 ei

216 1646 301 1696 velati
322 1649 374 1695 atet
395 1644 512 1695 volam
534 1643 602 1707 dica,
627 1643 721 1694 Parcit
745 1644 866 1709 deripere
883 1644 979 1696 donea
999 1644 1146 1696 Caesoniam
1164 1647 1258 1698 Bibali
1274 1664 1338 1698 cou-

216 1713 282 1764 salis
300 1713 483 1779 amptarauc.“
508 1710 650 1776 Hanagiat
665 1715 750 1762 autem
767 1710 890 1773 absolute,
909 1713 963 1763 sine
980 1713 1066 1763 dativo
1084 1717 1183 1768 centia:
1201 1721 1232 1765 ut
1244 1715 1336 1781 Virgil

215 1784 278 1832 Aen.
297 1779 344 1844 IX,
362 1783 419 1833 504.
446 1782 583 1898 ‚infimius
601 1779 718 1843 clamor,
744 1778 896 1846 caelumque
914 1781 1049 1846 τιιιιιιςίι.ιι
1073 1781 1134 1844 XlI,
1152 1784 1211 1835 928.
1250 1783 1338 1846 „Gon

215 1854 333 1914 snrgunt
360 1851 464 1914 gemitu
511 1847 594 1910 ciali,
621 1852 744 1912 totaque
774 1848 885 1913 remugit
908 1846 984 1899 Mons
1015 1852 1143 1900 circam.“
1179 1850 1339 1902 Claudianae

214 1919 323 1982 Eutrop.
341 1917 377 1979 11,
397 1918 452 1969 162.
470 1921 628 1980 „responsat
643 1916 727 1966 Atlas
744 1916 912 1982 Haemusque
928 1918 1063 1982 remugit.·‘
1097 1919 1165 1968 idem
1180 1921 1257 1984 Rapt
1273 1922 1337 1971 Pro·

215 2001 281 2052 serp.
302 1987 324 2048 Ι,
343 1988 383 2037 10.
417 1984 553 2048 „Auditur
569 1983 693 2045 fremitent
710 1986 798 2048 terris,
817 1985 993 2050 templumque
1010 1986 1144 2051 remugit“
1180 1987 1339 2039 Prudentiae

215 2055 352 2119 Apotheos.
377 2054 437 2106 386.
471 2050 624 2116 ,‚Qaicqaid
646 2054 676 2101 in
694 2068 756 2103 aare
778 2068 842 2102 caua
865 2054 979 2103 reboans
1002 2056 1065 2104 teba
1090 2057 1337 2121 carua.remngit“

205 2123 302 2187 Neque
320 2138 378 2172 vero
401 2136 465 2186 opus
489 2123 555 2182 erat,
582 2125 609 2169 ut
625 2123 710 2170 aenne
732 2121 775 2170 hic
798 2120 939 2171 inculcaret
961 2123 1067 2183 Noster3
1090 2138 1148 2173 oum
1171 2123 1224 2173 iam
1247 2123 1338 2189 paullo

215 2197 274 2241 aute
291 2190 436 2255 Aquilonac
458 2188 621 2241 nominasset.
656 2187 725 2243 Quid
748 2187 816 2252 qnod
839 2204 940 2240 necesse
961 2195 1014 2251 est,
1038 2195 1121 2240 stante
1144 2191 1193 2241 hac
1216 2192 1335 2255 lectione,

215 2259 327 2309 ablativo
345 2274 405 2309 casu
422 2257 505 2307 efferri
522 2258 620 2315 cautim
643 2271 695 2306 nou
713 2261 742 2306 ut
759 2256 835 2321 vulgo
853 2257 976 2307 creditum
994 2264 1045 2321 cst,
1064 2258 1163 2308 dativo:
1188 2263 1218 2308 ut
1235 2260 1264 2309 iu
1281 2259 1336 2309 illis

215 2327 307 2392 Virgil.
326 2330 387 2377 Aen.
405 2324 472 2390 XII,
490 2327 547 2376 722.
571 2324 686 2389 „gemitu
703 2340 795 2375 namus
812 2340 889 2375 omne
905 2325 1045 2390 remugit‘:
1080 2326 1159 2376 Statii
1176 2327 1256 2378 Theb.
1274 2328 1333 2391 XII,

216 2398 273 2449 662.
293 2395 365 2459 „ulio
382 2397 408 2444 ai
423 2393 495 2454 foria
512 2392 623 2457 remugit
640 2392 765 2443 Bellatore
782 2396 905 2445 namuc“:
923 2393 1047 2444 Martiani
1064 2392 1125 2459 (lep.
1143 2393 1188 2444 lib.
1200 2398 1224 2447 5.
1235 2397 1264 2462 [ξ
1274 2398 1334 2458 425}

215 2479 385 2528 ,manansque
404 2477 455 2526 par
478 2462 598 2511 aethram
623 2458 738 2523 Cantus,
763 2466 789 2511 et
812 2463 904 2525 igneolo
929 2461 1031 2511 caelum
1054 2462 1173 2528 clangore
1197 2465 1333 2529 τειιιιιςίιέι

215 2533 371 2582 lamentum
395 2545 470 2593 quam
493 2528 646 2579 inconcinne
664 2533 690 2578 et
706 2544 771 2595 pene
787 2529 883 2579 insulse
906 2530 1049 2594 geminetur
1065 2530 1108 2582 hio
1126 2529 1269 2593 ablativus,
1292 2548 1332 2582 re·

215 2602 321 2663 mugiat
337 2600 421 2649 centn
438 2599 566 2661 strepitu,
583 2612 657 2646 nemo
675 2603 713 2646 est
730 2597 842 2661 quinon
860 2597 952 2647 videat.
987 2598 1115 2663 Equidem
1131 2599 1183 2649 duo
1202 2598 1273 2662 lcca,
1292 2616 1333 2650 oe·

217 2682 265 2732 que
282 2666 364 2731 plura,
387 2664 499 2725 memini,
517 2663 560 2714 nbi
577 2663 686 2726 dubites,
711 2665 844 2716 dativusns
862 2665 994 2728 citemus,
1013 2681 1046 2716 au
1064 2666 1204 2728 ablativus;
1228 2674 1259 2718 ut
1275 2668 1330 2717 Vir·

215 2734 274 2799 gilii
291 2733 356 2783 illud
374 2733 404 2782 de
421 2731 530 2798 Sibylla,
549 2734 611 2783 Aen.
629 2732 674 2798 VI,
692 2735 732 2785 99.
767 2733 940 2797 „Horrendus
957 2737 1032 2784 canit
1048 2736 1185 2799 ambages,
1209 2742 1333 2800 antroque

215 2801 355 2866 remugit‘:
374 2806 399 2850 et
418 2800 496 2851 Statii
513 2800 590 2850 Theb.
609 2798 667 2864 ΧΠ,
684 2803 742 2852 274.
761 2801 791 2851 de
809 2800 897 2851 Cerere
915 2806 940 2852 et
958 2801 1100 2853 Encelado:
1117 2803 1214 2868 „Illius
1231 2806 1330 2854 imanis

215 2868 357 2920 ululatibus
383 2871 439 2934 ipsa
461 2869 572 2935 remugit
588 2868 754 2933 Enceladus,
778 2875 909 2935 raptoque
931 2873 990 2920 vica
1013 2871 1150 2921 illuminat
1167 2874 1253 2935 igni.“
1286 2870 1329 2921 nbi

215 2942 277 2999 esto,
295 2939 317 2988 si
335 2940 372 2988 ita
389 2938 438 3000 vis,
457 2937 572 2998 dativus3
596 2937 659 2987 adse
676 2942 706 2987 ut
722 2940 857 3001 reneagire
873 2938 915 2988 hic
934 2938 970 2988 sit
988 2944 1082 2990 contra
1105 2943 1224 3004 mugire:
1248 2945 1328 2992 amen

214 3007 292 3069 vides,
310 3007 415 3072 opinor,
432 3005 540 3059 multum
556 3007 691 3066 iuteressc;
715 3009 810 3056 ettam
827 3010 885 3072 apte
903 3010 977 3056 etex
994 3022 1052 3056 vero
1070 3006 1183 3057 dativum
1200 3009 1243 3058 bic
1261 3008 1330 3074 poni,

215 3092 290 3140 quam
313 3075 382 3141 apud
398 3074 534 3125 Horatium
557 3074 635 3144 stulte
657 3078 684 3123 ct
700 3072 795 3139 inepte.
830 3073 932 3140 Quippe
950 3074 1054 3140 Sibylla
1072 3079 1097 3125 et
1110 3073 1263 3126 Enceladus
1280 3075 1328 3126 cla·

214 3160 309 3195 morem
327 3160 357 3197 er
373 3159 400 3193 se
417 3143 503 3206 edere,
528 3149 553 3193 et
576 3147 665 3192 eontra
687 3142 786 3206 mugire
803 3150 922 3205 possunt:
945 3147 1136 3193 tremulantem
1154 3148 1231 3208 atque
1249 3147 1326 3194 ianua

214 3212 314 3262 nnllam
330 3217 420 3276 suapte
437 3212 463 3261 vi
479 3210 579 3261 iaciunt
596 3209 744 3275 strepitum
762 3210 806 3260 sed
823 3215 911 3271 totum,
931 3215 1040 3275 quantus
1058 3216 1168 3276 quantus
1184 3217 1232 3274 est,
1250 3211 1326 3262 ventis

214 3284 346 3346 acceptum
363 3280 481 3330 referunt
518 3277 591 3334 Quod
609 3279 641 3341 si,
658 3277 698 3327 his
716 3279 809 3342 spretis
826 3278 952 3328 obstinate
970 3279 1052 3329 adhuc
1071 3280 1205 3344 quisquam
1222 3280 1325 3330 retinere

215 3348 278 3397 velit
300 3350 398 3413 cenni,
425 3347 448 3397 is
471 3346 548 3396 aliam
566 3346 631 3395 viam
655 3345 772 3396 insistere
795 3347 890 3411 possit,
917 3352 943 3396 et
966 3363 1012 3411 pro
1036 3352 1063 3397 ot
1078 3347 1161 3412 legere
1179 3362 1228 3398 en:
1254 3354 1325 3411 atque

215 3415 296 3476 idem,
321 3431 378 3465 oum
396 3418 494 3464 vetusto
511 3413 598 3465 codiee
614 3413 741 3475 Fabricii,
766 3414 919 3464 commodius
937 3420 990 3464 tum
1008 3415 1092 3481 leget,
1116 3416 1202 3466 Audi:
1236 3415 1324 3479 „Audi

216 3498 267 3547 qno
285 3485 399 3546 strepitu
416 3484 508 3545 ianua,
518 3497 570 3547 qno
587 3481 761 3532 nauminia·
775 3483 873 3547 palera
890 3487 978 3532 satum
996 3488 1064 3534 lecta
1073 3487 1210 3548 remugiat
1218 3483 1323 3536 Versa!

217 3566 257 3614 eu,
275 3552 376 3615 poeitae
393 3554 424 3599 nt
438 3549 539 3614 glaciet
556 3553 629 3600 nivea
646 3551 718 3600 Patre
738 3555 847 3601 numine
864 3550 1018 3617 Iuppiterl‘·

285 3619 307 3670 8.
325 3617 398 3667 Puro
421 3620 530 3668 numine
547 3617 678 3684 Iuppiter]
713 3618 832 3669 Nondum
855 3635 884 3669 ex
908 3617 1034 3670 salebroso
1052 3620 1100 3670 hoo
1116 3619 1173 3669 loco
1191 3620 1325 3671 evasimus:

215 3687 278 3751 quid
295 3685 363 3736 enim
379 3685 430 3736 sibi
445 3685 514 3747 vult,
536 3701 606 3752 para
624 3689 751 3737 namins?
784 3689 902 3752 „panias
925 3692 956 3737 at
976 3687 1078 3752 glaciet
1102 3690 1175 3738 nives
1193 3688 1264 3739 Puro
1280 3702 1325 3737 na-

215 3758 287 3805 mina
309 3754 456 3820 Iuppiter.“
490 3769 540 3819 qua
562 3754 591 3803 iu
613 3754 721 3805 lectione
744 3753 844 3804 codices
866 3755 947 3805 nostri
976 3770 1062 3805 omnes
1090 3756 1260 3809 consentiunt.
1291 3755 1326 3806 Et

214 3822 332 3874 laborant
350 3821 452 3888 quidem
469 3822 637 3888 Interpretes,
662 3823 739 3887 inque
757 3838 842 3874 omnes
860 3828 944 3888 partes
968 3839 994 3873 se
1019 3827 1132 3883 vertunt3
1156 3824 1229 3875 nulla
1246 3830 1322 3875 nmen

216 3892 308 3943 certior
325 3897 364 3941 est
381 3890 531 3955 explicatio,
555 3905 629 3955 quam
647 3907 711 3955 quae
735 3890 796 3941 olim
820 3892 1025 3957 aPorphyrioue
1047 3892 1161 3957 proiecta
1184 3897 1236 3957 cst,
1258 3906 1323 3958 para

215 3963 332 4023 numine,
349 3959 397 4009 hoo
415 3965 453 4009 est
470 3957 533 4009 sudo
550 3962 576 4007 et
593 3974 680 4008 sereno
698 3958 779 4011 caelo:
798 3962 903 4023 ,‚nam‚“
922 3964 952 4009 ut
968 3960 1014 4023 ait,
1031 3963 1203 4026 „postnivem
1214 3962 1324 4027 positam

215 4032 244 4078 ia
253 4026 385 4093 Aquilone
402 4032 479 4078 vento
497 4042 592 4077 amena
611 4031 665 4078 tam
684 4026 839 4088 eraesolaat,
855 4026 1321 4094 praesertiminllalialreqaenier.“

214 4096 295 4160 Atqui
312 4110 364 4145 nou
380 4112 432 4146 uua
449 4094 480 4145 de
498 4110 572 4144 causa
589 4112 641 4146 non
658 4095 743 4162 placet
759 4095 820 4145 haec
838 4095 972 4146 crematio.
1003 4096 1106 4148 Etenim
1123 4097 1214 4162 primo,
1232 4109 1321 4147 autnon

214 4164 285 4214 Iouis
304 4164 357 4215 sive
375 4165 441 4215 aeris
458 4163 500 4214 hic
518 4163 637 4230 ponitur,
661 4169 788 4228 tamquam
804 4178 899 4216 cauam
917 4162 1067 4229 gelationis:
1085 4180 1145 4230 ergo
1162 4165 1213 4216 talc
1231 4164 1321 4230 epithe-
