2810 4764
236 276 298 347 216
621 299 652 358 q.
675 298 817 346 noasmr
838 299 962 348 rnacer

292 433 464 498 thaevum
485 432 628 499 marinae
650 432 704 516 qui
726 432 858 499 Veneris
880 434 966 499 latus

322 517 478 584 Custodit.
522 517 583 597 hic,
604 518 657 583 hic
677 517 785 603 ponite
806 519 914 584 lucida

361 602 507 682 Funalia,
530 610 562 668 et
582 603 692 680 vectis,
715 609 748 667 et
768 623 862 670 arcus

439 688 604 773 Oppositis
626 688 749 754 toribus
769 689 921 755 minaces.

319 773 346 840 Ο
369 793 452 856 qnae
474 773 601 839 beatam
623 772 707 839 Diva
728 778 818 840 tenes
841 773 994 858 Cyprum,
1017 781 1049 840 et

277 870 307 922 ιο
320 858 481 945 Memphin
503 863 663 924 carentem
686 858 831 926 Sithonia
852 858 934 937 nive,

361 942 494 1031 Regina,
518 944 645 1010 sublimi
668 943 797 1026 flagello

438 1031 551 1111 Tange
574 1028 694 1095 Chloen
717 1030 816 1095 semel
837 1033 1050 1111 arrogantem.

724 1198 859 1266 XXVII.

586 1319 654 1385 AD
683 1318 996 1385 GALA'PEAM.

316 1452 426 1538 Inpios
448 1474 563 1539 parrae
585 1454 755 1520 recinentis
777 1473 871 1531 omen

314 1539 429 1617 Ducat,
452 1545 485 1605 et
506 1559 691 1625 praegnans
713 1538 811 1617 canis,
834 1544 891 1603 aut
912 1537 954 1602 ab
977 1556 1056 1619 agro

316 1624 406 1689 Rara
427 1623 598 1691 decurrens
620 1625 654 1690 lu
678 1644 698 1689 a
720 1621 896 1701 Lanuvino,

433 1710 597 1793 Foetaque
619 1646 742 1796 seipas.

301 1862 324 1911 7.
342 1859 380 1910 Et
396 1865 485 1924 arcere]
509 1865 587 1911 Arma
603 1861 725 1921 nominat,
744 1856 837 1924 quibus
854 1857 928 1909 aedes
945 1858 1083 1907 amicarum
1099 1873 1245 1924 expugnare
1263 1861 1364 1912 solitus

231 1931 284 1980 est:
300 1927 369 1992 ‚‚uu,
388 1930 432 1979 hic
448 1932 540 1995 ponite
558 1929 648 1980 lucido
664 1928 791 1990 Manlia,
809 1932 835 1978 ct
851 1931 943 1989 ocche,
962 1932 987 1976 et
1005 1941 1084 1976 orcroe
1099 1925 1231 1991 opposita
1242 1927 1363 1990 foribus

231 1998 372 2047 minaces.“
389 1997 435 2047 ubi
452 1997 517 2048 illud
533 1997 643 2048 libenter
659 1996 807 2057 didicerim,
826 2010 876 2059 quo
893 1995 942 2044 tine
960 1994 1047 2044 Arcas
1064 1993 1177 2045 adhiberi
1195 2001 1308 2061 possent
1327 1998 1362 2048 ad

230 2063 296 2114 tores
314 2064 492 2130 effringendas.
528 2066 612 2115 Silent
628 2065 670 2115 hic
689 2065 857 2129 interpretes,
882 2062 954 2127 quasi
978 2062 1045 2112 nihil
1067 2062 1095 2111 iu
1113 2078 1177 2112 nuce
1195 2064 1253 2114 duri
1271 2073 1361 2121 esset:

230 2137 258 2182 at
279 2148 325 2182 nos
348 2133 397 2183 hoe
420 2134 523 2184 omnino
547 2150 597 2184 non
621 2148 711 2198 capere
741 2130 848 2182 candide
872 2130 1025 2197 profitemur.
1061 2130 1092 2179 In
1115 2131 1230 2196 margine
1255 2133 1362 2184 codicis

229 2200 381 2265 Reginensis
406 2202 443 2251 sic
466 2202 581 2268 repperi,
608 2201 728 2266 „Arma
752 2200 848 2264 quibus
870 2202 1000 2249 ianitores
1023 2201 1168 2248 terreant.“
1202 2201 1236 2249 ht
1259 2200 1361 2252 Noster

230 2285 288 2320 suos
306 2284 379 2319 arcus
396 2270 460 2335 ipsis
478 2273 582 2334 ianuis,
605 2285 657 2319 non
681 2268 857 2329 ianitoribus,
880 2267 990 2317 minaces
1015 2282 1068 2317 esse
1085 2266 1156 2319 dicit.
1192 2266 1244 2317 Gur
1266 2275 1360 2319 autem
1396 2272 1397 2321 4

228 2337 350 2390 ianitores
368 2342 524 2403 terreantur,
548 2338 571 2389 si
588 2342 646 2404 post
662 2337 727 2387 iores
746 2339 882 2402 oppositas
905 2336 955 2384 tuti
982 2334 1140 2385 consistant?
1177 2335 1258 2398 Quid,
1283 2339 1360 2402 quod
1396 2326 1397 2353 ¹

229 2407 337 2473 sagittae
355 2422 406 2455 non
424 2411 496 2456 erant
520 2421 589 2456 arma
612 2404 757 2457 amantibus
781 2409 854 2469 apte3
879 2419 934 2452 oum
959 2403 1013 2452 sine
1037 2403 1120 2452 caedis
1144 2404 1258 2468 periculo
1282 2406 1360 2457 mitti

228 2492 280 2525 non
297 2478 408 2540 possent.
443 2474 612 2530 Quamobrem
629 2473 694 2534 ride,
712 2488 744 2522 ne
762 2472 827 2522 forte
844 2471 881 2521 sic
899 2472 1031 2537 scripserit
1047 2470 1178 2535 Horatius,
1205 2470 1358 2536 „Fusalla

229 2551 256 2594 et
270 2545 356 2603 vectu,
366 2557 514 2607 securesque
525 2540 772 2608 Oppoeitirforr‘bus
786 2541 929 2590 minacer.“
948 2538 991 2588 ubi
1001 2538 1148 2604 Quaprimo
1162 2540 1283 2591 omissum
1298 2550 1359 2592 eret
1395 2566 1396 2583 u

229 2609 392 2670 aLibrariis3
410 2615 498 2675 utpote
511 2610 579 2659 ultra
590 2613 697 2659 metrum
712 2624 853 2669 excurrens,
869 2611 894 2657 et
912 2608 1028 2672 sequenti
1045 2609 1129 2657 versui
1146 2608 1357 2673 adiungendum:
1395 2592 1396 2659 i

228 2679 273 2745 qni
290 2676 418 2727 sollemnis
436 2694 522 2727 eorum
541 2693 610 2727 error
628 2682 674 2740 est,
692 2693 748 2726 curn
762 2676 829 2741 apud
837 2676 923 2738 Hunc,
939 2681 993 2726 turn
1002 2675 1071 2740 apud
1080 2674 1224 2739 Virgilium.
1249 2678 1356 2740 Postea,

228 2762 285 2796 cnm
297 2745 344 2795 alii
357 2746 442 2796 deesse
455 2745 572 2795 viderent
587 2744 804 2806 coniunctionsm;
823 2746 964 2809 provectis
980 2758 1091 2802 recures,
1110 2759 1161 2793 nou
1177 2743 1239 2794 adeo
1256 2761 1357 2811 magna

228 2813 375 2875 mutatione,
394 2818 475 2864 uectis
493 2818 519 2862 et
535 2828 614 2862 arcera
631 2828 662 2862 ex
679 2813 826 2862 coniectura
843 2812 978 2863 commenti
995 2815 1062 2862 sunt.
1081 2812 1135 2861 Iam
1147 2818 1233 2862 autem
1244 2828 1356 2864 secures
1394 2860 1395 2863 ,

228 2898 284 2931 cunr
302 2882 417 2931 uectibus
436 2886 461 2931 et
478 2879 617 2941 bucalibus
635 2881 809 2951 comissatores
828 2879 910 2930 ebrios
929 2895 1012 2929 secum
1026 2884 1127 2945 portare
1139 2880 1236 2942 solitos,
1255 2882 1355 2946 quibus
1394 2874 1395 2965 l

227 2949 313 3000 domos
338 2949 476 2999 amicarum
502 2953 661 3014 expugnent,
692 2949 764 2998 testis
789 2954 827 2999 est
850 2948 998 2998 Theocritus
1022 2949 1050 2997 in
1073 2948 1279 2999 Pharmaceutria
1304 2952 1354 3013 [IL

230 3019 287 3082 128]
322 3012 359 3067 Εἰ
382 3010 411 3067 δ’
437 3011 503 3083 ἄλλᾳ
526 3012 559 3083 μ’
586 3010 697 3079 uisite,
720 3013 766 3097 grui
789 3011 806 3065 ἆ
829 3015 902 3100 dopo
925 3011 952 3067 εἴ
967 3031 1011 3067 ero
1028 3014 1138 3083 μοχλῷ,
1164 3014 1279 3073 Πάντως
1304 3019 1353 3069 καὶ

227 3086 417 3136 linarium
439 3083 484 3136 rai
501 3086 701 3135 ΛΑΜΠΑΔΕΣ
718 3088 805 3146 ardor
829 3080 866 3152 ἒφ
899 3079 914 3134 ὖ
950 3101 989 3139 ας.
1023 3084 1131 3134 Plautus
1156 3085 1248 3135 Bacch.
1267 3086 1306 3146 V,
1328 3090 1351 3138 i.
1393 3118 1394 3145 2

228 3157 260 3219 [r.
279 3156 321 3217 31]
349 3155 426 3218 „iube
448 3158 499 3218 ria,
524 3158 643 3203 actutum
667 3156 771 3219 operiri
793 3154 878 3215 fores,
932 3156 967 3202 isi
988 3152 1111 3203 mavoltis
1127 3151 1201 3213 foros
1218 3158 1244 3203 et
1259 3148 1352 3220 poetes
1393 3164 1394 3211 l

227 3224 372 3273 comminui
388 3221 545 3288 securibus“.
570 3221 688 3271 Lucilius
706 3220 774 3286 apud
791 3221 904 3271 Nonium
921 3238 945 3273 v.
962 3220 1075 3286 Anceps.
1093 3224 1128 3285 [p.
1139 3222 1197 3282 245,
1218 3222 1349 3286 illidere]
1393 3216 1394 3269 l

224 3288 555 3408 adulatoriae
570 3288 1037 3423 ttt⁰.⁹ttttt²f.⁶tttttt,tt
1051 3288 1211 3407 batth
1224 3293 1348 3408 “ltili
1392 3362 1393 3381 .

415 3395 421 3407 ο
1187 3398 1192 3409 a
1338 3387 1349 3397 ⁸
1392 3394 1393 3421 l

226 3426 303 3490 cipite·
318 3424 394 3485 ferro
413 3397 585 3491 est'bipenrrr,
601 3429 697 3475 accreri.
732 3424 824 3489 Virgil.
841 3428 904 3477 Aen.
923 3426 958 3486 11,
969 3427 1026 3477 480.
1061 3424 1139 3490 „Ipse
1156 3427 1228 3476 inter·
1243 3428 1349 3491 primos
1392 3424 1393 3427 ’

226 3497 350 3558 correpta
374 3493 443 3544 duro
465 3492 573 3559 bipenni
595 3492 702 3543 Limina
723 3496 888 3559 perrumpit,
912 3498 1050 3558 postesque
1073 3508 1090 3541 a
1114 3493 1224 3544 cardine
1247 3494 1348 3544 oeilit“

224 3562 304 3611 Porro
321 3576 418 3611 versu
436 3564 452 3614 9
470 3577 516 3627 pro
527 3560 606 3611 'tener
625 3560 743 3628 Cyprum
761 3561 824 3610 male
842 3562 989 3627 praeierunt
1007 3560 1100 3610 vetusti
1123 3559 1227 3626 qnidam
1245 3561 1347 3613 codices

225 3630 309 3694 regia,
335 3632 364 3679 nt
381 3645 411 3678 ex
434 3629 528 3679 nostris
546 3630 716 3690 Gmevianus,
739 3629 906 3694 Baginensis,
929 3628 1102 3693 Battelianus,
1126 3634 1152 3679 et
1174 3629 1262 3690 Gelai3
1287 3647 1347 3680 nem
1391 3626 1392 3641 ¹

224 3699 305 3762 regie,
323 3694 427 3762 Regina
444 3697 562 3762 putidum
580 3697 655 3762 plane
673 3702 719 3747 est.
754 3698 908 3747 Rectorem
931 3696 1009 3748 iidem
1035 3712 1092 3748 cunr
1110 3696 1231 3749 Leidensi
1248 3703 1275 3748 et
1292 3699 1346 3749 edi·

224 3767 293 3817 tione
311 3765 414 3829 Veneta,
433 3765 576 3832 disruptum,
593 3782 644 3815 non
663 3764 812 3830 Memphim.

292 3835 316 3885 4.
334 3832 468 3899 Foetuquc
485 3833 586 3898 vulpes]
605 3833 672 3883 Olim
695 3849 711 3882 a
734 3832 859 3885 Librariis
884 3831 1013 3883 turbatum
1037 3836 1075 3883 est
1099 3833 1126 3883 in
1150 3833 1198 3884 hoc
1221 3833 1345 3885 vocabulo

223 3900 313 3953 Foeta.
348 3902 500 3952 Blandinius
518 3917 584 3951 unns
602 3901 670 3966 apud
690 3900 841 3967 Ornquium,
860 3901 1014 3965 Pacataque,
1033 3900 1097 3951 alter
1114 3900 1259 3966 Fer-taque:
1284 3902 1344 3954 Lei·
1389 3910 1391 3961 t

223 3968 308 4021 densis
325 3974 412 4021 noster
428 3987 474 4035 pro
492 3969 564 4019 varia
580 3968 701 4019 Lectione
718 3967 852 4035 Fataque:
871 3969 1027 4019 Graevianus
1042 3967 1172 4034 Factaque
1189 3974 1215 4019 et
1232 3969 1260 4020 in
1278 3986 1344 4021 mar·

222 4039 282 4102 gine
301 4036 442 4104 Forteque.
478 4037 599 4088 Nicolaus
617 4036 739 4087 Heinsius
757 4038 784 4086 in
803 4053 847 4086 ora
864 4037 1015 4102 exemplaris
1033 4037 1088 4101 sui,
1106 4036 1231 4100 ,‚Forte,“
1248 4038 1342 4103 inquit,

222 4105 382 4171 ,Jorduque
399 4107 516 4173 culper.“
550 4104 650 4155 Nollem
673 4104 720 4155 hoc
745 4106 833 4155 aviro
856 4104 952 4155 illustri
981 4106 1130 4172 protectum.
1165 4104 1257 4157 Fordu
1275 4108 1342 4157 enim

223 4170 253 4220 de
272 4174 341 4235 boue,
360 4189 450 4239 vacca,
468 4172 632 4239 peculiariter
651 4171 762 4233 dicitur3
788 4188 838 4223 uon
857 4172 887 4223 de
905 4173 984 4239 volpe
1008 4178 1052 4224 aut
1068 4173 1154 4238 aliqua
1172 4174 1234 4225 iera.
1269 4174 1340 4225 ovid.

222 4236 291 4289 Fast.
309 4239 353 4304 IV,
363 4243 420 4294 630.
456 4240 616 4307 „Pontifices
633 4240 705 4291 forda
721 4255 800 4291 sucro
819 4241 894 4291 litate
910 4240 981 4293 bore.
1015 4241 1107 4292 For-do
1124 4241 1214 4302 ferens
1231 4243 1278 4293 boe
1295 4248 1340 4307 ert,
