2842 4758
228 201 290 264 388
613 213 645 274 o.
668 213 809 261 norrun
829 213 951 261 rancor

290 349 391 412 Multa
412 352 578 433 poetarum
600 346 708 415 veniet
727 367 850 430 manus,
872 346 991 413 auxilio
1012 365 1095 430 quae

289 432 339 497 Sit
360 432 437 497 mihi
457 439 544 511 (nam
565 432 665 497 multo
687 433 795 517 plures
818 435 940 510 sumus)
962 451 1001 497 ac
1021 431 1118 497 veluti
1140 437 1175 497 te

291 517 412 595 ludaei,
435 536 586 599 cogemus
608 515 642 581 in
662 517 745 582 banc
766 516 938 583 concedere
959 516 1094 581 turbam.

629 664 870 786 ncnoen
905 665 990 783 u'

291 855 466 935 Egressum
487 872 606 936 magna
627 874 679 920 me
700 854 822 939 accepit
843 851 949 917 Aricia
968 853 1069 918 Roma

267 988 272 999 ,
291 938 437 1023 Hospitio
458 937 598 1004 modico:
620 938 727 1005 rhetor
748 957 855 1003 comes
876 936 1076 1016 Heliodorus,

293 1025 487 1090 Graecorum
507 1024 603 1106 longe
624 1022 842 1090 doctissimus:
864 1020 939 1087 inde
959 1023 1077 1087 Forum
1098 1024 1194 1109 Appi,

292 1108 460 1173 Differtum
481 1108 599 1188 nautis,
621 1107 818 1195 cauponibus
838 1113 936 1189 atque
957 1106 1115 1189 malignis.

261 1195 360 1258 5Hoc
380 1193 441 1259 iter
461 1192 571 1274 ignavi
592 1192 768 1271 divisimus,
790 1192 888 1257 altius
909 1211 948 1257 ao
968 1211 1027 1265 nos

293 1276 485 1343 Praecidetis
508 1298 621 1343 unum:
643 1276 748 1344 minus
770 1282 820 1343 est
840 1275 949 1358 gravis
969 1276 1076 1362 Appia
1097 1276 1207 1343 tardis.

292 1361 352 1426 Hic
373 1382 444 1444 ego,
467 1370 596 1449 propter
616 1382 744 1445 aquam,
766 1361 852 1445 quod
873 1368 944 1435 erat
964 1361 1132 1444 teterrima,
1154 1362 1265 1429 ventri

291 1446 401 1512 Indico
423 1447 552 1525 bellum,
575 1446 716 1513 cenantis
737 1446 825 1511 haud
846 1446 951 1511 animo
973 1466 1076 1529 aequo

293 1533 490 1617 Exspectans
512 1532 652 1601 comites.
695 1532 761 1598 iam
781 1550 846 1596 nox
866 1530 1015 1597 inducere
1037 1530 1129 1598 terris

251 1629 280 1677 10
294 1618 439 1690 Umbras,
463 1623 495 1683 ct
516 1619 605 1683 caelo
628 1616 805 1683 diffundere
828 1616 922 1698 signa
943 1616 1086 1701 parabat.

291 1704 373 1766 Tum
395 1702 486 1787 pueri
506 1702 623 1780 nautis,
645 1702 755 1788 pueris
776 1699 918 1771 convicia
938 1707 1056 1766 nautae

291 1787 449 1869 Ingerere.
493 1788 564 1853 Huc
585 1786 729 1872 adpelle:
751 1792 910 1852 trecentos
929 1786 1060 1852 inseris:
1083 1786 1143 1851 ohe

292 1873 362 1936 Iam
384 1871 463 1938 satis
485 1878 543 1938 eet.
585 1875 671 1936 Dum
693 1892 749 1936 aes
772 1871 920 1954 exigitur,
943 1871 1019 1935 dum
1040 1870 1128 1936 mula
1148 1869 1283 1952 ligatur,

292 1958 374 2021 Tota
396 1957 463 2022 abit
483 1956 572 2021 bora.
616 1956 692 2021 mali
714 1955 841 2034 culices,
864 1974 1025 2039 ranaeque
1047 1956 1208 2041 palustres

251 2055 279 2102 15
295 2043 450 2106 avertunt
472 2061 609 2106 somnos.
653 2041 817 2106 absentem
841 2046 876 2105 ut
897 2047 1005 2105 cantat
1025 2040 1160 2106 amicam

291 2127 393 2191 Multa
413 2127 558 2211 prolutus
580 2147 686 2212 vappa
707 2133 815 2205 nauta,
838 2132 934 2208 atque
956 2125 1058 2191 mator

328 2261 353 2294 v.
375 2246 431 2295 141.
455 2243 529 2309 Vulg.
542 2243 658 2305 ¹Veniat.
692 2246 716 2298 ’1.
733 2244 891 2303 Detem'ruu.
927 2246 967 2296 15.
986 2242 1121 2294 Absentem
1138 2247 1231 2295 cantat

229 2379 290 2428 dum
314 2378 437 2431 constitui
460 2378 547 2432 debet:
573 2381 638 2443 „cui
660 2381 686 2427 rt
708 2380 850 2430 concedere
872 2379 956 2441 noles,
982 2378 1070 2429 Multa
1092 2380 1233 2443 poetarum
1257 2379 1354 2430 veniet

229 2462 337 2509 murras,
362 2445 469 2502 11111111
494 2463 558 2512 quae
582 2446 625 2497 Sit
640 2447 733 2497 milri.“
766 2450 801 2499 Δ1
816 2448 906 2498 Editio
923 2447 1006 2513 prime
1023 2447 1120 2497 Veneta
1137 2462 1194 2496 cum
1210 2445 1354 2498 codicibus

227 2515 339 2578 aliquot,
366 2514 537 2580 auaitioqae:
563 2515 660 2566 Veneta
684 2515 764 2566 altera
787 2530 843 2566 cum
870 2515 1041 2567 Loscheriana
1063 2513 1255 2578 auxiliumque.
1295 2515 1353 2566 Ubi

228 2586 312 2632 autem
335 2598 386 2647 que
409 2583 486 2632 semel
503 2582 640 2633 admissum
657 2587 696 2633 est
712 2582 769 2633 loco
787 2599 868 2648 quam
887 2582 999 2633 restabat
1016 2587 1045 2633 ut
1062 2584 1153 2632 veniat
1168 2587 1352 2646 reponeretur,

227 2664 277 2713 quo
288 2650 374 2714 aptius
391 2650 538 2701 conveniret
554 2665 611 2700 cnm
627 2653 670 2702 rit.
698 2649 794 2701 Veniet
807 2655 889 2701 tamen
904 2657 971 2701 reete
986 2650 1094 2701 habetur
1105 2651 1132 2699 in
1143 2649 1351 2714 Zuliclremiano,

226 2724 253 2767 et
269 2733 320 2766 uno
332 2718 491 2771 Bersmanni.
518 2716 614 2768 Veniet
630 2733 719 2768 manus
736 2719 870 2784 poetarum
887 2723 913 2770 11
930 2734 1060 2783 cogemur.
1086 2720 1115 2767 Si
1132 2720 1223 2768 veniat
1238 2720 1351 2782 retines,

226 2785 315 2848 utique
339 2784 473 2835 dicendum
496 2785 546 2834 erit
569 2800 702 2849 cogamur.
744 2788 851 2837 Ioannes
877 2785 1074 2837 saresberiensis
1092 2787 1146 2846 HI,
1174 2787 1213 2838 13.
1237 2789 1273 2850 [p.
1297 2790 1350 2840 193

226 2856 289 2904 extr.
308 2851 347 2903 ed.
364 2852 395 2903 L.
414 2854 442 2902 B.
462 2854 537 2916 1639]
573 2853 667 2916 ,,111111
690 2854 775 2904 multa
793 2854 964 2906 adulatorum
981 2854 1067 2905 veniet
1083 2869 1192 2915 munuc,
1218 2858 1244 2903 et
1260 2855 1351 2906 ueluti

227 2925 253 2970 te
269 2919 365 2970 Iudaei
381 2925 478 2984 cogeret
494 2922 522 2970 ia
539 2936 616 2971 suam
634 2921 777 2972 concedere
794 2923 926 2974 turbem.“
960 2923 1037 2973 Recte
1055 2927 1152 2983 antem,
1170 2924 1259 2971 veniet
1275 2939 1349 2987 quae

225 2990 275 3038 sit:
293 2992 323 3038 ut
339 2988 435 3040 Seneca
451 2989 508 3040 loco
525 2989 612 3054 paullo
630 2993 689 3039 ante
706 2990 808 3040 laudato
825 2991 909 3055 Epist.
928 2989 1006 3040 LXV.
1025 2989 1052 3055 [ξ
1072 2992 1096 3052 1]
1131 2990 1348 3052 „Intervenerant

226 3057 1344 3191 1111111111111,11111111111111,11

225 3193 303 3254 nolis,
321 3207 367 3257 pro
384 3192 464 3255 11111,
482 3191 546 3242 celis
562 3193 659 3258 passim
675 3193 835 3243 substituunt
852 3193 982 3245 11111111.Δ

294 3262 317 3311 l.
353 3259 466 3325 Propter
493 3275 604 3324 uquam,
632 3260 704 3325 qued
727 3267 786 3311 erat
809 3262 962 3324 detera-ima]
997 3260 1081 3310 (lodex
1099 3260 1346 3312 Pulmunnianorunr

226 3327 337 3390 optimus
349 3330 497 3377 teterrima:
516 3327 583 3391 quod
593 3328 692 3393 placet:
712 3329 761 3379 etsi
778 3333 803 3379 et
821 3329 926 3379 alterum
944 3327 1008 3379 bene
1026 3345 1052 3378 se
1069 3327 1167 3378 habeat
1185 3329 1227 3378 lta
1235 3330 1344 3393 Proper·

226 3394 278 3443 tius
296 3397 321 3443 et
338 3394 486 3457 Lucretius,
505 3397 590 3460 [Prop.
609 3398 644 3458 ΙΙ,
663 3398 703 3458 24,
722 3398 765 3458 nt]
785 3402 986 3458 terraconem,
1010 3396 1096 3459 [Lucr.
1113 3398 1141 3460 1,
1159 3398 1223 3455 9363
1246 3396 1291 3459 IV,
1312 3399 1341 3448 11

225 3463 329 3523 11124]
354 3466 422 3512 tetra
446 3463 586 3513 absinthia.
621 3463 692 3514 Idem
709 3464 759 3525 VI,
784 3466 825 3517 21.
851 3467 903 3528 [22]
940 3465 1059 3528 „Partim
1083 3463 1155 3528 quod
1174 3467 1241 3514 tetro
1266 3466 1344 3529 quari

225 3543 405 3593 compar-carc
422 3533 535 3594 sapore.“
554 3535 580 3581 et
596 3531 631 3596 II,
650 3533 707 3584 509.
721 3534 790 3594 [510]
818 3530 959 3597 ,‚Namqae
976 3532 1038 3582 eliis
1055 3523 1132 3582 atiud
1147 3537 1220 3581 retro
1239 3547 1343 3597 quoque

225 3597 317 3647 tetrius
336 3602 402 3648 erret
417 3596 549 3660 Naribus,
573 3601 698 3663 auritas,
722 3604 802 3664 utque
820 3601 918 3663 111111,
941 3601 1042 3664 orisque
1060 3599 1172 3665 sapori.“
1205 3603 1342 3651 teterrima

226 3664 314 3731 igitur,
333 3666 393 3730 quia
409 3670 436 3716 et
452 3665 518 3716 malo
536 3682 634 3732 sapore,
653 3673 678 3716 11
694 3666 840 3719 insalubris.

297 3735 335 3786 15.
370 3733 510 3784 Absentem
528 3739 620 3786 cantat
637 3737 759 3797 amicum]
794 3736 956 3786 Torrentiani
972 3735 1071 3786 codices
1089 3751 1140 3784 non
1157 3734 1234 3799 pauci
1251 3736 1340 3785 abren-

227 3806 278 3851 tem
294 3807 332 3851 at
348 3806 453 3864 cantat,
477 3802 545 3866 qnod
569 3803 632 3868 quid
654 3803 689 3853 sit
712 3804 809 3854 nescire
832 3820 859 3854 se
878 3803 1020 3854 confltetur.
1054 3806 1089 3855 Δ1
1111 3819 1123 3852 e
1147 3818 1190 3852 sex
1206 3802 1341 3852 Pulmanni

225 3868 294 3918 hand
311 3869 442 3935 pauciores
459 3870 572 3935 quinque
590 3870 657 3921 idem
675 3871 827 3935 praeferunt.
849 3868 930 3928 *auin
948 3871 1024 3922 etium
1042 3887 1073 3921 ex
1089 3871 1182 3921 nostris
1199 3869 1339 3931 Leidensis,

226 3936 361 3998 Galcanus,
378 3937 590 4002 Magdalenensis,
609 3939 807 4002 Franckerunus,
826 3944 852 3990 et
863 3956 878 3989 a
889 3940 971 4004 prima
983 3955 1059 3989 mann
1070 3938 1198 3988 Petrensis
1211 3939 1239 3987 in
1256 3938 1340 3988 eedem

226 4003 335 4055 lectione
352 4005 506 4071 conspirant
542 4008 631 4071 Neque
655 4023 711 4057 vero
736 4006 798 4071 quid
816 4007 867 4058 sibi
885 4007 946 4058 velit
970 4007 1035 4057 scire
1059 4005 1162 4056 difficile
1180 4010 1231 4055 est:
1260 4007 1338 4056 conti·

227 4072 328 4122 uuanda
345 4074 412 4122 enim
429 4075 554 4126 sententia
572 4074 655 4125 estin
673 4075 740 4138 hunc
758 4075 872 4137 modum,
901 4077 1049 4138 „absentem
1072 4081 1102 4124 ut
1119 4079 1213 4124 cantat
1229 4077 1338 4124 amicam

226 4137 313 4191 Multa
329 4141 453 4205 protatur
470 4156 559 4207 eappa
575 4148 660 4193 aerato
679 4149 757 4208 atque
773 4146 862 4193 vr'uter
883 4143 1025 4194 Certatim.-
1050 4141 1154 4204 tandem
1177 4141 1262 4200 furarer
1280 4142 1338 4192 dor·-
