2834 4758
226 264 288 329 256
617 280 649 339 o.
672 279 813 326 nonarn
836 278 959 327 nnaocr

307 411 438 478 Clarum
464 413 671 498 Tyndaridae
694 413 784 479 sidus
806 413 847 478 ab
869 413 985 481 infimis

307 496 453 575 Quassas
476 498 614 598 eripiunt
635 499 830 581 aequoribus
852 505 953 565 rates:

307 580 448 648 Ornatus
470 582 562 648 vindi
585 590 648 651 tem
673 604 729 649 ora
751 583 901 669 pampino

305 666 402 734 Liber
423 674 498 734 vota
519 669 620 735 bonos
643 606 731 735 (lucit
752 668 794 733 ad
817 669 931 734 exitus.

758 822 815 885 IX.

599 940 669 1003 Ab
704 939 965 1006 LOLLIUM.

305 1057 355 1121 Ne
378 1057 460 1121 forte
483 1055 595 1122 credas
620 1057 797 1135 interitura,
820 1077 904 1140 quae

305 1142 417 1223 Longe
440 1149 606 1207 sonantem
628 1150 724 1207 natus
746 1141 789 1207 ad
810 1142 961 1207 Aufidum

352 1228 424 1291 Non
448 1233 522 1292 ante
544 1228 692 1308 volgatas
714 1248 772 1312 per
793 1233 880 1292 artes

425 1312 531 1378 Verba
552 1313 666 1395 loquor
686 1312 839 1378 socianda
861 1311 1005 1394 chordis;

277 1394 388 1472 oNon,
412 1396 439 1462 si
461 1397 583 1481 priores
605 1399 769 1462 Maeonius
792 1403 880 1463 tenet

306 1480 407 1546 Sedes
429 1481 598 1561 Homerus,
620 1483 809 1548 Pindaricae
831 1485 932 1548 latent

348 1566 507 1648 Ceaeque,
529 1576 561 1631 et
581 1568 692 1634 Alcaei
712 1568 852 1633 minaces

424 1652 661 1735 Stesichorique
683 1672 799 1734 graves
822 1652 997 1720 Camenae:

305 1733 382 1812 Nec,
406 1736 433 1801 si
456 1737 534 1818 quid
556 1738 632 1802 olim
654 1739 731 1803 lusit
752 1741 928 1815 Anacreon,

263 1832 292 1882 ro
305 1819 433 1886 Delevit
453 1828 561 1886 aetas:
585 1822 686 1909 spirat
707 1823 813 1888 adhuc
835 1843 933 1902 amor,

346 1905 530 1988 Vivuntque
553 1908 703 1973 conmissi
728 1909 850 1972 calores

422 1992 555 2058 Aeoliae
576 1992 694 2057 fidibus
716 1994 854 2078 puellae.

303 2076 375 2140 Non
398 2078 468 2141 sola
490 2084 611 2142 comtos
633 2079 712 2142 arsit
733 2078 871 2143 adulteri

304 2159 409 2225 urinis
432 2168 464 2226 et
485 2183 599 2227 aurum
621 2163 765 2228 uestibus
788 2163 923 2240 inlitum,

263 2258 291 2306 15
347 2245 463 2310 Mirata
485 2249 668 2331 regalisque
690 2250 795 2312 cultus

420 2333 461 2397 nt
482 2333 622 2412 comites,
645 2334 766 2398 Helene
789 2334 952 2397 Lacaena:

302 2414 466 2482 Primusve
489 2421 613 2484 Teucer
634 2419 699 2483 tela
721 2418 865 2501 Cydonio

301 2499 426 2565 Direxit
447 2523 538 2567 arcu:
561 2524 624 2568 non
648 2505 747 2569 semel
769 2502 883 2579 llios*)

345 2586 484 2650 Vexata:
508 2607 570 2652 non
592 2589 749 2672 pugnavit
770 2588 885 2668 ingens

259 2681 289 2729 ro
423 2671 614 2737 Idomeneus
638 2673 847 2739 Sthenelusve
872 2673 961 2738 solus

301 2752 445 2818 Dicenda
466 2757 567 2822 Musis
589 2759 726 2841 proelia:
750 2778 813 2822 non
836 2758 924 2823 ieron

301 2837 429 2916 Hector,
452 2842 503 2905 vel
525 2861 599 2907 acer
620 2843 810 2927 Deiphobus
832 2843 941 2924 gravis

343 2923 477 3074 Excepit
498 2925 580 2991 ictus
603 2947 661 3012 pro
683 2927 809 3013 pudicis

448 3011 620 3093 oningibus
641 3013 814 3098 puerisque
837 3011 974 3096 primus:

258 3103 289 3154 25
302 3091 419 3158 Vixere
442 3095 540 3162 fortes
563 3103 637 3162 ante
659 3098 902 3178 Agamemnona

300 3177 406 3257 Multi;
431 3181 489 3246 sed
511 3201 621 3247 omnes
642 3182 890 3246 inlacrimabiles

219 3329 433 3392 praepositionem
451 3349 466 3382 a
484 3350 530 3383 suo
547 3334 623 3385 verbo
641 3335 778 3384 dissolvere
796 3350 871 3384 ausus
889 3336 934 3393 est,
954 3331 1045 3393 „Arca
1060 3329 1065 3398 Ι
1081 3335 1160 3397 reique
1177 3332 1243 3394 fider
1257 3333 1261 3402 Ι
1275 3350 1336 3400 pro·

220 3393 285 3458 dr'ga
300 3412 350 3460 por
365 3396 369 3463 Ι
386 3398 502 3450 lucidior·
519 3404 615 3452 vitro.“
641 3403 756 3453 Eandem
774 3403 861 3467 itaque
879 3400 977 3450 veniam
995 3402 1020 3449 et
1037 3401 1335 3467 speravitetimpetrarit
1411 3446 1412 3451 ,

217 3461 260 3510 hic
275 3463 305 3540 in
317 3465 492 3532 Perlacr'dtor,
511 3485 586 3533 quam
602 3470 656 3520 illie
673 3471 700 3520 in
712 3471 872 3535 Dctorquet3
891 3473 921 3518 ut
937 3468 1094 3533 praepositio
1104 3469 1334 3522 scilicetcsesnrsm

217 3533 350 3607 sustineat,
377 3540 505 3600 tamquam
523 3553 538 3587 a
557 3539 631 3588 verbo
649 3539 738 3589 divisa.
773 3539 803 3588 Id
822 3537 889 3602 quod
906 3537 1012 3598 frustra,
1038 3537 1145 3601 opinor,
1169 3544 1332 3603 expectasset3

216 3597 239 3647 si
262 3599 345 3649 invite
362 3601 430 3667 Lyra
454 3609 479 3655 et
504 3621 556 3655 non
582 3608 637 3656 sine
668 3608 769 3656 aurium
798 3608 900 3656 vulnere
925 3604 990 3653 illud
1013 3605 1136 3656 absonum
1160 3606 1331 3670 concinuisset,

217 3663 297 3731 „Non
316 3670 440 3722 incendia
461 3672 513 3722 Car
528 3672 532 3740 l
550 3675 668 3740 tbaginis
685 3678 811 3739 inspiac.“
846 3673 931 3722 Nullis
955 3672 1022 3722 enim
1047 3672 1158 3723 fidiculis
1176 3673 1261 3724 divelli
1276 3681 1330 3740 pot-

215 3739 253 3784 est
271 3751 300 3785 ea
317 3737 427 3803 syllaba;
445 3745 534 3805 utpote
551 3758 603 3792 non
621 3743 777 3793 extrinsecus
795 3742 921 3803 adducta,
940 3741 984 3790 sed
1002 3740 1136 3791 inhaerens
1153 3747 1179 3791 et
1196 3742 1282 3793 insita:
1306 3750 1330 3794 st

214 3803 322 3868 proinde
340 3807 372 3856 ad
389 3823 494 3871 pausam
511 3811 684 3861 sustinendam
709 3812 798 3876 inepta
822 3810 898 3876 plane
925 3814 951 3858 et
968 3808 1098 3859 inhabilis.
1134 3810 1234 3859 Habeat
1249 3811 1329 3875 itaque

215 3887 288 3921 suurn
306 3872 357 3923 sibi
374 3875 512 3943 Fabarias,
530 3882 556 3929 et
573 3879 695 3930 historiae
714 3883 740 3929 et
757 3880 820 3929 artis
830 3878 1020 3943 ignarissimus3
1038 3893 1119 3942 neque
1133 3878 1247 3928 candidis
1255 3879 1329 3930 stellis

215 3939 339 3990 maculam
357 3942 505 4010 inspergat:
530 3963 604 4011 quem
628 3948 651 3998 si
675 3947 792 3998 omnibus
818 3946 934 4011 vestigiis
957 3945 1081 4010 indagare
1105 3949 1131 3996 et
1158 3946 1327 4011 comprendere

215 4007 300 4123 capati
317 4014 552 4128 ⁵l¹¹¹¹s¹¹⁸3b⁰¹¹¹dll¹²⁸
569 4015 649 4065 lector
666 4015 706 4066 vel
722 4016 806 4081 ipsius
816 4015 922 4066 Horatii
940 4030 1023 4077 causa,
1042 4015 1115 4065 cuius
1132 4031 1172 4066 res
1186 4016 1228 4065 hic
1243 4015 1326 4081 agitur,

214 4089 245 4123 ro
258 4092 280 4124 rs
297 4093 351 4126 suas
380 4094 423 4129 ave
441 4080 471 4131 it.

265 4156 291 4207 l‘l
306 4158 370 4208 Ilion,
383 4165 573 4211 resumeretur
587 4169 620 4210 sd.
633 4178 653 4209 a.
670 4169 725 4214 llil,
741 4170 763 4208 ia
777 4170 868 4210 desuem
881 4170 912 4209 ed.
921 4170 996 4219 muel.
1009 4168 1083 4209 retecti
1096 4166 1175 4220 Beati]
