2810 4764
212 265 273 328 181)
600 277 633 337 o.
654 276 797 325 nomm
816 275 940 323 rnnccr

294 412 368 479 Tibi
388 411 521 494 qualum
541 409 721 497 Cythereae
741 429 823 497 puer
842 410 921 487 alce,
943 408 1002 474 tibi
1023 409 1104 475 telae

266 513 282 562 e
338 496 566 596 Operoencquc
586 498 749 596 llincrvec
769 495 911 562 studium
932 494 1047 572 aufert,
1067 495 1225 573 Neobulc,

335 584 486 667 lupureer
505 591 589 647 mtor
608 582 725 661 chn;

277 821 301 871 b.
319 817 449 884 Liparaei
468 821 543 868 nitor
559 819 653 882 Hebri,
671 817 760 883 liques
775 819 844 883 ipro]
868 817 899 867 In
922 815 1079 865 aditionibus
1101 815 1207 880 priscis,
1233 815 1339 866 Veneta

209 892 237 938 et
253 885 438 947 Loacbeiinnn,
463 887 512 936 hec
528 886 609 937 tormo
631 892 657 937 et
680 886 770 937 ordine
792 901 879 936 vereor
901 884 930 934 bi
952 883 1158 948 conspiciuntur:
1185 881 1340 947 „Sicelicon

210 954 308 1018 cosm,
325 952 452 1019 Neobulo,
468 953 785 1021 Lipmeinitcrlielrir
803 983 835 992 -
853 952 941 1004 sein
956 949 1339 1003 minorennium

211 1024 239 1073 lo
250 1052 276 1061 -
286 1024 364 1072 oitin
373 1021 462 1086 undio,
480 1038 558 1088 eques
566 1026 624 1089 ipro
639 1021 735 1073 nelior
748 1019 799 1071 Bel
806 1049 841 1060 -
851 1020 1015 1086 leropbonte,
1032 1035 1118 1084 neque
1126 1034 1228 1085 pugno,

209 1090 370 1156 segnipede
385 1092 497 1141 nieme!
521 1090 559 1140 lit
574 1090 613 1140 eie
629 1090 716 1140 omnin
731 1089 829 1155 scripte
845 1087 1005 1153 exemplario,
1023 1092 1075 1137 tam
1092 1102 1154 1149 meo,
1172 1103 1251 1152 quern
1301 1089 1338 1137 ’o-

210 1174 280 1220 0000,
304 1159 356 1208 niei
374 1156 442 1223 qnod
458 1158 536 1209 verbe
556 1174 609 1208 non
632 1158 749 1208 divident
770 1158 800 1207 in
822 1156 873 1207 tine
895 1172 1022 1206 nauum.
1055 1156 1165 1205 Exortus
1189 1161 1280 1206 tamen
1300 1162 1338 1206 eet

210 1232 271 1276 ente
287 1240 368 1276 nnnoe
385 1225 508 1277 dnoontce
524 1226 662 1276 ecelmtne
677 1225 764 1276 000010
781 1224 852 1290 quie,
875 1224 921 1289 qni
943 1240 972 1273 00
994 1222 1105 1274 sublevit
1120 1223 1186 1274 Aldo
1202 1223 1337 1285 llwntio,

209 1293 333 1345 mentitur
349 1297 490 1359 antomon
506 1293 639 1360 quendam
656 1294 773 1344 oodioenr
790 1291 911 1343 Viennae
927 1292 1003 1357 opud
1019 1290 1184 1342 Stonr‘elannr
1197 1290 1281 1342 Zour
1299 1292 1337 1342 010

209 1377 296 1412 remur
318 1361 365 1411 boe
382 1361 515 1425 exhibere,
540 1377 607 1412 nove
629 1362 713 1428 epeeie
735 1361 886 1426 diepoeitoe3
909 1359 1053 1424 „Suedium
1074 1358 1178 1423 casm,
1201 1357 1336 1422 Neolule,

210 1429 341 1495 Liparaei
355 1431 527 1491 nitorllelri,
537 1458 571 1468 —
582 1429 669 1496 Epeos
685 1433 743 1494 ipro
752 1425 1210 1493 neliorBelleropbonte,—Il¹epue
1224 1443 1335 1494 pugno,

210 1511 296 1562 neque
310 1499 389 1561 serni·
403 1497 470 1562 pede
487 1500 580 1561 010100,
597 1526 631 1535 -
649 1497 737 1548 Sirnol
751 1502 847 1567 00000100
864 1495 996 1546 Tiberinis
1012 1498 1135 1545 meror
1152 1495 1218 1544 looil
1233 1498 1268 1545 in
1286 1512 1338 1546 wr-

211 1564 280 1614 011οΝ
305 1564 362 1621 Quo
377 1565 510 1616 mendeoio
526 1565 647 1616 induetur
655 1565 743 1626 Aldue,
760 1580 843 1628 neque
859 1564 910 1614 ribi
926 1568 981 1614 tum
998 1564 1054 1614 rino
1070 1562 1194 1613 eocodice
1210 1578 1261 1613 nec
1280 1566 1336 1615 cui·

211 1647 287 1698 quem
303 1638 406 1699 poeten,
424 1650 509 1683 verene
525 1634 572 1684 hoe
589 1634 623 1685 nd
639 1636 695 1685 eedr
711 1634 817 1683 formem
838 1634 868 1682 in
885 1631 1051 1682 Editionibue
1068 1632 1122 1681 onie
1138 1632 1281 1695 expressim
1310 1638 1335 1682 et

211 1716 242 1750 er
258 1716 288 1749 00
305 1706 432 1765 tempore,
454 1700 522 1767 quod
539 1701 725 1768 indignandum
746 1700 829 1765 magis
852 1716 885 1750 an
909 1699 1045 1750 dolendum
1066 1699 1102 1749 ait
1118 1699 1217 1760 nescio,
1243 1716 1334 1751 omnen

210 1768 324 1825 omnium
348 1768 473 1820 editiones
495 1775 597 1836 praeter
618 1785 695 1819 unnm
711 1767 883 1832 (lruqninnnm
905 1768 1033 1832 flagitium
1055 1768 1103 1816 hoc
1128 1768 1333 1819 commaculavit

211 1835 261 1886 Sed
278 1836 424 1899 audiemur,
451 1838 544 1903 quibus
561 1837 704 1888 rationibus
720 1838 841 1887 inductur
864 1837 913 1887 boc
929 1837 1040 1901 primum
1056 1839 1213 1886 commentus
1229 1841 1272 1885 001
1289 1837 1333 1886 ille

210 1904 310 1954 nebulo.
345 1906 439 1968 Primo,
457 1911 489 1956 ut
503 1912 676 1956 servarentur
698 1909 822 1970 integrae
838 1904 981 1965 dictionm
1007 1919 1088 1968 neque
1112 1908 1164 1953 tom
1181 1902 1333 1954 deformiter

211 1974 239 2022 in
262 1970 337 2023 binoe
354 1973 541 2025 divellerentur.
575 1975 654 2038 Atqui
676 1990 739 2038 ego,
761 1974 868 2038 antiquo
884 1974 1017 2022 verborum
1033 1972 1122 2022 ordine
1140 1975 1251 2034 servato,
1277 1989 1332 2022 mu·

211 2041 272 2091 tatis
289 2042 463 2091 tantummodo
479 2057 596 2092 onerume
612 2042 685 2104 locie,
702 2039 730 2090 id
746 2042 837 2092 aretine
853 2041 979 2106 praestiti
1013 2039 1125 2100 Deinde,
1144 2039 1189 2099 nit,
1206 2054 1240 2089 ne
1258 2041 1332 2090 clon-

211 2108 282 2159 dieet
298 2125 388 2160 verm
405 2113 434 2160 in
452 2108 569 2161 dictione
584 2109 873 2175 Bellerophonte,
899 2124 974 2174 qnnm
997 2109 1125 2172 corripere
1150 2107 1266 2157 ultimam
1284 2123 1331 2173 pu·

211 2181 263 2239 tet,
287 2177 348 2243 quie
370 2178 512 2243 genitivum
534 2177 598 2228 10011
619 2176 841 2244 1101100·ορ10000110.Ι
875 2175 1023 2227 Plumbeum
1046 2190 1106 2225 enno
1129 2176 1284 2241 pugionem,
1307 2182 1332 2226 et

210 2244 285 2295 incilo
302 2245 500 2297 retundendum!
518 2244 620 2312 Quippe
637 2261 710 2295 caeno
727 2247 788 2296 huic
805 2250 889 2295 rectus
906 2249 944 2295 eet
958 2243 1183 2309 Bellerophontes,
1202 2248 1231 2294 ut
1239 2244 1330 2294 Graeci

213 2310 444 2381 Belieporplrrnc:
474 2315 569 2365 Seneca
585 2313 670 2379 Epist.
691 2316 748 2366 115.
771 2314 798 2379 [ξ
818 2314 862 2378 15]
891 2313 993 2377 „Dabit
1007 2315 1038 2362 in
1054 2312 1103 2363 illo
1119 2311 1215 2375 sabulo
1229 2327 1330 2378 poenos

210 2380 445 2448 Bellerophonten.“
471 2383 589 2449 Hyginus
606 2380 668 2431 Feb.
686 2384 746 2435 273.
775 2380 876 2446 „Ludis
893 2381 993 2444 Acoeti,
1011 2380 1112 2431 Zetltur
1129 2379 1329 2432 dolicbodrono

212 2451 290 2514 vicit,
317 2448 405 2501 Calais
423 2450 532 2514 diaulo,
557 2449 765 2514 Bellerophonten
787 2451 880 2514 equo.“
913 2450 969 2498 lem
995 2453 1080 2499 autem
1105 2449 1268 2498 notissimum
1294 2453 1330 2498 001

212 2518 309 2567 Graeca
324 2518 448 2568 einemodi
469 2520 573 2568 nomino
597 2517 720 2568 abletivoa
737 2519 761 2568 E
784 2517 862 2581 longo
886 2532 960 2582 anepe
982 2515 1135 2583 producere3
1157 2520 1188 2566 nt
1202 2516 1329 2566 Iuvenalia

211 2584 336 2646 x111,9e.
363 2587 405 2648 „ri
420 2601 475 2636 non
493 2592 554 2650 egel
569 2587 705 2652 Anticyra
721 2601 771 2635 nec
786 2586 954 2649 Archigene:
972 2584 1038 2650 quid
1054 2586 1150 2634 enim.“
1180 2600 1329 2650 quamquem

212 2652 1328 2787 ffitffiilttssltt“ni‘trli‘ttt‘iltfitll“imilliae

212 2789 288 2838 homo
305 2787 452 2853 imperitus,
475 2803 532 2837 oum
549 2789 576 2838 in
595 2805 680 2839 verene
702 2793 840 2840 extremum
865 2804 919 2839 eom
944 2790 1054 2841 traiecit.
1087 2788 1205 2854 Quippe,
1228 2794 1258 2837 ut
1279 2789 1327 2838 ian

213 2860 272 2906 ante
290 2855 403 2920 ostendi,
426 2872 512 2905 verane
529 2872 595 2907 unua
621 2862 647 2906 01
663 2874 716 2907 non
733 2856 889 2923 interruptor
913 2855 1025 2907 decurrit
1047 2872 1126 2921 unque
1150 2857 1183 2906 ad
1207 2856 1327 2907 decimum

213 2922 314 2989 pedem:
340 2939 422 2988 neque
440 2923 492 2974 ulla
517 2925 559 2974 hic
576 2924 688 2991 syllabae
710 2926 862 2987 communie,
889 2924 972 2989 qualia
995 2926 1023 2975 in
1040 2926 1251 2975 Herametrorum
1268 2925 1327 2974 alio·

212 3008 298 3042 rumve
315 2991 373 3054 fine,
389 2992 495 3043 licentio
513 2997 558 3055 eet,
575 2993 628 3043 nini
644 2993 709 3044 forte
726 2994 755 3042 in
773 2992 869 3044 decimo
887 2998 986 3057 quique
1003 2992 1076 3059 pade.
1110 2993 1171 3042 Pari
1189 2992 1276 3053 modo,
1299 3008 1325 3042 nc

213 3060 241 3111 in
252 3062 403 3126 Annpceetia
421 3061 493 3112 nulla
509 3060 606 3128 eyllnbe
623 3062 763 3112 communie
780 3066 828 3121 001,
844 3062 992 3127 priusquam
1009 3061 1040 3110 ud
1058 3060 1174 3110 ultimam
1192 3060 1326 3111 clausulam

212 3130 265 3180 eive
283 3146 380 3180 veranm
397 3130 586 3181 Paroeminoum
610 3129 769 3190 devenerint,
794 3134 824 3179 ut
846 3129 944 3195 primus
968 3129 1030 3179 olim
1053 3129 1128 3179 docui
1152 3129 1181 3177 in
1198 3130 1325 3180 'Disserta-

213 3197 283 3248 tione
300 3198 333 3247 ad
350 3199 469 3249 loannem
486 3198 673 3248 Antiochorum
685 3198 803 3248 Malelom
821 3201 856 3263 [p.
866 3198 898 3250 26
917 3197 955 3248 ed.
966 3198 1045 3247 Oxon.
1063 3198 1182 3262 0.1691],
1202 3204 1227 3247 01
1244 3203 1325 3262 poster

213 3264 294 3315 multo
311 3265 392 3316 ineius
415 3267 444 3316 in
462 3267 564 3332 Scripto
582 3266 690 3330 Anglico
714 3265 745 3316 de
761 3266 888 3331 Epistolie
903 3265 1049 3316 Phalaridis
1075 3265 1111 3330 [p.
1131 3266 1238 3318 13201,
1258 3267 1323 3325 1699,

213 3347 239 3397 p.
251 3334 296 3384 181
316 3334 449 3396 Ribbeck].
484 3333 616 3384 Caeterum
633 3335 690 3398 quie
707 3333 786 3384 risum
803 3338 888 3384 tenere
905 3339 1002 3400 potest,
1021 3349 1078 3383 oum
1095 3334 1163 3383 inter
1180 3335 1324 3400 interpreter

109 3458 113 3465 Α
214 3403 253 3449 101
270 3399 356 3449 turbae
379 3402 545 3452 concitaverit
560 3418 640 3452 norun
658 3403 719 3452 ordo
736 3417 751 3451 a
769 3407 849 3451 terroe
866 3402 920 3452 tilio
937 3402 1071 3462 inductur,
1093 3399 1244 3468 „Liparaei
1258 3407 1324 3453 nitor

214 3466 303 3528 Hebri,
320 3494 355 3504 -
372 3468 397 3517 a
413 3483 460 3518 000
476 3472 534 3535 ipro
551 3471 646 3521 melior
661 3469 891 3535 Bellerophonte.“
925 3470 1056 3526 Quomodo
1074 3469 1142 3519 eninr
1159 3473 1234 3521 nitor
1251 3470 1324 3521 Hebri

214 3538 252 3584 001
270 3537 365 3599 eques?
417 3537 471 3585 itor
488 3537 575 3599 Hebri,
593 3537 723 3602 inquiunt,
741 3543 780 3588 001
795 3539 1018 3607 περιφραστικῶς
1034 3541 1091 3603 ipre
1107 3538 1224 3603 Hebrus,
1240 3544 1269 3588 ut
1282 3537 1321 3603 ptr

214 3599 380 3670 Ἡρακληείη,
403 3606 534 3654 sententia
553 3603 674 3669 0010010,
700 3608 834 3671 sapientia
856 3604 946 3670 Laeli,
969 3607 1016 3656 hoc
1034 3610 1087 3667 001,
1104 3605 1241 3669 Herculea,
1258 3605 1321 3665 Cato,

213 3669 326 3721 Loelioo.
360 3670 417 3720 Hoc
434 3670 561 3736 plerisque
579 3674 726 3724 obstruebat
747 3690 790 3723 oe:
815 3679 841 3725 et
865 3689 894 3724 00
912 3674 969 3739 ipso
995 3675 1097 3724 nomine
1121 3673 1230 3739 pulchra
1252 3674 1321 3724 dictio

213 3738 353 3800 videbatur,
372 3738 433 3803 quie
449 3738 572 3789 Horatius
590 3741 627 3791 010
644 3741 716 3806 loqui
732 3741 835 3804 voluit..
856 3743 890 3793 At
912 3757 967 3792 non
984 3743 1078 3792 obturo
1101 3741 1168 3792 odeo
1190 3743 1322 3807 gestabant

213 3813 323 3873 pectora
339 3806 497 3872 eagooioumi
513 3806 563 3857 viri
580 3807 727 3860 Torrentius
738 3815 771 3859 ¹et
788 3810 855 3862 Tan:
882 3809 978 3871 Faber,
1002 3810 1065 3873 quin
1082 3809 1161 3860 libere
1184 3814 1209 3860 01
1227 3810 1321 3861 fidenter

214 3873 392 3937 clamitabant,
418 3877 612 3941 01000000ορ10
637 3882 665 3927 et
680 3880 773 3928 citiore
797 3878 913 3928 locutum
938 3894 992 3928 0000
1009 3877 1167 3941 Horatium,
1193 3882 1321 3945 pessimam

215 3960 269 3993 0000
286 3945 356 3995 tanc
372 3949 399 3994 et
415 3945 642 4008 corruptricimom
660 3946 835 3996 cacozeliam:
857 3948 931 3996 nitor
948 3946 1030 3996 liebri
1052 3948 1162 4011 equilis,
1185 3963 1238 3997 non
1255 3960 1321 4011 eques

215 4010 311 4061 dictum
328 4011 480 4078 oportuisse.
513 4010 591 4062 Recte
608 4013 649 4062 illi
666 4017 692 4063 01
709 4029 778 4064 vere:
804 4014 856 4063 nisi
873 4013 941 4079 quod
965 4029 1012 4079 pro
1028 4013 1075 4064 illo
1093 4013 1241 4065 tenebrione
1256 4019 1321 4081 pobtn

216 4079 352 4144 vapulavit
387 4079 476 4143 Neque
494 4083 578 4129 tomen
595 4079 624 4131 hi
640 4080 692 4147 ipei
709 4080 741 4131 ob
758 4081 884 4147 prolatam
901 4081 981 4133 libere
1005 4081 1156 4132 sententium
1174 4084 1212 4133 010
1229 4083 1321 4148 impune

215 4146 339 4196 abierunt.
372 4146 441 4197 Ecce
459 4147 534 4208 enirn,
558 4150 603 4211 qni
620 4165 661 4199 000
678 4149 707 4197 in
724 4149 764 4199 iua
782 4155 862 4211 vocet,
880 4154 906 4199 et
921 4150 995 4201 solco
1013 4149 1116 4216 pudore
1133 4149 1256 4202 deierare
1269 4166 1321 4216 por-

214 4216 257 4272 011,
276 4212 326 4263 leco
343 4212 400 4263 loco
409 4214 513 4278 Equitio
530 4217 653 4266 vitiorum
670 4215 738 4275 sore.
761 4217 818 4265 Ain’
836 4233 902 4280 vero,
920 4217 960 4267 vir
968 4218 1130 4269 doctissimo?
1147 4218 1220 4281 Vide,
1238 4224 1321 4285 quanta

1393 914 1395 997 l
