2840 4752
439 237 626 285 SERMONUM
647 237 713 284 LIB·
728 236 763 284 11.
787 232 811 282 5.

124 373 267 456 Inquiett
288 376 324 436 ut
367 371 481 451 eliens,
503 378 539 437 ut
560 370 671 451 apricis
693 375 798 455 aptus,
822 376 857 435 ut
878 375 973 438 acer?

123 459 241 526 Plures
261 393 427 522 adiiciunt
449 456 572 534 thurini,
593 464 625 521 et
646 455 765 521 ceteris
785 463 938 521 crescent.

76 558 110 607 45
127 544 163 612 Si
186 542 238 608 eui
259 548 428 628 practerea
448 541 576 609 validus
597 542 682 608 male
702 540 788 607 filins
810 540 843 609 in
865 560 900 611 re
982 604 984 607 ,

123 628 295 697 Praeclara
318 627 464 697 sublatus
486 627 606 705 aleton
628 647 669 695 ne
690 625 896 695 manifestum

125 713 268 780 Cnelibis
290 712 479 796 obsequium
499 712 601 779 nudet
621 719 662 790 te,
685 710 800 781 leniter
815 711 853 776 ⁴in
876 731 966 796 spem

122 798 256 883 Adrepe
278 797 449 875 officiosus,
473 804 508 863 ut
530 803 562 863 et
584 797 723 863 scribere
745 797 908 865 secundus
957 850 961 860 ,

123 885 243 962 Heres3
266 890 308 959 et,
331 882 359 949 si
380 882 453 965 quis
475 902 571 949 casus
592 902 727 968 puerum
747 882 854 963 egerit
874 881 965 960 Orco,

74 984 110 1033 so
125 971 165 1034 In
188 987 323 1035 vacuum
345 968 468 1034 venies.
571 987 643 1033 raro
663 967 745 1033 haee
766 966 839 1033 elea
859 966 953 1039 ,sellie

124 1053 190 1134 Qui
206 1059 436 1119 'testamentum
461 1059 489 1116 tr
533 1058 566 1119 et
586 1053 643 1117 tibi
666 1070 802 1135 eumque
824 1053 1006 1134 legendum,

122 1140 284 1211 Abnuere
307 1144 340 1203 et
361 1136 490 1204 tabulas
512 1157 532 1201 a
554 1144 586 1202 te
607 1156 769 1203 removere
789 1144 966 1204 memento:

125 1224 179 1289 Sic
201 1234 318 1298 temen,
341 1231 376 1291 ut
398 1222 483 1309 limis
504 1223 623 1308 rapias,
645 1222 725 1304 quid
746 1220 850 1307 prime
871 1221 1012 1290 secundo

124 1309 209 1375 Cere
229 1307 306 1372 velit
327 1327 437 1374 versu:
461 1307 560 1387 solus
582 1307 733 1375 multisne
752 1307 895 1386 coheres,

75 1409 110 1458 55
126 1393 236 1461 Veloci
257 1412 406 1478 percurre
428 1393 530 1458 oculo.
573 1393 760 1478 plerumque
782 1402 927 1461 recoctus

123 1477 237 1546 Scribe
257 1497 298 1543 ex
319 1477 528 1561 quinqueviro
551 1497 680 1544 corvum
702 1478 832 1545 deludet
852 1478 1012 1558 hiantem3

123 1564 341 1650 Captatorque
360 1563 453 1629 dabit
474 1563 558 1630 risus
580 1563 699 1631 Nasica
722 1564 856 1631 coreno.

122 1652 209 1716 Num
231 1650 321 1726 iuris,
342 1670 385 1715 en
407 1649 551 1735 prudens
571 1649 656 1715 ludis
677 1670 740 1726 me,
763 1650 900 1715 obscum
921 1647 1090 1717 canendo?

124 1735 151 1801 Ο
174 1734 354 1810 Laertiade,
378 1730 530 1817 quicquid
554 1734 666 1810 dicem,
690 1735 837 1810 noterit,
860 1737 1018 1799 autnon:

78 1835 109 1882 uo
130 1820 282 1886 Divinare
304 1818 422 1884 etenim
444 1838 583 1900 magnus
604 1818 682 1883 mibi
704 1820 802 1884 donat
824 1817 948 1903 Apollo.

56 1938 174 1988 Lentulo
191 1934 342 1987 intentius.“
369 1934 477 1999 [Cluent
491 1936 521 1987 18
540 1938 610 1999 §til
638 1935 688 2000 „Si
703 1937 773 1991 nillil
789 1937 925 1999 ormnem,
943 1951 976 1984 nc
992 1934 1179 1989 infantissimus

56 2006 255 2059 rnirtimcrer.“
290 2004 360 2055 Haec
378 2003 479 2068 quidem
497 2009 564 2053 recte
588 2002 696 2054 heberte
722 2005 765 2055 ssd
784 2004 845 2065 quid
864 2009 918 2055 tarn
934 2003 1040 2068 postea?
1066 2019 1099 2054 an
1115 2006 1178 2068 quia

56 2076 134 2124 horno
157 2072 274 2138 stupidus
299 2079 325 2123 et
349 2072 459 2136 elinguis
482 2068 575 2121 statori
596 2070 731 2130 insontior
754 2073 794 2122 rel
812 2070 966 2125 taciturnior
982 2076 1049 2122 recte
1065 2073 1177 2132 elicitum

56 2142 156 2192 idcirco
174 2145 200 2192 et
216 2139 285 2206 ipsae
304 2144 402 2191 stetuee
419 2139 537 2200 infantes
561 2138 695 2191 dicentur?
723 2142 811 2202 credo,
836 2140 897 2205 quie
914 2140 961 2190 hae
979 2144 1078 2190 statum
1096 2142 1177 2206 magis

56 2216 144 2260 mutae
162 2217 241 2272 erant,
261 2224 335 2273 qnam
352 2207 431 2258 aliae:
456 2214 481 2257 et
499 2222 555 2257 cum
573 2211 672 2259 ceterae
688 2224 781 2272 magne
798 2224 861 2259 voce
878 2223 952 2274 opem
971 2207 1112 2263 Quiritium
1130 2211 1177 2259 im·

56 2279 189 2343 plorarent
212 2283 301 2327 contre
324 2281 420 2325 aestum
444 2275 588 2338 caniculas,
613 2276 662 2325 hae
686 2282 769 2327 mutae
794 2283 820 2326 et
837 2277 952 2340 elingues
969 2276 1073 2340 impune
1098 2277 1176 2329 unos-

56 2348 160 2396 bantur.
196 2344 282 2395 Sensit
299 2344 365 2394 benc
382 2343 563 2394 absurditatem
587 2343 764 2397 celeberrimus
780 2345 917 2404 Dscerins3
942 2350 970 2394 st
992 2344 1040 2395 boc
1064 2359 1079 2394 a
1102 2350 1178 2410 poete

56 2415 168 2480 quodem
184 2417 295 2465 sumtum
313 2410 527 2471 comminiscitur,
546 2427 619 2475 quem
637 2412 761 2463 Horatius
777 2412 899 2463 derideat.
933 2411 985 2463 Sed
1002 2412 1071 2463 unde
1087 2413 1135 2462 hoe
1153 2415 1176 2463 si

57 2481 235 2547 compertum?
252 2480 346 2545 quibus
364 2479 446 2544 signis
463 2484 488 2529 et
506 2479 631 2530 indiciis?
656 2479 728 2531 Certe
746 2480 810 2531 illud
828 2479 896 2545 quod
913 2481 1036 2545 seqnitur,
1053 2485 1178 2547 concpus't

57 2552 156 2611 Alpes,
184 2549 267 2615 palem
284 2550 377 2599 Noster
394 2548 595 2598 ascribitFurio
612 2547 749 2598 Bibaculo:
776 2549 832 2609 boc,
850 2564 908 2599 cunr
926 2548 988 2599 adeo
1006 2553 1116 2600 teote‘et
1134 2564 1176 2598 oc·

56 2619 128 2668 culte
145 2617 232 2668 nescio
250 2616 292 2666 cui
310 2616 446 2680 surripiet,
465 2619 563 2681 incipit
576 2631 633 2666 eras
649 2631 735 2668 mum.
770 2616 852 2672 Quam
869 2615 971 2678 vellem,
996 2632 1048 2668 non
1067 2633 1082 2667 e
1098 2618 1177 2667 Poeta

57 2684 328 2745 sumtum-diceretur,
352 2685 395 2734 secl
412 2699 428 2733 e
444 2685 557 2748 poetria,
585 2683 627 2735 cui
643 2699 736 2735 nomen
755 2683 898 2735 Canicula-2
924 2684 1025 2735 scilicet
1043 2685 1176 2735 utendam

56 2757 114 2804 iure
131 2754 193 2803 hese
210 2752 329 2812 infantes
352 2757 455 2802 stouras
478 2750 580 2812 findere
603 2751 718 2813 dicetur,
745 2768 794 2817 qno
811 2753 905 2805 Furius
922 2752 1004 2819 Alpes
1022 2769 1175 2819 conspuere.

58 2822 203 2873 Sed'misso
220 2820 291 2884 inco,
310 2820 425 2885 equidem
442 2818 544 2871 Decerii
562 2819 733 2884 suspicionem
748 2822 826 2871 tutari
844 2820 944 2881 malim,
962 2836 1036 2885 quem
1054 2821 1176 2886 frigidum

56 2906 145 2940 eorum
163 2892 338 2950 commentum,
357 2889 400 2951 qui
419 2894 506 2938 mutor
520 2885 686 2938 Curessiclicor
704 2889 842 2954 perstringi
860 2890 902 2938 hic
920 2888 1074 2941 existiment.
1103 2889 1176 2939 Certe

57 2958 230 3008 obmutescere
248 2955 329 3005 multo
346 2957 426 3005 setius
444 2960 495 3016 est,
520 2971 594 3019 quem
618 2955 681 3006 tolie
704 2956 825 3021 proferre.
859 2956 928 3012 Quid
944 2958 1023 3021 ergo?
1049 2959 1084 3009 Ut
1100 2958 1175 3009 horno

56 3042 145 3077 recens
168 3028 243 3074 natus
265 3023 358 3084 infans
382 3024 491 3085 dicitur,
509 3024 545 3072 ite
568 3028 667 3074 statues
691 3029 819 3088 recentes,
845 3024 967 3086 novellae,
984 3040 1067 3091 nuper
1085 3026 1173 3087 lectae,
1236 3068 1239 3073 4

57 3111 141 3158 nuper
157 3097 239 3156 netes,
257 3091 386 3156 eleganter
403 3091 520 3151 infantes
537 3091 713 3157 appellentur:
733 3108 814 3156 eoque
831 3093 920 3157 magis,
938 3093 1000 3157 quia
1017 3094 1098 3145 forma
1115 3100 1176 3144 sunt

56 3164 181 3214 humana:
205 3176 269 3223 ,pcc
286 3162 370 3210 rubra
388 3160 512 3210 canicula
528 3157 614 3221 findet
630 3159 751 3221 Infantes
767 3163 902 3211 stntunr“:
929 3160 1032 3226 ligneas
1049 3161 1174 3227 intellige,

57 3245 123 3297 quae
141 3228 235 3279 aestivo
253 3227 335 3278 calore
353 3228 429 3277 rimm
446 3227 594 3293 plerumque
611 3234 693 3292 egunt
709 3234 735 3280 et
750 3229 890 3292 finduntur,
908 3231 1057 3295 praesertim
1075 3237 1175 3282 recente

57 3306 84 3350 et
102 3298 178 3349 viridi
195 3296 309 3347 materia.
344 3296 401 3346 Etsi
419 3302 444 3346 et
461 3311 554 3347 cerem
570 3295 613 3347 hic
631 3295 745 3362 accipere
763 3298 859 3362 poteris
877 3315 934 3348 cum
952 3298 1054 3362 Servio,
1081 3301 1125 3366 qui
1142 3300 1175 3350 ml

57 3367 105 3418 illa
127 3364 232 3429 Virgilii
256 3365 346 3428 Georp
365 3364 419 3427 III,
443 3366 501 3417 363.
542 3364 684 3430 „Aeraque
707 3366 845 3418 discilium
866 3367 979 3431 nulgo“,
1004 3368 1067 3419 haec
1084 3369 1174 3419 hebet:

57 3435 176 3502 „Passim
195 3437 320 3498 crepere&
338 3448 400 3483 nam
419 3438 473 3483 tutu
486 3434 569 3483 nimio
579 3431 693 3498 frigore,
711 3448 791 3499 prtum
810 3436 899 3489 calore
916 3450 980 3485 aera
997 3443 1176 3502 rumpuntur:

57 3504 571 3566 Pentelensem1rrnsrrnnssnsruss.“
594 3503 671 3552 Hunc
689 3503 772 3567 ipsum
781 3503 864 3555 locum
880 3503 999 3568 respexit,
1017 3505 1067 3554 etsi
1075 3505 1116 3554 rel
1123 3521 1174 3554 me·

58 3570 154 3623 moriae
170 3569 210 3631 vel
228 3567 340 3618 Librarii
359 3569 435 3635 culpe
451 3569 553 3619 Persius
571 3586 618 3634 pro
634 3570 743 3619 Horatio
767 3576 855 3620 auctor
872 3571 973 3621 citetur.
1007 3571 1103 3632 Infans
1119 3577 1174 3623 sta·

60 3648 115 3702 tna,
134 3641 162 3687 nt
179 3636 265 3686 Plinio
283 3637 374 3698 inlares
392 3638 492 3687 boletus
509 3637 649 3691 libXXII.
667 3655 688 3688 c.
699 3640 739 3689 22.
759 3640 785 3700 [ξ
801 3640 844 3701 93]
871 3635 944 3699 „Nec
962 3642 1069 3691 taureas
1084 3642 1174 3689 sainna·

57 3709 151 3773 gratio
168 3708 197 3754 r'n
216 3705 273 3755 cibo
292 3704 407 3766 infantie
425 3706 530 3756 boleti.“
565 3707 670 3757 Ovidius
686 3707 756 3755 Fert.
773 3706 817 3767 VI,
842 3707 895 3757 145.
931 3705 1111 3771 ‚‚Pectorapus
1126 3723 1174 3757 am·

59 3775 167 3826 sorbent
183 3772 268 3823 costo
287 3773 405 3833 r'nfontr‘u
417 3773 544 3838 linguis.“
571 3782 596 3825 et
613 3774 685 3835 alibi,
703 3773 822 3833 infantia
839 3789 896 3834 ors,
915 3772 1034 3833 infantia
1049 3779 1172 3838 guttura,

59 3843 176 3905 infantes
193 3843 309 3894 umbras.
343 3841 407 3893 Vide
424 3843 482 3891 Nic.
501 3842 636 3895 Heinsium
654 3843 687 3893 ed
702 3841 809 3895 Heroid.
826 3841 876 3898 IX.
892 3843 933 3893 86.
960 3839 1084 3904 Ceterum,
1103 3848 1173 3908 post-

61 3928 135 3978 quem
152 3910 212 3959 heec
230 3909 401 3975 scripsissem,
427 3909 507 3960 didici
530 3910 606 3961 etiam
629 3916 689 3963 ante
713 3910 851 3961 merirum
869 3924 993 3960 summum
1008 3911 1172 3962 Franciscum

59 3980 169 4040 Iunium,
189 3979 216 4026 in
233 3978 299 4028 libre
317 3977 348 4027 de
365 3979 470 4029 Pictura
487 3984 597 4031 veterum
615 3995 640 4044 p.
651 3981 710 4032 284.
726 3982 794 4028 recte
811 3978 853 4028 lric
869 3975 988 4037 infantes
1004 3983 1109 4029 statuas
1125 3995 1172 4044 pro

61 4047 166 4099 novellis
182 4046 317 4109 accepisse.

129 4117 169 4166 59.
204 4113 338 4178 Quicquid
355 4114 455 4179 dicum,
481 4120 530 4164 ant
553 4119 604 4164 erit
622 4116 750 4176 uutprron]
786 4112 914 4163 Torrentii
931 4113 1045 4176 codices,
1071 4118 1100 4162 ut
1116 4115 1172 4179 ipse

56 4185 112 4247 eit,
135 4180 249 4233 meliores
269 4182 328 4233 dico
346 4182 453 4233 hebent:
478 4184 558 4232 nostri
581 4199 667 4232 omnes
691 4198 747 4233 curn
771 4181 928 4235 editionibus
946 4182 1051 4246 priscis,
1077 4184 1173 4235 (licum.
1215 4182 1221 4204 1
