2810 4764
211 277 270 340 190
598 292 629 352 q.
651 292 791 340 moenam
811 292 935 340 resecr
996 299 998 305 ·

252 439 281 489 15
294 426 399 507 Reges
420 425 615 493 muneribus.
657 444 790 490 munera
810 424 939 492 navium

377 511 499 576 Saevos
520 510 706 593 inlaqueant
726 510 834 575 duces.

293 594 496 662 Crescentem
518 595 662 678 sequitur
683 615 760 661 eura
780 593 959 680 manniam,

291 680 510 763 Maiarumque
531 680 643 746 fames.
687 681 756 746 iure
777 678 943 765 perhorrui

291 765 372 831 Late
394 765 600 850 conspicuum
621 766 733 830 tollere
756 764 915 843 verticem,

248 863 279 913 aa
376 851 555 928 Maecenas,
578 849 720 932 equitum
742 850 849 915 decus.

292 934 418 1013 Quanto
440 935 576 1018 quisque
597 936 659 1001 sibi
679 935 774 1021 plura
794 933 970 1016 negaverit,

290 1020 341 1085 Ab
362 1022 422 1085 Dis
444 1020 537 1105 plura
558 1020 648 1086 ieret.
691 1020 736 1085 nil
757 1018 951 1105 cupientium
1003 1077 1004 1081 ,

291 1104 406 1171 Nudus
428 1110 534 1170 eastra
554 1111 644 1190 peto;
668 1110 701 1170 et
721 1103 890 1188 transfuga
911 1103 1044 1170 divitum

374 1188 479 1255 Partis
500 1189 643 1272 linquere
664 1188 786 1272 gestio:

248 1285 277 1337 tc
293 1273 478 1341 contemtos
499 1274 647 1341 domiuus
669 1274 865 1360 splendidior
886 1273 942 1351 rei,

617 1392 640 1426 v.
659 1377 699 1429 22.
718 1375 793 1440 Vulg.
813 1376 836 1427 A
853 1372 908 1428 Dte.

206 1524 263 1560 cum
280 1510 351 1569 aliis;
369 1514 444 1576 atque
461 1511 499 1561 ita
516 1510 604 1561 laudat
621 1512 768 1561 Priscianus
784 1527 810 1576 p.
818 1512 876 1564 890.
911 1510 1038 1560 Derrima
1057 1511 1155 1570 accitio3
1172 1525 1219 1559 nee
1236 1509 1330 1561 editus

205 1577 294 1639 solum,
312 1579 355 1628 sed
373 1585 398 1628 et
408 1579 496 1628 MStns
513 1584 686 1630 sexcentorum
704 1595 827 1630 annornm
843 1580 870 1628 in
880 1578 1040 1629 Bibliotheca
1056 1576 1160 1644 publiea
1176 1576 1330 1628 hicGanta·

204 1645 310 1711 brigiae.
345 1646 437 1697 Nescio
454 1652 537 1697 tamen
556 1663 606 1712 quo
623 1647 675 1697 iata
692 1648 824 1711 plerasque
841 1646 966 1697 editiones
978 1646 1113 1710 occupavit
1123 1646 1236 1708 excidio,
1254 1647 1330 1710 quod

206 1714 304 1764 codices
323 1715 424 1778 quidem
440 1715 558 1765 noirnnlli
576 1714 736 1780 praeferunt,
754 1721 780 1764 et
796 1716 863 1765 inter
881 1715 944 1764 alios
961 1714 1113 1778 Baginensis
1129 1718 1215 1764 noster
1231 1715 1330 1778 paucis

205 1782 336 1833 secundus.
372 1782 427 1833 Sed·
439 1783 542 1833 omnino
559 1798 700 1855 perperam.
734 1783 835 1848 Quippe
852 1782 980 1833 Derreersa
996 1786 1022 1831 et
1044 1781 1148 1832 accidie
1167 1782 1330 1832 contrariam

204 1850 280 1916 plane
298 1849 458 1900 tralationem
476 1850 584 1912 hebent,
609 1867 690 1916 neque
713 1866 765 1901 una
788 1850 912 1915 coniungi
934 1854 1047 1916 possunt
1082 1848 1236 1900 Eraeiadere
1252 1849 1326 1900 enim

204 1923 242 1968 est
260 1932 275 1968 a
292 1918 371 1983 stirpe
389 1923 415 1968 et
432 1918 602 1969 fundamentis
625 1934 731 1970 aureum
748 1935 848 1970 eruere:
873 1919 1032 1984 demergere,
1056 1922 1094 1968 est
1114 1918 1142 1967 in
1166 1916 1327 1982 profundum

205 1986 327 2036 decreram
345 1987 453 2039 trudere.
486 1986 668 2049 Quamobrem,
692 1988 714 2037 si
731 1988 890 2038 retinendum
908 1987 973 2037 foret
989 1986 1108 2046 accidie,
1126 2002 1177 2035 non
1194 1985 1328 2036 Demerra

205 2054 322 2116 dicerem,
341 2054 384 2104 sed
401 2070 478 2119 parva
495 2057 635 2106 mutatione
653 2071 757 2116 eoersa;
791 2055 897 2118 „domus
914 2055 946 2105 ob
965 2056 1069 2106 letarum
1086 2055 1181 2104 Eversa
1198 2052 1328 2103 excidior‘

204 2127 233 2172 ut
249 2120 339 2187 Virgil.
357 2128 418 2172 Aen.
437 2122 469 2172 X
487 2126 528 2175 45.
563 2140 629 2188 „per
651 2139 763 2186 eversae,
786 2126 909 2189 genitor,
935 2121 1068 2184 faemoralia
1095 2120 1190 2172 Troiae
1213 2121 1330 2172 Excidio.

205 2191 344 2240 obtestor.“
368 2189 554 2241 Ovid.Heroid.
565 2193 612 2241 III.
624 2192 656 2255 [v.
667 2193 709 2254 36]
734 2190 873 2256 ‚merome
891 2207 975 2241 eversa
994 2205 1107 2256 corpora
1125 2195 1204 2255 capta
1222 2190 1326 2241 domo.“

203 2258 332 2308 Iuvenalis
349 2257 381 2309 X
400 2261 433 2322 [v.
451 2260 476 2321 2]
511 2261 648 2321 „Evertere
665 2260 751 2309 domos
769 2265 852 2323 ἰσίαν,
871 2261 1023 2324 optantibus
1040 2260 1118 2323 ipris,
1135 2257 1184 2307 Dii
1199 2255 1326 2318 facilce.“

203 2330 279 2393 atque
297 2325 344 2376 alii
360 2342 412 2376 non
429 2341 495 2378 raro.
530 2327 580 2377 Sed
598 2327 700 2377 omnino
717 2343 776 2377 vera
793 2327 869 2378 lectio
887 2331 932 2389 est,
951 2327 1077 2377 Demersa
1095 2327 1185 2375 editio.

273 2395 313 2446 18.
335 2392 523 2460 Maioremque
549 2395 645 2461 famer]
687 2396 781 2445 Offensi
810 2395 872 2445 adeo
898 2400 957 2444 sunt
979 2393 1093 2445 Librarii
1121 2390 1245 2443 vocabulo
1272 2393 1327 2443 isto
1403 2424 1404 2429 =

202 2465 344 2526 maiorum,
360 2468 391 2512 ut
408 2461 485 2512 etiam
502 2478 588 2512 versus
605 2462 739 2530 dispendio
756 2468 853 2514 mutare
865 2462 999 2513 volueriut.
1024 2462 1125 2526 Quippe
1137 2460 1215 2512 codex
1225 2461 1326 2526 Regiae

203 2530 339 2581 Societatis
363 2531 400 2580 sic
417 2530 540 2596 praefert,
575 2530 756 2594 „Crescentem
779 2534 899 2596 sequitur
917 2546 983 2581 cura
998 2535 1154 2596 pecuniam,
1178 2529 1325 2595 Maiorque
1403 2534 1404 2579 Ξ

201 2600 317 2661 samea“:
334 2602 362 2649 et
378 2599 406 2648 in
423 2599 656 2648 vetereGraeviano
674 2599 738 2649 duae
755 2598 844 2650 literae
862 2614 946 2649 erasae
963 2607 1030 2660 sunt,
1048 2602 1163 2649 maior..
1181 2613 1239 2662 que,
1258 2614 1325 2661 quae

203 2683 233 2718 ex
251 2666 335 2732 spatio
352 2681 379 2730 u,
396 2680 422 2715 m
441 2666 519 2716 faisse
536 2667 662 2717 videntur.
683 2667 770 2717 Maior
783 2666 875 2732 samar,
884 2668 960 2733 plane
974 2672 1005 2716 ut
1013 2665 1166 2717 Prudentius
1175 2667 1324 2731 Hemartig.

202 2737 261 2788 257.
296 2734 384 2795 ‚Auri
399 2748 514 2798 nomque
529 2733 608 2784 fames
623 2739 706 2798 parto
723 2738 759 2784 rit
774 2735 855 2785 maior
874 2735 907 2786 ab
926 2737 1019 2785 aaro.“
1042 2734 1136 2784 Vermu
1153 2734 1219 2784 hano
1237 2749 1324 2784 emen·

202 2803 330 2852 dationem
353 2801 408 2866 ipse
431 2817 516 2851 versus
541 2807 702 2868 aspernatur:
729 2803 835 2867 etquid
857 2802 922 2853 illud
944 2808 996 2865 est,
1022 2802 1138 2866 obsecro,
1166 2800 1325 2853 Meam?

201 2870 370 2920 Notissimum
386 2872 439 2932 est,
456 2885 503 2935 pro
520 2867 598 2920 libitu
615 2874 711 2920 veteres
728 2870 821 2921 dixisse
837 2873 993 2936 pecuniam,
1010 2872 1050 2922 vel
1065 2873 1201 2937 pecuarias.
1235 2869 1324 2926 Quare

202 2944 248 2989 aut
263 2938 306 2988 hic
328 2936 462 3002 legendum
486 2941 537 3002 est,
565 2937 726 3000 „crescentes
749 2942 869 3004 requitur
893 2955 958 2989 orara
975 2940 1110 3005 pecunias,
1133 2936 1325 3004 Maioremque

203 3007 318 3068 famed‘:
344 3010 403 3067 ant,
432 3004 611 3070 „Crescentem
628 3009 748 3071 requitur
765 3022 832 3057 eura
852 3009 1009 3073 pecuniam,
1033 3006 1187 3071 Maiorisqne
1209 3006 1324 3068 farae&

202 3077 268 3126 Nam
287 3079 315 3124 ut
330 3073 426 3139 passim
449 3080 585 3124 occurrunt
607 3077 720 3140 pecunia
741 3075 870 3139 panda,
894 3077 1002 3140 ingena,
1026 3077 1163 3139 immania,
1184 3076 1323 3135 cremense,

202 3146 301 3206 nimia,
317 3143 472 3206 mediocria,
492 3145 586 3205 tenuis,
604 3142 774 3208 amplissima,
792 3157 907 3207 magna,
924 3146 1058 3203 maccam
1082 3142 1172 3208 quidni
1189 3145 1216 3192 et
1231 3145 1325 3192 maior

201 3212 311 3276 pecnnia
324 3211 443 3261 dicatur?
467 3209 510 3260 Sic
523 3210 710 3261 etScholiaetes
721 3217 806 3260 vetus:
824 3211 984 3276 „Maiorem
1000 3214 1176 3277 pecuniarum
1193 3210 1323 3261 scilicet.“

203 3279 282 3342 Atqui
300 3281 354 3329 sine
371 3278 425 3329 nlla
442 3279 593 3329 necessitate
611 3294 741 3329 numerum
757 3284 869 3339 mamre,
893 3294 974 3344 neque
991 3279 1055 3329 vitio
1072 3283 1155 3340 caret,
1172 3294 1219 3328 nec
1235 3279 1322 3328 Hora·

202 3346 266 3396 tium
280 3348 334 3397 eius
343 3362 414 3397 reum
425 3361 477 3396 esse
490 3346 646 3397 crediderim.
664 3347 722 3397 Non
732 3348 887 3398 incommode
900 3352 984 3397 tamen
997 3348 1062 3398 tueri
1068 3346 1168 3414 ‚poteris
1176 3345 1321 3410 Maiarum,

203 3415 225 3464 si
242 3430 334 3479 genere
351 3419 442 3465 neutro
459 3415 594 3480 acceperis,
613 3415 670 3465 τῶν
685 3412 826 3482 μειζόνων,
844 3416 901 3465 τῶν
917 3411 1050 3466 atteror:
1068 3413 1318 3480 utTheocrit.ldyll.

201 3482 271 3532 XVI.
291 3484 323 3545 [v.
342 3484 384 3545 64]
421 3475 574 3551 ἀνήριθμος
591 3481 621 3534 δέ
639 3478 668 3533 os‘
683 3478 722 3545 εἴη
740 3486 875 3553 Αργυρος·
897 3478 949 3534 αἰεὶ
967 3480 996 3535 δὲ
1013 3480 1134 3534 πλεόνων
1150 3478 1208 3549 ἔχοι
1226 3475 1323 3550 ἵμερος

203 3544 294 3668 αὖῖόν.
330 3555 357 3600 et
371 3552 525 3601 immensam
544 3553 569 3602 ei
584 3554 620 3602 rit
635 3553 790 3617 Argentum.-
814 3552 927 3618 plurium
949 3567 1011 3602 vera
1030 3552 1126 3618 cupido
1143 3566 1243 3616 semper
1260 3565 1322 3601 earn

202 3620 237 3669 lca
256 3622 306 3669 eat.
681 3652 684 3658 ,

269 3688 309 3739 22.
328 3686 353 3736 Α
371 3685 412 3735 dir
433 3686 514 3750 plura
536 3686 615 3749 smel]
650 3687 741 3737 Omnes
764 3687 815 3738 fere
832 3686 993 3739 Membranao
1017 3702 1075 3738 cum
1093 3686 1205 3737 editione
1221 3684 1321 3737 Veneta

202 3757 240 3806 at
259 3755 325 3815 die3
356 3753 391 3803 sio
409 3752 484 3816 alibi,
509 3754 894 3819 „resarciendarum
911 3755 1089 3807 revocavimus.
1124 3754 1165 3804 Ita
1181 3754 1277 3819 possim
1294 3760 1323 3805 et

202 3823 248 3873 alii
266 3823 415 3888 scriptores,
434 3822 466 3871 ad
484 3821 636 3887 exemplaria
652 3827 737 3873 vetera
753 3822 861 3873 fideliter
877 3825 1005 3875 recensiti.
1040 3823 1140 3874 Plinius
1157 3821 1276 3884 XXXIV,
1294 3825 1320 3874 9.

203 3894 230 3957 [ξ
251 3895 290 3954 15]
327 3887 460 3954 „Transit
474 3904 518 3940 aar
536 3896 561 3941 et
579 3889 610 3940 ab
628 3891 679 3942 diis
697 3891 734 3941 ad
750 3893 885 3942 dominam
901 3891 1031 3943 statuae.“

269 3962 309 4011 25.
330 3957 480 4010 Contemtae
497 3956 620 4009 daminus
635 3959 801 4024 splendidior
817 3961 867 4022 rer]
885 3960 969 4011 Codex
984 3974 1051 4009 unus
1068 3963 1094 4009 et
1110 3957 1174 4009 ulter
1190 3958 1320 4009 Torrentii

201 4026 387 4092 Pnlmannique
406 4030 557 4086 contentam
577 4030 652 4091 atque
669 4027 707 4078 ita
722 4027 790 4078 mala
806 4040 895 4078 manns
911 4029 940 4078 in
957 4027 1096 4092 Reginensi
1112 4031 1199 4076 nostro
1215 4025 1321 4091 fecerat,

200 4109 271 4144 erasa
295 4095 374 4145 veteri
391 4093 515 4145 Lectione
540 4099 717 4159 contemptae,
741 4111 816 4160 quam
834 4100 859 4145 et
881 4096 980 4161 priscae
996 4094 1145 4157 Editiones,
1168 4099 1195 4144 et
1211 4094 1318 4145 Codices

200 4162 316 4227 plerique
340 4178 425 4213 omnes
449 4160 577 4214 exhibent.
613 4163 729 4213 Demiror
752 4163 866 4228 equidem
884 4163 1019 4215 Oanmrum
1042 4163 1155 4228 aliosque
1177 4167 1318 4213 contentae

200 4229 243 4278 hic
266 4229 397 4293 maluisse,
424 4231 476 4282 sive
499 4230 654 4282 mediocria:
681 4232 748 4297 quod
770 4247 802 4281 ne
819 4231 941 4283 Latinum
964 4232 1064 4298 quidem
1087 4236 1139 4296 est,
1165 4244 1246 4295 neque
1263 4229 1318 4280 ulla
