2842 4758
216 249 277 311 368
602 256 633 316 q.
656 256 798 304 nocturn
819 252 944 303 macor

278 395 452 462 Nobiscum
474 390 562 469 vivit
584 391 718 467 multum
742 389 903 455 demissus
925 389 1019 455 homo
1041 390 1111 455 ille:

278 481 385 545 Turdo
407 497 446 542 ac
467 495 644 558 cognomen
666 473 779 561 pingui
800 474 927 540 clamne.
971 473 1023 539 hio
1046 475 1130 557 fugit
1150 476 1264 543 omnis

513 612 536 643 v.
555 595 596 646 57.
613 592 690 657 Vulg.
709 592 762 642 lllr'.
794 594 834 643 58.
852 591 944 653 Turdo,
963 608 1018 658 cog.

215 732 405 782 diuinationem
422 730 635 796 probauerunt‘:
662 743 694 779 an
712 732 738 778 et
754 728 796 778 hic
816 743 915 792 qnoque
932 727 1015 793 leget,
1042 728 1082 778 De
1098 730 1196 780 notula
1214 730 1355 783 aeolum?

213 800 271 849 Non
289 799 404 863 equidem
423 797 526 848 memini
550 797 683 848 hocinter
700 797 773 847 Iocos
791 794 921 845 Ciceronis
939 795 1098 847 auctoribus
1115 797 1224 848 relatum
1241 815 1320 850 esse.

281 869 322 919 57.
358 864 472 916 Mullum
490 867 617 916 demisisse
634 866 712 915 bomo
729 864 781 926 ills]
801 864 851 913 Hic
868 863 939 913 locus
954 864 1027 928 quasi
1045 866 1165 930 scopulus
1183 871 1235 928 est,
1257 868 1355 917 Inter·

213 940 313 1000 protum
330 934 443 984 omnium
461 933 602 999 naufragiis
616 933 726 982 infamis.
752 931 897 994 Videamus,
916 931 938 981 si
956 947 1003 981 nos
1020 930 1085 982 salvi
1097 949 1158 982 ‘enm
1177 935 1355 1000 praetervehi

212 1019 354 1069 possumus.
389 1001 444 1064 „Ar
459 1017 508 1052 nos
525 1004 638 1051 uirtutes
654 1003 727 1066 ipsas
744 1002 910 1063 invertimus,
941 1004 1021 1064 abque
1047 1000 1188 1052 Sincerum
1215 1006 1356 1069 cupimus

212 1087 259 1121 uas
276 1073 435 1120 incrustare.
453 1072 554 1136 protus
571 1072 631 1133 quis
642 1067 786 1118 Nobiscum
804 1070 888 1130 uiuit;
905 1068 1019 1117 multum
1037 1069 1166 1119 dunum
1183 1071 1286 1122 loma:
1307 1072 1356 1121 illi

216 1138 305 1189 Tarda
323 1153 469 1201 cognomen
485 1140 586 1203 pingui
608 1136 728 1187 darauf*
762 1136 810 1185 hoc
829 1140 881 1196 est,
900 1152 931 1186 ex
948 1137 1076 1185 communi
1093 1136 1267 1202 interpretum
1289 1155 1354 1190 sen·

212 1207 307 1267 tentia,
335 1206 364 1255 Si
380 1206 481 1272 probus
499 1207 556 1269 quis
573 1209 625 1266 est,
650 1219 696 1253 nos
719 1219 767 1269 par
789 1203 968 1254 contumeliam
992 1202 1134 1254 demissum
1152 1221 1296 1267 vocamus3
1328 1207 1354 1256 si

213 1275 308 1324 tardus
326 1279 371 1334 est,
389 1276 524 1339 pinguem.
559 1273 591 1321 in
609 1288 639 1321 eo
656 1276 755 1321 tantum
773 1285 787 1321 a
805 1270 933 1322 retembus
951 1271 1020 1320 Novi
1036 1271 1183 1336 discedunt,
1209 1275 1285 1338 qnod
1305 1275 1355 1325 illi

213 1343 320 1392 inversis
337 1341 421 1391 verbis
440 1344 572 1402 enarrant,
597 1340 626 1389 Si
640 1342 754 1406 pinguis
777 1345 829 1402 est,
856 1339 963 1389 tardum
980 1355 1111 1390 vocamus:
1137 1342 1165 1391 hi
1183 1348 1297 1405 eontra,
1326 1344 1352 1393 si

213 1409 308 1459 tardus
330 1415 381 1471 est,
404 1412 539 1475 pinguem.
575 1409 636 1473 quia
659 1407 765 1457 dubiam
787 1413 826 1456 cst
849 1407 962 1468 scilicet,
988 1413 1073 1457 utrum
1097 1413 1155 1458 utro
1178 1409 1292 1460 verbum
1313 1412 1353 1460 sit

213 1477 429 1528 contumeliosius.
464 1477 558 1526 Mirum
575 1493 634 1526 vero
652 1479 705 1537 est,
723 1490 770 1525 nce
788 1475 834 1524 hos
851 1491 934 1539 neque
950 1475 1009 1525 iilos
1027 1476 1177 1540 diligentius
1195 1479 1352 1529 attendisse

212 1546 311 1595 animos
335 1544 367 1594 ad
391 1545 466 1594 verba
490 1545 612 1595 auctoris.
649 1542 782 1606 Virtutes,
807 1543 907 1607 iuquit,
930 1546 1004 1608 ipsas
1022 1547 1193 1595 invertimurz
1221 1544 1351 1596 Cautum

212 1613 338 1662 hominem
357 1619 382 1662 et
399 1613 563 1677 prudentem,
585 1612 672 1662 fictum
690 1614 716 1660 et
733 1615 846 1660 astutum
862 1626 995 1672 vocamns;
1020 1612 1181 1677 simplicem,
1205 1615 1351 1664 communi

212 1697 287 1731 sensu
311 1696 396 1731 carere
420 1680 541 1730 dicimus:
575 1681 702 1744 probum,
726 1679 778 1729 alio
802 1679 905 1729 nomine
927 1680 1091 1729 traducimus.
1135 1680 1211 1731 Vides
1241 1683 1353 1748 opinor

212 1752 325 1799 uirtutes
341 1747 384 1798 hio
402 1749 472 1813 poni,
488 1748 679 1814 prudentiam,
696 1746 908 1812 rinrplicitalem,
926 1749 1100 1813 prolitatcm3
1127 1765 1188 1813 quas
1215 1748 1265 1800 sub
1299 1767 1349 1801 co·

211 1822 345 1881 gnatorum
356 1817 477 1866 vitiorum
494 1816 640 1866 nominibus
655 1815 764 1881 deprimi
783 1820 809 1865 et
826 1815 950 1866 infuscari
967 1816 1057 1865 solitas
1074 1822 1163 1866 auctor
1173 1815 1351 1882 indignatur.

211 1886 381 1948 lamentam,
406 1901 462 1934 cum
481 1889 613 1949 exponunt
630 1885 802 1949 Interpretes,
827 1885 853 1932 si
869 1882 964 1933 tardus
981 1889 1028 1948 est,
1051 1887 1180 1949 pinguem
1198 1901 1347 1949 necamus,

211 1953 250 2003 vei
268 1953 390 2017 vicissim,
407 1955 432 2002 si
445 1955 558 2019 pinguis
575 1956 620 2013 eat,
640 1951 762 2002 tardum:
783 1950 848 2001 scire
866 1951 952 2014 velim,
970 1955 1055 2001 utrum
1072 1967 1103 2002 ex
1117 1953 1158 2002 his
1175 1969 1269 2003 nomen
1290 1970 1347 2020 pro

211 2025 310 2071 uirtute
332 2022 374 2071 hic
398 2021 486 2071 haberi
512 2019 650 2070 censeant?
683 2017 871 2069 tarditatemne
893 2020 1007 2083 ingenii,
1034 2035 1066 2069 an
1095 2020 1349 2085 pinguitudinem?

211 2089 279 2144 Quid
297 2090 347 2139 iam
366 2088 501 2149 haesitant,
520 2094 545 2137 et
555 2089 688 2137 mussant?
705 2087 832 2151 Dispudet
849 2102 909 2136 sane
926 2092 965 2136 tot
982 2087 1177 2137 virosdoctrina
1194 2089 1348 2154 etingenio

211 2157 361 2207 excellentes
379 2162 430 2206 tam
449 2156 612 2221 neglegenter
629 2156 671 2205 hio
689 2160 801 2205 versatos
818 2171 886 2214 esse3
910 2171 992 2220 neque
1016 2155 1083 2205 enim
1101 2156 1172 2221 ipsos
1191 2157 1347 2209 tardorum

209 2228 385 2290 pinguiumue
408 2240 499 2275 nomen
522 2224 565 2274 hic
589 2223 640 2273 sibi
664 2223 817 2287 quaesivisse
841 2223 880 2272 ias
899 2224 973 2273 nobis
990 2228 1030 2273 est
1046 2224 1137 2274 dicere.
1174 2225 1235 2275 Sine
1251 2225 1346 2275 dubio

211 2298 237 2342 et
254 2293 328 2342 tardi
345 2297 371 2342 et
386 2295 497 2358 pinguis
515 2293 667 2357 cognomina
683 2291 850 2342 contumeliae
868 2290 924 2340 loco
941 2291 985 2340 bio
1002 2292 1086 2356 posita
1103 2297 1177 2344 sunt:
1196 2298 1225 2342 ut
1237 2293 1343 2343 Teren-

211 2363 263 2410 tius
279 2361 405 2411 Eunucho
423 2360 453 2422 V,
473 2362 496 2412 8.
515 2363 547 2422 [v.
566 2361 612 2424 49]
647 2358 769 2423 „Fatuus
787 2364 839 2422 est,
857 2359 989 2422 insulsus,
1008 2359 1108 2420 tardus,
1126 2363 1216 2410 stertit
1230 2367 1345 2412 noctes·

211 2445 261 2494 quc
278 2434 304 2478 el
322 2429 402 2480 dias.“
429 2429 474 2478 ubi
491 2429 620 2488 Donatus,
637 2427 795 2491 „Intellecta
813 2426 905 2477 tardos
922 2442 1061 2490 vocamur,
1085 2430 1133 2492 qui
1149 2428 1227 2477 stulti
1242 2431 1346 2481 πυκά(

210 2497 314 2561 Pingue
331 2502 415 2546 autem
433 2499 572 2561 ingenium
590 2512 636 2560 pro
652 2494 760 2560 stupido
778 2494 872 2544 Noster
888 2498 913 2544 et
927 2495 1031 2554 Ouidius
1050 2494 1176 2546 dixenrnt.
1203 2496 1343 2551 Quaeren-

210 2565 256 2614 dae
274 2566 360 2628 itaque
377 2565 428 2614 iam
446 2570 520 2628 sunt,
538 2580 569 2614 ex
586 2574 668 2613 mente
685 2564 812 2623 auctoris,
830 2563 937 2612 virtutes
954 2562 1028 2627 illae,
1047 2579 1111 2627 quae
1129 2579 1204 2628 aegre
1221 2564 1265 2613 ilie
1285 2565 1344 2615 sert

210 2631 256 2682 sub
273 2632 364 2682 horum
381 2633 501 2681 vitiorum
520 2631 590 2680 larva
608 2631 708 2681 traduci
727 2636 752 2680 et
769 2631 886 2680 derideri.
922 2631 1010 2693 Neque
1028 2646 1086 2680 vero
1109 2631 1155 2681 diu
1171 2632 1343 2694 indagandae

210 2704 283 2751 sunt:
302 2698 338 2751 sie
356 2699 469 2749 enimin
487 2704 607 2764 promptu
625 2704 663 2748 est
680 2714 739 2748 vera
756 2698 832 2747 huius
849 2698 899 2747 loci
917 2699 1008 2748 lectio:
1028 2701 1144 2764 „probru
1161 2702 1221 2764 quis
1236 2698 1342 2751 Nabis-

210 2783 269 2816 cum
288 2769 367 2830 oc'uit,
385 2767 497 2817 multum
516 2767 643 2816 demissus
661 2768 738 2817 loma
757 2766 816 2828 ille,·
846 2764 936 2815 Tarda
954 2782 983 2815 ac
1002 2781 1149 2831 cognomen
1165 2770 1268 2832 pingui
1286 2769 1342 2819 da-

209 2835 294 2885 ruus.“
328 2834 375 2883 hoc
394 2840 446 2895 est,
474 2834 496 2884 si
520 2836 620 2899 probru
643 2835 700 2899 qnis
725 2839 750 2883 et
774 2835 900 2884 demissus
918 2833 1048 2883 nobiscum
1067 2834 1146 2895 vivit,
1175 2835 1284 2885 tardum
1306 2852 1340 2886 ao

207 2906 336 2968 pinguem
354 2903 520 2953 nominamus.
557 2902 606 2951 Ille
622 2908 707 2952 autem
724 2906 793 2952 extat
810 2901 834 2951 iu
852 2900 990 2952 Blandinio
1005 2901 1112 2967 Grnquii
1129 2903 1244 2953 omnium
1261 2910 1340 2954 vetu-

208 2970 334 3021 stissimo:
353 2971 392 3020 Ac
402 2987 432 3020 cx
445 2969 591 3020 coniectura
608 2970 760 3031 addidimus,
779 2969 846 3034 quod
863 2969 937 3019 iacilc
955 2969 1138 3034 perLibrarios
1156 2971 1220 3021 elidi
1237 2973 1338 3036 potnit,

210 3055 266 3089 cum
283 3043 388 3105 propter
405 3039 528 3088 orationis
546 3038 718 3105 hyperbaton,
737 3042 790 3087 tum
807 3038 839 3087 ob
858 3044 1036 3087 consonantem
1056 3038 1075 3086 Ο
1092 3040 1208 3104 proxime
1226 3055 1338 3103 sequen-

209 3113 267 3157 tem.
296 3109 348 3156 lam
363 3124 428 3167 vero,
448 3106 515 3171 qnod
530 3106 562 3155 ad
580 3107 731 3156 sententiam
749 3106 850 3165 attinet,
866 3107 968 3170 probru
985 3111 1011 3154 st
1027 3106 1155 3155 demissus
1171 3108 1337 3172 propinquas

209 3182 234 3224 ct
252 3180 373 3239 cognatas
390 3176 497 3224 virtutes
515 3180 621 3239 notant,
644 3174 751 3238 ideoque
768 3174 810 3223 hic
827 3175 1033 3237 coniunguntur,
1051 3179 1081 3223 ut
1097 3174 1166 3238 apud
1184 3174 1337 3226 Ciceronem

208 3243 239 3293 da
262 3243 366 3292 Oratore
383 3244 418 3294 11.
443 3258 464 3291 c.
482 3245 524 3294 43.
551 3245 577 3307 [3¹
599 3244 656 3305 182]
692 3241 875 3305 .‚Fucililatir‚
899 3242 1083 3303 liberalitatis,
1107 3244 1335 3308 mansuetudinis,

207 3313 325 3376 pietatis,
341 3312 418 3374 grati
435 3313 529 3370 animi,
547 3326 600 3360 non
619 3312 782 3375 appetentes,
800 3325 854 3359 uon
875 3309 950 3358 auidi
955 3346 962 3371 ‚
980 3312 1060 3373 cigna
1078 3309 1200 3374 proferri
1214 3312 1334 3376 perutile

209 3383 263 3427 ert:
278 3393 360 3441 caque
378 3381 478 3437 amrria,
495 3393 563 3442 quae
580 3378 726 3443 proborum,
744 3377 916 3438 demissorum,
935 3393 989 3427 non
1008 3379 1120 3437 acriam,
1139 3394 1193 3428 reon
1209 3381 1334 3444 pertina-

209 3449 287 3507 cium,
306 3461 360 3494 non
379 3445 567 3509 litigiosorum,
584 3461 638 3495 non
657 3447 814 3496 acerborum
830 3451 901 3508 sunt,
921 3445 998 3495 valde
1015 3446 1223 3496 benevolentiam
1242 3450 1332 3497 conci·

210 3514 304 3566 liant,“
333 3514 429 3562 Iterum
449 3512 537 3563 Cicero
555 3530 601 3578 pro
620 3514 727 3563 Murena
743 3528 765 3562 c.
778 3515 819 3565 40.
839 3513 868 3578 [ξ
882 3514 925 3575 ΘΊ]
951 3513 1013 3576 „Sit
1030 3513 1106 3578 apud
1122 3529 1168 3562 vor
1185 3515 1333 3565 modestiae

209 3582 297 3645 locus,
321 3583 358 3631 sit
374 3580 490 3631 demissis
507 3580 653 3631 hominibus
669 3580 841 3646 perfugium,
865 3583 901 3630 rit
917 3582 1052 3632 auritium
1069 3581 1195 3646 pudori.“
1230 3582 1272 3632 Ex
1291 3582 1332 3633 his

207 3649 284 3699 facile
302 3649 443 3713 intelligis,
469 3650 592 3713 Pratum,
617 3649 772 3710 demissum,
796 3654 977 3712 mansuetum,
1001 3650 1159 3710 modestum,
1176 3649 1331 3715 pudentem,

206 3718 313 3768 virtutes
323 3717 391 3768 inter
404 3734 430 3767 se
446 3718 534 3768 affines
545 3717 702 3782 significare3
720 3722 750 3766 ut
763 3717 831 3781 apud
843 3718 960 3779 Graecos,
973 3714 1082 3779 ἐπιεικῆ,
1095 3718 1194 3784 πρᾶον,
1204 3716 1331 3784 μέτριον,

202 3781 336 3855 χρηστόν.
377 3785 445 3841 Quid
468 3788 554 3850 itaque
578 3785 620 3834 hic
644 3785 757 3849 iaciunt,
784 3786 829 3849 qui
852 3787 938 3834 omnia
962 3786 990 3835 in
1013 3786 1086 3850 peius
1110 3786 1331 3849 interpretantur?

206 3870 297 3919 nempe
314 3853 438 3904 eiusmodi
456 3855 595 3915 hominem,
621 3853 752 3917 quianon
770 3869 834 3903 acer
851 3858 902 3916 est,
925 3869 977 3903 non
1002 3854 1133 3903 vehemens
1158 3857 1184 3903 et
1207 3852 1331 3919 fervidus,

206 3938 253 3986 pro
272 3923 351 3971 tardo
369 3928 396 3972 et
410 3925 509 3988 pingui
526 3922 676 3971 traducunt:
700 3920 776 3985 idque
794 3936 829 3970 eu
845 3936 933 3985 more,
957 3926 987 3971 ut
1010 3922 1048 3971 ait
1074 3923 1167 3972 Noster
1184 3920 1261 3983 alibi,
1287 3936 1334 3971 co-

205 3990 430 4052 gnatauccalula
445 3990 523 4039 rebrat
535 3993 705 4053 imponentes.
735 3989 837 4053 Exigua
854 3988 921 4039 enim
940 3994 1000 4038 sunt
1015 3990 1139 4039 virtutum
1158 3990 1332 4054 vitiorumque

206 4057 329 4118 continia3
357 4062 383 4106 et
405 4058 509 4106 omnino
532 4057 647 4122 paullum
671 4059 777 4107 interest
794 4057 863 4107 inter
879 4072 934 4107 nan
953 4072 1041 4107 acrem
1059 4062 1085 4106 et
1105 4057 1225 4108 tardum:
1253 4057 1332 4108 facile

206 4123 293 4188 itaque
322 4123 476 4190 probitatem
499 4128 543 4190 qni
568 4124 720 4175 calumniari
742 4124 810 4186 vult,
835 4124 990 4175 tarditatem
1016 4125 1142 4190 appellat3
1166 4129 1198 4174 ut
1214 4124 1332 4176 vicissim

207 4206 265 4240 oum
282 4191 386 4242 laudare
403 4192 502 4257 studet,
527 4194 671 4258 probitatis
696 4208 787 4242 nomen
812 4197 838 4243 et
860 4193 1033 4258 patrocinium
1052 4194 1177 4244 tarditati
1192 4194 1332 4260 praetexit.
