<?xml version="1.0" encoding="UTF-8"?>
<!DOCTYPE html PUBLIC "-//W3C//DTD XHTML 1.0 Transitional//EN"
    "http://www.w3.org/TR/xhtml1/DTD/xhtml1-transitional.dtd">
<html xmlns="http://www.w3.org/1999/xhtml" xml:lang="en" lang="en">
 <head>
  <title>
</title>
<meta http-equiv="Content-Type" content="text/html;charset=utf-8" />
  <meta name='ocr-system' content='tesseract 3.04.00' />
  <meta name='ocr-capabilities' content='ocr_page ocr_carea ocr_par ocr_line ocrx_word'/>
</head>
<body>
  <div class='ocr_page' id='page_1' title='image "./qhoratiusflaccu02bentgoog_0292.png"; bbox 0 0 2842 4758; ppageno 0'>
   <div class='ocr_carea' id='block_1_1' title="bbox 347 259 733 315">
    <p class='ocr_par' dir='ltr' id='par_1_1' title="bbox 347 259 733 315">
     <span class='ocr_line' id='line_1_1' title="bbox 347 259 733 315; baseline -0.008 0"><span class='ocrx_word' id='word_1_1' title='bbox 347 265 533 315; x_wconf 67' lang='lat' dir='ltr'>sanorum</span> <span class='ocrx_word' id='word_1_2' title='bbox 547 264 614 312; x_wconf 74' lang='grc' dir='ltr'>ΜΒ.</span> <span class='ocrx_word' id='word_1_3' title='bbox 628 265 653 312; x_wconf 81' lang='lat'>1.</span> <span class='ocrx_word' id='word_1_4' title='bbox 667 259 693 313; x_wconf 73' lang='lat'>2.</span> <span class='ocrx_word' id='word_1_5' title='bbox 708 259 733 312; x_wconf 81' lang='grc'>3.</span> 
     </span>
    </p>
   </div>
   <div class='ocr_carea' id='block_1_2' title="bbox 103 398 970 823">
    <p class='ocr_par' dir='ltr' id='par_1_2' title="bbox 103 398 880 485">
     <span class='ocr_line' id='line_1_2' title="bbox 103 398 880 485; baseline -0.003 -19"><span class='ocrx_word' id='word_1_6' title='bbox 103 401 165 467; x_wconf 88' lang='lat' dir='ltr'>ussi</span> <span class='ocrx_word' id='word_1_7' title='bbox 186 420 362 485; x_wconf 87' lang='lat' dir='ltr'>numquam</span> <span class='ocrx_word' id='word_1_8' title='bbox 383 400 550 466; x_wconf 76' lang='lat' dir='ltr'><strong>desistant.</strong></span> <span class='ocrx_word' id='word_1_9' title='bbox 595 399 718 465; x_wconf 79' lang='lat' dir='ltr'>Sardus</span> <span class='ocrx_word' id='word_1_10' title='bbox 740 398 880 465; x_wconf 88' lang='lat' dir='ltr'>babebat</span> 
     </span>
    </p>

    <p class='ocr_par' dir='ltr' id='par_1_3' title="bbox 103 484 955 741">
     <span class='ocr_line' id='line_1_3' title="bbox 103 484 907 569; baseline -0.001 -19"><span class='ocrx_word' id='word_1_11' title='bbox 103 522 104 539; x_wconf 64' lang='lat'>2</span> <span class='ocrx_word' id='word_1_12' title='bbox 126 486 285 568; x_wconf 76' lang='lat' dir='ltr'>Tigellius</span> <span class='ocrx_word' id='word_1_13' title='bbox 307 485 375 551; x_wconf 87' lang='lat' dir='ltr'>boc.</span> <span class='ocrx_word' id='word_1_14' title='bbox 420 484 550 560; x_wconf 79' lang='lat' dir='ltr'>Caesar,</span> <span class='ocrx_word' id='word_1_15' title='bbox 573 485 628 566; x_wconf 91' lang='lat' dir='ltr'>qui</span> <span class='ocrx_word' id='word_1_16' title='bbox 650 502 766 564; x_wconf 80' lang='lat' dir='ltr'>cogere</span> <span class='ocrx_word' id='word_1_17' title='bbox 787 491 907 569; x_wconf 88' lang='lat' dir='ltr'>posset,</span> 
     </span>
     <span class='ocr_line' id='line_1_4' title="bbox 105 569 955 657; baseline -0.001 -22"><span class='ocrx_word' id='word_1_18' title='bbox 105 577 230 656; x_wconf 88' lang='lat' dir='ltr'>peteret</span> <span class='ocrx_word' id='word_1_19' title='bbox 252 590 309 657; x_wconf 88' lang='lat' dir='ltr'>per</span> <span class='ocrx_word' id='word_1_20' title='bbox 329 569 502 636; x_wconf 77' lang='lat' dir='ltr'>amicitiam</span> <span class='ocrx_word' id='word_1_21' title='bbox 525 569 627 654; x_wconf 87' lang='lat' dir='ltr'>patris</span> <span class='ocrx_word' id='word_1_22' title='bbox 647 575 746 650; x_wconf 88' lang='lat' dir='ltr'>atque</span> <span class='ocrx_word' id='word_1_23' title='bbox 768 589 870 644; x_wconf 88' lang='lat' dir='ltr'>suam,</span> <span class='ocrx_word' id='word_1_24' title='bbox 892 589 955 635; x_wconf 94' lang='lat' dir='ltr'>non</span> 
     </span>
     <span class='ocr_line' id='line_1_5' title="bbox 103 653 868 741; baseline -0.003 -22"><span class='ocrx_word' id='word_1_25' title='bbox 103 660 224 739; x_wconf 84' lang='lat' dir='ltr'>icquam</span> <span class='ocrx_word' id='word_1_26' title='bbox 247 656 429 741; x_wconf 86' lang='lat' dir='ltr'>proliceret:</span> <span class='ocrx_word' id='word_1_27' title='bbox 452 655 481 722; x_wconf 92' lang='lat' dir='ltr'>si</span> <span class='ocrx_word' id='word_1_28' title='bbox 502 653 721 731; x_wconf 77' lang='lat' dir='ltr'>conlibuisset,</span> <span class='ocrx_word' id='word_1_29' title='bbox 743 654 785 720; x_wconf 89' lang='lat' dir='ltr'>ab</span> <span class='ocrx_word' id='word_1_30' title='bbox 807 673 868 719; x_wconf 85' lang='lat' dir='ltr'>ovo</span> 
     </span>
    </p>

    <p class='ocr_par' dir='ltr' id='par_1_4' title="bbox 103 739 970 823">
     <span class='ocr_line' id='line_1_6' title="bbox 103 739 970 823; baseline -0.003 -18"><span class='ocrx_word' id='word_1_31' title='bbox 103 761 156 823; x_wconf 74' lang='lat' dir='ltr'>que</span> <span class='ocrx_word' id='word_1_32' title='bbox 177 740 222 807; x_wconf 90' lang='lat' dir='ltr'>ad</span> <span class='ocrx_word' id='word_1_33' title='bbox 242 741 329 806; x_wconf 93' lang='lat' dir='ltr'>mala</span> <span class='ocrx_word' id='word_1_34' title='bbox 350 741 490 817; x_wconf 79' lang='lat' dir='ltr'>iteraret,</span> <span class='ocrx_word' id='word_1_35' title='bbox 511 741 548 804; x_wconf 90' lang='lat' dir='ltr'>Ia</span> <span class='ocrx_word' id='word_1_36' title='bbox 571 739 706 817; x_wconf 88' lang='lat' dir='ltr'>Bacche,</span> <span class='ocrx_word' id='word_1_37' title='bbox 727 739 823 805; x_wconf 89' lang='lat' dir='ltr'>modo</span> <span class='ocrx_word' id='word_1_38' title='bbox 845 759 970 804; x_wconf 90' lang='lat' dir='ltr'>summa</span> 
     </span>
    </p>
   </div>
   <div class='ocr_carea' id='block_1_3' title="bbox 103 823 1025 974">
    <p class='ocr_par' dir='ltr' id='par_1_5' title="bbox 103 823 1025 974">
     <span class='ocr_line' id='line_1_7' title="bbox 103 823 1025 906; baseline -0.002 -17"><span class='ocrx_word' id='word_1_39' title='bbox 103 845 139 904; x_wconf 68' lang='lat' dir='ltr'>ee,</span> <span class='ocrx_word' id='word_1_40' title='bbox 162 826 258 891; x_wconf 91' lang='lat' dir='ltr'>modo</span> <span class='ocrx_word' id='word_1_41' title='bbox 279 825 349 902; x_wconf 83' lang='lat' dir='ltr'>hae,</span> <span class='ocrx_word' id='word_1_42' title='bbox 372 830 500 891; x_wconf 90' lang='lat' dir='ltr'>resonat</span> <span class='ocrx_word' id='word_1_43' title='bbox 521 843 605 906; x_wconf 89' lang='lat' dir='ltr'>quae</span> <span class='ocrx_word' id='word_1_44' title='bbox 627 823 755 890; x_wconf 87' lang='lat' dir='ltr'>chordis</span> <span class='ocrx_word' id='word_1_45' title='bbox 778 829 930 906; x_wconf 88' lang='lat' dir='ltr'>quattuor</span> <span class='ocrx_word' id='word_1_46' title='bbox 951 824 1025 890; x_wconf 87' lang='lat' dir='ltr'>ima.</span> 
     </span>
     <span class='ocr_line' id='line_1_8' title="bbox 397 907 688 974; baseline 0.003 -16"><span class='ocrx_word' id='word_1_47' title='bbox 397 926 420 959; x_wconf 84' lang='lat' dir='ltr'>v.</span> <span class='ocrx_word' id='word_1_48' title='bbox 438 911 462 960; x_wconf 76' lang='lat'>7.</span> <span class='ocrx_word' id='word_1_49' title='bbox 483 908 560 974; x_wconf 72' lang='lat' dir='ltr'>Vulg.</span> <span class='ocrx_word' id='word_1_50' title='bbox 580 907 688 959; x_wconf 72' lang='lat' dir='ltr'>citaret.</span> 
     </span>
    </p>
   </div>
   <div class='ocr_carea' id='block_1_4' title="bbox 103 1009 1102 4272">
    <p class='ocr_par' dir='ltr' id='par_1_6' title="bbox 103 1009 1102 4272">
     <span class='ocr_line' id='line_1_9' title="bbox 103 1009 1102 1077; baseline 0.003 -17"><span class='ocrx_word' id='word_1_51' title='bbox 103 1028 141 1076; x_wconf 67' lang='lat' dir='ltr'>que</span> <span class='ocrx_word' id='word_1_52' title='bbox 165 1011 235 1063; x_wconf 90' lang='lat' dir='ltr'>enim</span> <span class='ocrx_word' id='word_1_53' title='bbox 257 1012 387 1077; x_wconf 81' lang='lat' dir='ltr'>deprerrea</span> <span class='ocrx_word' id='word_1_54' title='bbox 410 1025 456 1074; x_wconf 89' lang='lat' dir='ltr'>per</span> <span class='ocrx_word' id='word_1_55' title='bbox 479 1025 505 1059; x_wconf 89' lang='lat' dir='ltr'>ee</span> <span class='ocrx_word' id='word_1_56' title='bbox 528 1009 657 1060; x_wconf 86' lang='lat' dir='ltr'>dominam</span> <span class='ocrx_word' id='word_1_57' title='bbox 682 1009 827 1073; x_wconf 72' lang='lat' dir='ltr'>significare</span> <span class='ocrx_word' id='word_1_58' title='bbox 850 1010 960 1077; x_wconf 84' lang='lat' dir='ltr'>poterit:</span> <span class='ocrx_word' id='word_1_59' title='bbox 994 1026 1051 1061; x_wconf 86' lang='lat' dir='ltr'>oum</span> <span class='ocrx_word' id='word_1_60' title='bbox 1076 1018 1102 1063; x_wconf 84' lang='lat' dir='ltr'>et</span> 
     </span>
     <span class='ocr_line' id='line_1_10' title="bbox 109 1077 771 1143; baseline -0.003 -14"><span class='ocrx_word' id='word_1_61' title='bbox 109 1085 134 1129; x_wconf 87' lang='lat' dir='ltr'>et</span> <span class='ocrx_word' id='word_1_62' title='bbox 151 1080 275 1141; x_wconf 89' lang='lat' dir='ltr'>adultera,</span> <span class='ocrx_word' id='word_1_63' title='bbox 293 1086 319 1130; x_wconf 89' lang='lat' dir='ltr'>et</span> <span class='ocrx_word' id='word_1_64' title='bbox 336 1078 436 1129; x_wconf 77' lang='lat' dir='ltr'>adulter</span> <span class='ocrx_word' id='word_1_65' title='bbox 453 1077 508 1142; x_wconf 87' lang='lat' dir='ltr'>ipse</span> <span class='ocrx_word' id='word_1_66' title='bbox 526 1077 652 1143; x_wconf 69' lang='lat' dir='ltr'>deprensi</span> <span class='ocrx_word' id='word_1_67' title='bbox 666 1077 771 1127; x_wconf 71' lang='lat' dir='ltr'>iuemnt</span> 
     </span>
     <span class='ocr_line' id='line_1_11' title="bbox 111 1144 1100 1213; baseline -0.003 -14"><span class='ocrx_word' id='word_1_68' title='bbox 111 1145 197 1213; x_wconf 77' lang='lat' dir='ltr'>Usque</span> <span class='ocrx_word' id='word_1_69' title='bbox 213 1148 251 1198; x_wconf 86' lang='lat' dir='ltr'>ad</span> <span class='ocrx_word' id='word_1_70' title='bbox 266 1147 340 1198; x_wconf 88' lang='lat' dir='ltr'>mala</span> <span class='ocrx_word' id='word_1_71' title='bbox 358 1149 461 1207; x_wconf 84' lang='lat' dir='ltr'>citaret,</span> <span class='ocrx_word' id='word_1_72' title='bbox 480 1145 510 1194; x_wconf 93' lang='lat' dir='ltr'>Io</span> <span class='ocrx_word' id='word_1_73' title='bbox 527 1144 641 1209; x_wconf 80' lang='lat' dir='ltr'>Bacche]</span> <span class='ocrx_word' id='word_1_74' title='bbox 669 1146 699 1195; x_wconf 93' lang='lat' dir='ltr'>Io</span> <span class='ocrx_word' id='word_1_75' title='bbox 716 1144 821 1196; x_wconf 80' lang='lat' dir='ltr'>Bacche</span> <span class='ocrx_word' id='word_1_76' title='bbox 837 1145 938 1197; x_wconf 84' lang='lat' dir='ltr'>ridetur</span> <span class='ocrx_word' id='word_1_77' title='bbox 955 1144 1033 1196; x_wconf 79' lang='lat' dir='ltr'>luisse</span> <span class='ocrx_word' id='word_1_78' title='bbox 1050 1147 1100 1196; x_wconf 88' lang='lat' dir='ltr'>ini-</span> 
     </span>
     <span class='ocr_line' id='line_1_12' title="bbox 103 1211 1100 1281; baseline 0 -17"><span class='ocrx_word' id='word_1_79' title='bbox 103 1216 179 1265; x_wconf 87' lang='lat' dir='ltr'>ntici:</span> <span class='ocrx_word' id='word_1_80' title='bbox 198 1216 235 1266; x_wconf 91' lang='lat' dir='ltr'>sic</span> <span class='ocrx_word' id='word_1_81' title='bbox 253 1215 319 1265; x_wconf 85' lang='lat' dir='ltr'>euim</span> <span class='ocrx_word' id='word_1_82' title='bbox 337 1215 399 1264; x_wconf 88' lang='lat' dir='ltr'>olim</span> <span class='ocrx_word' id='word_1_83' title='bbox 416 1211 533 1262; x_wconf 85' lang='lat' dir='ltr'>solebant</span> <span class='ocrx_word' id='word_1_84' title='bbox 550 1217 576 1263; x_wconf 94' lang='lat' dir='ltr'>et</span> <span class='ocrx_word' id='word_1_85' title='bbox 593 1212 694 1263; x_wconf 88' lang='lat' dir='ltr'>cantica</span> <span class='ocrx_word' id='word_1_86' title='bbox 712 1218 738 1263; x_wconf 90' lang='lat' dir='ltr'>et</span> <span class='ocrx_word' id='word_1_87' title='bbox 754 1220 871 1280; x_wconf 76' lang='lat' dir='ltr'>poemata</span> <span class='ocrx_word' id='word_1_88' title='bbox 888 1215 1011 1281; x_wconf 80' lang='lat' dir='ltr'>oprimis</span> <span class='ocrx_word' id='word_1_89' title='bbox 1028 1231 1100 1264; x_wconf 85' lang='lat' dir='ltr'>voca·</span> 
     </span>
     <span class='ocr_line' id='line_1_13' title="bbox 103 1281 1101 1348; baseline 0.001 -16"><span class='ocrx_word' id='word_1_90' title='bbox 103 1283 207 1348; x_wconf 70' lang='lat' dir='ltr'>signare.</span> <span class='ocrx_word' id='word_1_91' title='bbox 241 1282 344 1333; x_wconf 87' lang='lat' dir='ltr'>Persius</span> <span class='ocrx_word' id='word_1_92' title='bbox 362 1284 415 1333; x_wconf 79' lang='lat' dir='ltr'>Sat.</span> <span class='ocrx_word' id='word_1_93' title='bbox 433 1281 454 1332; x_wconf 91' lang='lat'>1.</span> <span class='ocrx_word' id='word_1_94' title='bbox 474 1283 506 1343; x_wconf 82' lang='grc' dir='ltr'>[κ.</span> <span class='ocrx_word' id='word_1_95' title='bbox 525 1282 568 1344; x_wconf 71' lang='grc'>96]</span> <span class='ocrx_word' id='word_1_96' title='bbox 602 1282 698 1345; x_wconf 82' lang='lat' dir='ltr'>„Arma</span> <span class='ocrx_word' id='word_1_97' title='bbox 714 1282 805 1342; x_wconf 82' lang='lat' dir='ltr'>ritum,</span> <span class='ocrx_word' id='word_1_98' title='bbox 824 1298 913 1333; x_wconf 89' lang='lat' dir='ltr'>nonne</span> <span class='ocrx_word' id='word_1_99' title='bbox 929 1284 980 1332; x_wconf 83' lang='lat' dir='ltr'>boc</span> <span class='ocrx_word' id='word_1_100' title='bbox 996 1297 1101 1347; x_wconf 76' lang='lat' dir='ltr'>apremo-</span> 
     </span>
     <span class='ocr_line' id='line_1_14' title="bbox 110 1348 1101 1417; baseline -0.002 -16"><span class='ocrx_word' id='word_1_101' title='bbox 110 1354 211 1402; x_wconf 79' lang='lat' dir='ltr'>corta&#39;ce</span> <span class='ocrx_word' id='word_1_102' title='bbox 230 1353 364 1417; x_wconf 57' lang='lat' dir='ltr'>pinguim</span> <span class='ocrx_word' id='word_1_103' title='bbox 399 1348 473 1400; x_wconf 72' lang='lat' dir='ltr'>ovid.</span> <span class='ocrx_word' id='word_1_104' title='bbox 491 1348 568 1399; x_wconf 77' lang='lat' dir='ltr'>Triet</span> <span class='ocrx_word' id='word_1_105' title='bbox 585 1349 620 1399; x_wconf 92' lang='lat' dir='ltr'>Il.</span> <span class='ocrx_word' id='word_1_106' title='bbox 645 1352 676 1412; x_wconf 88' lang='lat' dir='ltr'>[v.</span> <span class='ocrx_word' id='word_1_107' title='bbox 695 1351 756 1412; x_wconf 79' lang='lat' dir='ltr'>tol]</span> <span class='ocrx_word' id='word_1_108' title='bbox 790 1348 940 1413; x_wconf 75' lang='lat' dir='ltr'>„Senserit</span> <span class='ocrx_word' id='word_1_109' title='bbox 956 1349 1101 1400; x_wconf 74' lang='lat' dir='ltr'>Aeneadum</span> 
     </span>
     <span class='ocr_line' id='line_1_15' title="bbox 112 1416 1102 1486; baseline 0.001 -18"><span class='ocrx_word' id='word_1_110' title='bbox 112 1419 159 1468; x_wconf 79' lang='lat' dir='ltr'>abl</span> <span class='ocrx_word' id='word_1_111' title='bbox 175 1421 279 1486; x_wconf 58' lang='lat' dir='ltr'>prinam·</span> <span class='ocrx_word' id='word_1_112' title='bbox 297 1421 423 1484; x_wconf 80' lang='lat' dir='ltr'>requiret,</span> <span class='ocrx_word' id='word_1_113' title='bbox 441 1416 595 1468; x_wconf 81' lang='lat' dir='ltr'>Aeneadum</span> <span class='ocrx_word' id='word_1_114' title='bbox 611 1419 739 1482; x_wconf 72' lang='lat' dir='ltr'>genetrice</span> <span class='ocrx_word' id='word_1_115' title='bbox 754 1416 826 1468; x_wconf 79' lang='lat' dir='ltr'>unde</span> <span class='ocrx_word' id='word_1_116' title='bbox 842 1421 878 1468; x_wconf 80' lang='lat' dir='ltr'>rit</span> <span class='ocrx_word' id='word_1_117' title='bbox 894 1420 966 1469; x_wconf 86' lang='lat' dir='ltr'>alma</span> <span class='ocrx_word' id='word_1_118' title='bbox 986 1416 1102 1472; x_wconf 79' lang='lat' dir='ltr'>Vennr.“</span> 
     </span>
     <span class='ocr_line' id='line_1_16' title="bbox 103 1484 1101 1565; baseline 0.001 -30"><span class='ocrx_word' id='word_1_119' title='bbox 103 1487 112 1535; x_wconf 96' lang='lat' dir='ltr'>l</span> <span class='ocrx_word' id='word_1_120' title='bbox 137 1487 263 1547; x_wconf 75' lang='lat' dir='ltr'>Aeneida,</span> <span class='ocrx_word' id='word_1_121' title='bbox 289 1488 337 1537; x_wconf 91' lang='lat' dir='ltr'>hoo</span> <span class='ocrx_word' id='word_1_122' title='bbox 362 1484 479 1536; x_wconf 86' lang='lat' dir='ltr'>Lucretii</span> <span class='ocrx_word' id='word_1_123' title='bbox 502 1500 566 1549; x_wconf 89' lang='lat' dir='ltr'>opus</span> <span class='ocrx_word' id='word_1_124' title='bbox 589 1485 723 1550; x_wconf 81' lang='lat' dir='ltr'>siguificat.</span> <span class='ocrx_word' id='word_1_125' title='bbox 760 1485 1101 1565; x_wconf 69' lang='lat' dir='ltr'>AristophancsAEquitibus</span> 
     </span>
     <span class='ocr_line' id='line_1_17' title="bbox 103 1542 1101 1623; baseline 0 -20"><span class='ocrx_word' id='word_1_126' title='bbox 103 1558 133 1617; x_wconf 73' lang='lat' dir='ltr'>[v.</span> <span class='ocrx_word' id='word_1_127' title='bbox 151 1557 202 1607; x_wconf 72' lang='lat'><strong>⁴192</strong></span> <span class='ocrx_word' id='word_1_128' title='bbox 221 1557 302 1618; x_wconf 73' lang='grc'><strong>(529)]</strong></span> <span class='ocrx_word' id='word_1_129' title='bbox 326 1555 399 1604; x_wconf 78' lang='lat' dir='ltr'>Aeas</span> <span class='ocrx_word' id='word_1_130' title='bbox 416 1550 444 1604; x_wconf 80' lang='grc' dir='ltr'>δ’</span> <span class='ocrx_word' id='word_1_131' title='bbox 465 1546 514 1603; x_wconf 72' lang='lat' dir='ltr'>aba</span> <span class='ocrx_word' id='word_1_132' title='bbox 531 1542 565 1613; x_wconf 77' lang='grc' dir='ltr'>ἦν</span> <span class='ocrx_word' id='word_1_133' title='bbox 581 1551 611 1603; x_wconf 68' lang='grc' dir='ltr'>ἐν</span> <span class='ocrx_word' id='word_1_134' title='bbox 628 1547 784 1621; x_wconf 75' lang='grc' dir='ltr'><strong><em>ξυμποσίῳ,</em></strong></span> <span class='ocrx_word' id='word_1_135' title='bbox 811 1554 894 1615; x_wconf 73' lang='grc' dir='ltr'><em>πλην,</em></span> <span class='ocrx_word' id='word_1_136' title='bbox 913 1556 1007 1623; x_wconf 83' lang='grc' dir='ltr'><em>Δωροῖ</em></span> <span class='ocrx_word' id='word_1_137' title='bbox 1024 1569 1101 1604; x_wconf 83' lang='grc' dir='ltr'><em>σακο-</em></span> 
     </span>
     <span class='ocr_line' id='line_1_18' title="bbox 109 1615 1102 1688; baseline 0.002 -17"><span class='ocrx_word' id='word_1_138' title='bbox 109 1619 178 1679; x_wconf 79' lang='grc' dir='ltr'>Καὶ,</span> <span class='ocrx_word' id='word_1_139' title='bbox 205 1623 331 1678; x_wconf 75' lang='grc' dir='ltr'><em>Τέκτσνες</em></span> <span class='ocrx_word' id='word_1_140' title='bbox 354 1617 456 1673; x_wconf 78' lang='grc' dir='ltr'><em>ιῦπαλ’</em></span> <span class='ocrx_word' id='word_1_141' title='bbox 479 1636 519 1670; x_wconf 83' lang='grc' dir='ltr'>ων</span> <span class='ocrx_word' id='word_1_142' title='bbox 541 1615 644 1688; x_wconf 68' lang='grc' dir='ltr'><em>ὕμνων</em></span> <span class='ocrx_word' id='word_1_143' title='bbox 680 1615 767 1676; x_wconf 73' lang='grc' dir='ltr'><strong><em>οὕτως</em></strong></span> <span class='ocrx_word' id='word_1_144' title='bbox 790 1616 911 1683; x_wconf 73' lang='grc' dir='ltr'><em>ἤνθησεν</em></span> <span class='ocrx_word' id='word_1_145' title='bbox 933 1619 1040 1678; x_wconf 75' lang='grc' dir='ltr'>ἐκεῖνος.</span> <span class='ocrx_word' id='word_1_146' title='bbox 1076 1630 1102 1673; x_wconf 85' lang='lat' dir='ltr'>et</span> 
     </span>
     <span class='ocr_line' id='line_1_19' title="bbox 114 1676 1100 1758; baseline -0.002 -16"><span class='ocrx_word' id='word_1_147' title='bbox 114 1706 141 1755; x_wconf 90' lang='lat' dir='ltr'>p.</span> <span class='ocrx_word' id='word_1_148' title='bbox 153 1692 210 1742; x_wconf 82' lang='lat'><strong>108.</strong></span> <span class='ocrx_word' id='word_1_149' title='bbox 230 1694 262 1754; x_wconf 84' lang='lat' dir='ltr'>[r.</span> <span class='ocrx_word' id='word_1_150' title='bbox 274 1693 325 1743; x_wconf 81' lang='grc'>939</span> <span class='ocrx_word' id='word_1_151' title='bbox 335 1692 416 1754; x_wconf 69' lang='lat' dir='ltr'>laert]</span> <span class='ocrx_word' id='word_1_152' title='bbox 431 1691 454 1741; x_wconf 83' lang='grc' dir='ltr'><strong>Ε</strong></span> <span class='ocrx_word' id='word_1_153' title='bbox 467 1684 488 1738; x_wconf 84' lang='grc' dir='ltr'>τ’</span> <span class='ocrx_word' id='word_1_154' title='bbox 500 1676 536 1739; x_wconf 76' lang='grc' dir='ltr'>αὖ</span> <span class='ocrx_word' id='word_1_155' title='bbox 552 1689 710 1756; x_wconf 70' lang='grc' dir='ltr'><strong><em>προμαθεῖν</em></strong></span> <span class='ocrx_word' id='word_1_156' title='bbox 728 1680 791 1758; x_wconf 75' lang='grc' dir='ltr'>ἆσμ’</span> <span class='ocrx_word' id='word_1_157' title='bbox 804 1686 953 1746; x_wconf 70' lang='grc' dir='ltr'><em>ἐδίδασκεν,</em></span> <span class='ocrx_word' id='word_1_158' title='bbox 973 1686 1012 1740; x_wconf 82' lang='grc' dir='ltr'>τὼ</span> <span class='ocrx_word' id='word_1_159' title='bbox 1020 1688 1100 1757; x_wconf 72' lang='grc' dir='ltr'>μηρὼ</span> 
     </span>
     <span class='ocr_line' id='line_1_20' title="bbox 103 1752 1100 1825; baseline 0.003 -18"><span class='ocrx_word' id='word_1_160' title='bbox 103 1774 204 1824; x_wconf 66' lang='lat' dir='ltr'>(anae,</span> <span class='ocrx_word' id='word_1_161' title='bbox 225 1761 260 1816; x_wconf 87' lang='lat' dir='ltr'>H,</span> <span class='ocrx_word' id='word_1_162' title='bbox 282 1754 409 1808; x_wconf 72' lang='grc' dir='ltr'>Παλλάδα</span> <span class='ocrx_word' id='word_1_163' title='bbox 425 1755 589 1824; x_wconf 74' lang='grc' dir='ltr'><strong><em>περσέπολιν</em></strong></span> <span class='ocrx_word' id='word_1_164' title='bbox 606 1753 708 1818; x_wconf 71' lang='grc' dir='ltr'><em>δεινὴν,</em></span> <span class='ocrx_word' id='word_1_165' title='bbox 729 1752 760 1818; x_wconf 81' lang='grc' dir='ltr'>ἢ,</span> <span class='ocrx_word' id='word_1_166' title='bbox 781 1755 937 1824; x_wconf 75' lang='grc' dir='ltr'><em>Ταλέααρόν</em></span> <span class='ocrx_word' id='word_1_167' title='bbox 953 1775 981 1809; x_wconf 85' lang='grc' dir='ltr'>ιι</span> <span class='ocrx_word' id='word_1_168' title='bbox 998 1756 1100 1825; x_wconf 81' lang='grc' dir='ltr'><em>βόαμα.</em></span> 
     </span>
     <span class='ocr_line' id='line_1_21' title="bbox 103 1825 1101 1892; baseline 0 -17"><span class='ocrx_word' id='word_1_169' title='bbox 103 1843 108 1874; x_wconf 78' lang='grc' dir='ltr'><em>ι</em></span> <span class='ocrx_word' id='word_1_170' title='bbox 126 1832 200 1876; x_wconf 89' lang='lat' dir='ltr'>notat</span> <span class='ocrx_word' id='word_1_171' title='bbox 217 1827 371 1877; x_wconf 87' lang='lat' dir='ltr'>Scholiastes</span> <span class='ocrx_word' id='word_1_172' title='bbox 388 1826 442 1876; x_wconf 87' lang='lat' dir='ltr'>illis</span> <span class='ocrx_word' id='word_1_173' title='bbox 460 1825 568 1886; x_wconf 80' lang='lat' dir='ltr'>Cratini,</span> <span class='ocrx_word' id='word_1_174' title='bbox 595 1825 637 1874; x_wconf 92' lang='lat' dir='ltr'>his</span> <span class='ocrx_word' id='word_1_175' title='bbox 650 1825 810 1890; x_wconf 88' lang='lat' dir='ltr'>Lamproclis</span> <span class='ocrx_word' id='word_1_176' title='bbox 828 1832 852 1875; x_wconf 87' lang='lat' dir='ltr'>et</span> <span class='ocrx_word' id='word_1_177' title='bbox 870 1825 982 1892; x_wconf 82' lang='lat' dir='ltr'>Cydidae</span> <span class='ocrx_word' id='word_1_178' title='bbox 1000 1828 1101 1876; x_wconf 85' lang='lat' dir='ltr'>cantica</span> 
     </span>
     <span class='ocr_line' id='line_1_22' title="bbox 104 1892 1099 1958; baseline 0.002 -15"><span class='ocrx_word' id='word_1_179' title='bbox 104 1911 220 1944; x_wconf 84' lang='lat' dir='ltr'>aeorum</span> <span class='ocrx_word' id='word_1_180' title='bbox 238 1895 321 1945; x_wconf 81' lang='lat' dir='ltr'>verbis</span> <span class='ocrx_word' id='word_1_181' title='bbox 336 1893 454 1945; x_wconf 86' lang='lat' dir='ltr'>indicari.</span> <span class='ocrx_word' id='word_1_182' title='bbox 490 1894 531 1942; x_wconf 89' lang='lat' dir='ltr'>Ita</span> <span class='ocrx_word' id='word_1_183' title='bbox 555 1897 580 1942; x_wconf 90' lang='lat' dir='ltr'>et</span> <span class='ocrx_word' id='word_1_184' title='bbox 596 1892 705 1943; x_wconf 79' lang='lat' dir='ltr'>Hesiodi</span> <span class='ocrx_word' id='word_1_185' title='bbox 722 1909 786 1958; x_wconf 87' lang='lat' dir='ltr'>opus</span> <span class='ocrx_word' id='word_1_186' title='bbox 804 1896 888 1943; x_wconf 81' lang='grc' dir='ltr'><em>Ησιαι</em></span> <span class='ocrx_word' id='word_1_187' title='bbox 906 1893 1099 1945; x_wconf 81' lang='lat' dir='ltr'>inscribebatur.</span> 
     </span>
     <span class='ocr_line' id='line_1_23' title="bbox 110 1955 1100 2043; baseline 0.001 -33"><span class='ocrx_word' id='word_1_188' title='bbox 110 1963 186 2012; x_wconf 90' lang='lat' dir='ltr'>multi</span> <span class='ocrx_word' id='word_1_189' title='bbox 209 1962 247 2012; x_wconf 93' lang='lat' dir='ltr'>ibi</span> <span class='ocrx_word' id='word_1_190' title='bbox 269 1978 355 2012; x_wconf 85' lang='lat' dir='ltr'>versus</span> <span class='ocrx_word' id='word_1_191' title='bbox 380 1962 412 2012; x_wconf 89' lang='lat' dir='ltr'>ab</span> <span class='ocrx_word' id='word_1_192' title='bbox 431 1966 458 2012; x_wconf 83' lang='lat' dir='ltr'><em>H</em></span> <span class='ocrx_word' id='word_1_193' title='bbox 476 1955 517 2021; x_wconf 77' lang='grc' dir='ltr'>σῖη</span> <span class='ocrx_word' id='word_1_194' title='bbox 542 1961 700 2043; x_wconf 82' lang='lat' dir='ltr'>inciperent3</span> <span class='ocrx_word' id='word_1_195' title='bbox 726 1976 831 2025; x_wconf 90' lang='lat' dir='ltr'>quorum</span> <span class='ocrx_word' id='word_1_196' title='bbox 856 1962 955 2026; x_wconf 82' lang='lat' dir='ltr'>aliquot</span> <span class='ocrx_word' id='word_1_197' title='bbox 978 1962 1100 2026; x_wconf 83' lang='lat' dir='ltr'>reliquiae</span> 
     </span>
     <span class='ocr_line' id='line_1_24' title="bbox 103 2024 1099 2096; baseline -0.001 -17"><span class='ocrx_word' id='word_1_198' title='bbox 103 2029 149 2079; x_wconf 87' lang='lat' dir='ltr'>die</span> <span class='ocrx_word' id='word_1_199' title='bbox 167 2036 313 2093; x_wconf 72' lang='lat' dir='ltr'>sanantur,</span> <span class='ocrx_word' id='word_1_200' title='bbox 340 2033 368 2080; x_wconf 87' lang='grc' dir='ltr'>Η</span> <span class='ocrx_word' id='word_1_201' title='bbox 385 2024 428 2092; x_wconf 67' lang='lat' dir='ltr'>aiu</span> <span class='ocrx_word' id='word_1_202' title='bbox 447 2025 578 2096; x_wconf 71' lang='grc' dir='ltr'>διδύμους</span> <span class='ocrx_word' id='word_1_203' title='bbox 597 2025 685 2096; x_wconf 70' lang='lat' dir='ltr'>acquin</span> <span class='ocrx_word' id='word_1_204' title='bbox 702 2026 818 2080; x_wconf 77' lang='grc' dir='ltr'><em>ναίσασα</em></span> <span class='ocrx_word' id='word_1_205' title='bbox 836 2028 976 2085; x_wconf 75' lang='grc' dir='ltr'><em>κολωνούς.</em></span> <span class='ocrx_word' id='word_1_206' title='bbox 1013 2031 1038 2078; x_wconf 84' lang='grc' dir='ltr'><strong><em>Η</em></strong></span> <span class='ocrx_word' id='word_1_207' title='bbox 1057 2026 1099 2091; x_wconf 76' lang='lat' dir='ltr'>oi&#39;q</span> 
     </span>
     <span class='ocr_line' id='line_1_25' title="bbox 103 2090 1099 2166; baseline 0.001 -19"><span class='ocrx_word' id='word_1_208' title='bbox 103 2095 193 2162; x_wconf 64' lang='grc' dir='ltr'>’ρι’των</span> <span class='ocrx_word' id='word_1_209' title='bbox 211 2092 266 2148; x_wconf 77' lang='grc' dir='ltr'>ἄπα</span> <span class='ocrx_word' id='word_1_210' title='bbox 285 2094 380 2154; x_wconf 75' lang='grc' dir='ltr'>κάλλος</span> <span class='ocrx_word' id='word_1_211' title='bbox 398 2094 508 2166; x_wconf 79' lang='grc' dir='ltr'><em>ἔχουσα.</em></span> <span class='ocrx_word' id='word_1_212' title='bbox 549 2098 574 2145; x_wconf 86' lang='grc' dir='ltr'><strong>Η</strong></span> <span class='ocrx_word' id='word_1_213' title='bbox 592 2090 634 2158; x_wconf 75' lang='lat' dir='ltr'>ai&#39;q</span> <span class='ocrx_word' id='word_1_214' title='bbox 656 2093 723 2163; x_wconf 78' lang='grc' dir='ltr'>Υρίη</span> <span class='ocrx_word' id='word_1_215' title='bbox 741 2092 923 2164; x_wconf 80' lang='grc' dir='ltr'><em>πυκινόφρων</em></span> <span class='ocrx_word' id='word_1_216' title='bbox 940 2095 1099 2158; x_wconf 60' lang='lat' dir='ltr'>Martanum.</span> 
     </span>
     <span class='ocr_line' id='line_1_26' title="bbox 116 2164 1101 2229; baseline -0.001 -13"><span class='ocrx_word' id='word_1_217' title='bbox 116 2166 178 2216; x_wconf 88' lang='lat' dir='ltr'>baec</span> <span class='ocrx_word' id='word_1_218' title='bbox 196 2166 311 2229; x_wconf 82' lang='lat' dir='ltr'>exempla</span> <span class='ocrx_word' id='word_1_219' title='bbox 329 2166 356 2216; x_wconf 90' lang='lat' dir='ltr'>Io</span> <span class='ocrx_word' id='word_1_220' title='bbox 374 2165 479 2217; x_wconf 78' lang='lat' dir='ltr'>Bacche</span> <span class='ocrx_word' id='word_1_221' title='bbox 495 2168 569 2214; x_wconf 90' lang='lat' dir='ltr'>notat</span> <span class='ocrx_word' id='word_1_222' title='bbox 585 2165 728 2229; x_wconf 89' lang='lat' dir='ltr'>canticum,</span> <span class='ocrx_word' id='word_1_223' title='bbox 751 2164 818 2229; x_wconf 90' lang='lat' dir='ltr'>quod</span> <span class='ocrx_word' id='word_1_224' title='bbox 843 2166 874 2215; x_wconf 90' lang='lat' dir='ltr'>ab</span> <span class='ocrx_word' id='word_1_225' title='bbox 898 2166 938 2216; x_wconf 85' lang='lat' dir='ltr'>hia</span> <span class='ocrx_word' id='word_1_226' title='bbox 956 2164 1038 2215; x_wconf 86' lang='lat' dir='ltr'>verbis</span> <span class='ocrx_word' id='word_1_227' title='bbox 1063 2171 1101 2215; x_wconf 86' lang='lat' dir='ltr'>est</span> 
     </span>
     <span class='ocr_line' id='line_1_27' title="bbox 103 2232 1100 2297; baseline 0.001 -15"><span class='ocrx_word' id='word_1_228' title='bbox 103 2250 140 2294; x_wconf 80' lang='lat' dir='ltr'>m3</span> <span class='ocrx_word' id='word_1_229' title='bbox 173 2239 199 2284; x_wconf 91' lang='lat' dir='ltr'>et</span> <span class='ocrx_word' id='word_1_230' title='bbox 224 2235 328 2284; x_wconf 83' lang='lat' dir='ltr'>candem</span> <span class='ocrx_word' id='word_1_231' title='bbox 359 2233 434 2284; x_wconf 89' lang='lat' dir='ltr'>credo</span> <span class='ocrx_word' id='word_1_232' title='bbox 464 2234 496 2283; x_wconf 93' lang='lat' dir='ltr'>ob</span> <span class='ocrx_word' id='word_1_233' title='bbox 527 2248 627 2283; x_wconf 89' lang='lat' dir='ltr'>causam</span> <span class='ocrx_word' id='word_1_234' title='bbox 651 2233 745 2282; x_wconf 65' lang='lat' dir='ltr'>Potina</span> <span class='ocrx_word' id='word_1_235' title='bbox 768 2233 920 2284; x_wconf 81' lang='lat' dir='ltr'>Archilocho</span> <span class='ocrx_word' id='word_1_236' title='bbox 943 2232 1100 2297; x_wconf 89' lang='lat' dir='ltr'>adscriptum</span> 
     </span>
     <span class='ocr_line' id='line_1_28' title="bbox 103 2287 1099 2368; baseline -0.001 -18"><span class='ocrx_word' id='word_1_237' title='bbox 103 2305 105 2314; x_wconf 83' lang='lat'><em>&#39;</em></span> <span class='ocrx_word' id='word_1_238' title='bbox 128 2300 278 2352; x_wconf 84' lang='lat' dir='ltr'>vocabatur:</span> <span class='ocrx_word' id='word_1_239' title='bbox 303 2302 462 2368; x_wconf 82' lang='lat' dir='ltr'>Hephaestio</span> <span class='ocrx_word' id='word_1_240' title='bbox 486 2317 511 2366; x_wconf 86' lang='lat' dir='ltr'>p.</span> <span class='ocrx_word' id='word_1_241' title='bbox 531 2303 572 2352; x_wconf 80' lang='lat' dir='ltr'>bb.</span> <span class='ocrx_word' id='word_1_242' title='bbox 611 2287 678 2352; x_wconf 73' lang='grc' dir='ltr'><em>Οἷόν</em></span> <span class='ocrx_word' id='word_1_243' title='bbox 701 2295 760 2351; x_wconf 75' lang='grc' dir='ltr'><em>ἐστι</em></span> <span class='ocrx_word' id='word_1_244' title='bbox 784 2296 815 2349; x_wconf 84' lang='grc' dir='ltr'>τὸ</span> <span class='ocrx_word' id='word_1_245' title='bbox 839 2296 868 2350; x_wconf 78' lang='grc' dir='ltr'>ἔν</span> <span class='ocrx_word' id='word_1_246' title='bbox 891 2297 1099 2368; x_wconf 80' lang='grc' dir='ltr'>τσῖςΑρχιλόχῳ</span> 
     </span>
     <span class='ocr_line' id='line_1_29' title="bbox 103 2364 1101 2437; baseline -0.001 -17"><span class='ocrx_word' id='word_1_247' title='bbox 103 2368 420 2436; x_wconf 33' lang='grc' dir='ltr'><em>σμένσιςΙΟΒΑΚΧΟΙΣ,</em></span> <span class='ocrx_word' id='word_1_248' title='bbox 438 2365 600 2436; x_wconf 67' lang='grc' dir='ltr'>,Λαμητρὸς</span> <span class='ocrx_word' id='word_1_249' title='bbox 618 2364 703 2435; x_wconf 66' lang='grc' dir='ltr'><em>ἁγνῆς</em></span> <span class='ocrx_word' id='word_1_250' title='bbox 719 2364 765 2418; x_wconf 79' lang='grc' dir='ltr'>καὶ</span> <span class='ocrx_word' id='word_1_251' title='bbox 781 2364 863 2436; x_wconf 67' lang='grc' dir='ltr'><em>κόρης</em></span> <span class='ocrx_word' id='word_1_252' title='bbox 879 2367 930 2430; x_wconf 77' lang='grc' dir='ltr'>τὴν</span> <span class='ocrx_word' id='word_1_253' title='bbox 947 2368 1101 2437; x_wconf 72' lang='grc' dir='ltr'><em>πανήγυριν</em></span> 
     </span>
     <span class='ocr_line' id='line_1_30' title="bbox 130 2432 1101 2505; baseline -0.001 -19"><span class='ocrx_word' id='word_1_254' title='bbox 130 2436 235 2490; x_wconf 89' lang='lat' dir='ltr'>Proclus</span> <span class='ocrx_word' id='word_1_255' title='bbox 262 2437 466 2489; x_wconf 80' lang='lat' dir='ltr'>Chrestomathia</span> <span class='ocrx_word' id='word_1_256' title='bbox 491 2453 517 2502; x_wconf 88' lang='lat' dir='ltr'>p.</span> <span class='ocrx_word' id='word_1_257' title='bbox 535 2439 593 2490; x_wconf 74' lang='lat'>342.</span> <span class='ocrx_word' id='word_1_258' title='bbox 639 2432 689 2491; x_wconf 75' lang='lat' dir='ltr'>Ele</span> <span class='ocrx_word' id='word_1_259' title='bbox 713 2432 794 2491; x_wconf 74' lang='grc' dir='ltr'><strong><em>θεοὺς</em></strong></span> <span class='ocrx_word' id='word_1_260' title='bbox 820 2432 987 2505; x_wconf 77' lang='grc' dir='ltr'><em>ἀναφέριςαι</em></span> <span class='ocrx_word' id='word_1_261' title='bbox 1014 2435 1101 2505; x_wconf 61' lang='grc' dir='ltr'><em>ὕμνον</em></span> 
     </span>
     <span class='ocr_line' id='line_1_31' title="bbox 104 2499 1100 2575; baseline 0.001 -21"><span class='ocrx_word' id='word_1_262' title='bbox 104 2502 200 2563; x_wconf 58' lang='lat' dir='ltr'>attera,</span> <span class='ocrx_word' id='word_1_263' title='bbox 229 2502 371 2574; x_wconf 84' lang='grc' dir='ltr'><em>Ιόβακχσν.</em></span> <span class='ocrx_word' id='word_1_264' title='bbox 407 2511 433 2556; x_wconf 92' lang='lat' dir='ltr'>et</span> <span class='ocrx_word' id='word_1_265' title='bbox 451 2508 509 2557; x_wconf 78' lang='lat'><strong>345.</strong></span> <span class='ocrx_word' id='word_1_266' title='bbox 544 2502 633 2556; x_wconf 78' lang='lat' dir='ltr'>Hc’cra</span> <span class='ocrx_word' id='word_1_267' title='bbox 652 2500 715 2555; x_wconf 74' lang='lat' dir='ltr'>did</span> <span class='ocrx_word' id='word_1_268' title='bbox 739 2499 869 2572; x_wconf 74' lang='grc' dir='ltr'><em>Ιόβακχσς</em></span> <span class='ocrx_word' id='word_1_269' title='bbox 886 2501 915 2554; x_wconf 78' lang='grc' dir='ltr'>ἰν</span> <span class='ocrx_word' id='word_1_270' title='bbox 932 2501 1039 2575; x_wconf 64' lang='lat' dir='ltr'>{apulie</span> <span class='ocrx_word' id='word_1_271' title='bbox 1055 2503 1100 2555; x_wconf 78' lang='lat' dir='ltr'>nai</span> 
     </span>
     <span class='ocr_line' id='line_1_32' title="bbox 134 2567 1100 2641; baseline 0.001 -18"><span class='ocrx_word' id='word_1_272' title='bbox 134 2571 269 2624; x_wconf 77' lang='grc' dir='ltr'>Διονύσου</span> <span class='ocrx_word' id='word_1_273' title='bbox 298 2572 514 2641; x_wconf 60' lang='grc' dir='ltr'><em>βεβαπτισμένοι·</em></span> <span class='ocrx_word' id='word_1_274' title='bbox 545 2571 635 2638; x_wconf 74' lang='grc' dir='ltr'><strong><em>πολλῷ</em></strong></span> <span class='ocrx_word' id='word_1_275' title='bbox 660 2567 831 2639; x_wconf 70' lang='grc' dir='ltr'><em>φρυάγματα</em></span> <span class='ocrx_word' id='word_1_276' title='bbox 872 2574 914 2622; x_wconf 91' lang='lat' dir='ltr'>Ita</span> <span class='ocrx_word' id='word_1_277' title='bbox 937 2578 963 2623; x_wconf 90' lang='lat' dir='ltr'>et</span> <span class='ocrx_word' id='word_1_278' title='bbox 984 2573 1100 2625; x_wconf 82' lang='lat' dir='ltr'>Baccha-</span> 
     </span>
     <span class='ocr_line' id='line_1_33' title="bbox 104 2639 1100 2778; baseline 0.002 -18"><span class='ocrx_word' id='word_1_279' title='bbox 104 2643 426 2778; x_wconf 52' lang='lat' dir='ltr'>iiilffi&#39;iiieflyillll</span> <span class='ocrx_word' id='word_1_280' title='bbox 442 2641 641 2775; x_wconf 53' lang='lat' dir='ltr'>“allilia</span> <span class='ocrx_word' id='word_1_281' title='bbox 656 2639 880 2774; x_wconf 50' lang='lat' dir='ltr'>iiiiii&amp;</span> <span class='ocrx_word' id='word_1_282' title='bbox 897 2641 935 2773; x_wconf 58' lang='lat' dir='ltr'>pr</span> <span class='ocrx_word' id='word_1_283' title='bbox 949 2641 1100 2775; x_wconf 55' lang='lat' dir='ltr'>bellu</span> 
     </span>
     <span class='ocr_line' id='line_1_34' title="bbox 104 2726 1100 2843; baseline 0.001 -16"><span class='ocrx_word' id='word_1_284' title='bbox 104 2796 108 2826; x_wconf 82' lang='lat' dir='ltr'>r</span> <span class='ocrx_word' id='word_1_285' title='bbox 131 2775 175 2827; x_wconf 77' lang='grc' dir='ltr'>καὶ</span> <span class='ocrx_word' id='word_1_286' title='bbox 198 2776 350 2827; x_wconf 81' lang='grc' dir='ltr'><em>παιωνίσαι</em></span> <span class='ocrx_word' id='word_1_287' title='bbox 372 2775 416 2826; x_wconf 82' lang='grc' dir='ltr'>καὶ</span> <span class='ocrx_word' id='word_1_288' title='bbox 435 2775 625 2843; x_wconf 80' lang='grc' dir='ltr'><em>Βακχέβακχαν</em></span> <span class='ocrx_word' id='word_1_289' title='bbox 643 2726 721 2843; x_wconf 42' lang='grc' dir='ltr'><em>ᾆσαι,</em></span> <span class='ocrx_word' id='word_1_290' title='bbox 758 2777 924 2827; x_wconf 87' lang='lat' dir='ltr'>Grammatici</span> <span class='ocrx_word' id='word_1_291' title='bbox 941 2783 1025 2828; x_wconf 90' lang='lat' dir='ltr'>tamen</span> <span class='ocrx_word' id='word_1_292' title='bbox 1044 2794 1100 2829; x_wconf 91' lang='lat' dir='ltr'>nar·</span> 
     </span>
     <span class='ocr_line' id='line_1_35' title="bbox 105 2840 1101 2913; baseline 0.003 -19"><span class='ocrx_word' id='word_1_293' title='bbox 105 2840 140 2895; x_wconf 87' lang='lat' dir='ltr'>rm</span> <span class='ocrx_word' id='word_1_294' title='bbox 158 2847 241 2911; x_wconf 87' lang='lat' dir='ltr'>ipsum</span> <span class='ocrx_word' id='word_1_295' title='bbox 261 2845 451 2913; x_wconf 79' lang='grc' dir='ltr'><em>Βακχέβακχσν</em></span> <span class='ocrx_word' id='word_1_296' title='bbox 469 2851 494 2895; x_wconf 90' lang='lat' dir='ltr'>et</span> <span class='ocrx_word' id='word_1_297' title='bbox 508 2842 639 2913; x_wconf 80' lang='grc' dir='ltr'><em>Ιόβακχαν</em></span> <span class='ocrx_word' id='word_1_298' title='bbox 665 2849 781 2894; x_wconf 79' lang='lat' dir='ltr'>vocatum</span> <span class='ocrx_word' id='word_1_299' title='bbox 800 2860 860 2897; x_wconf 87' lang='lat' dir='ltr'>esse.</span> <span class='ocrx_word' id='word_1_300' title='bbox 897 2845 1014 2896; x_wconf 81' lang='lat' dir='ltr'>Ceterum</span> <span class='ocrx_word' id='word_1_301' title='bbox 1032 2847 1101 2912; x_wconf 89' lang='lat' dir='ltr'>apud</span> 
     </span>
     <span class='ocr_line' id='line_1_36' title="bbox 105 2913 1100 2980; baseline 0.001 -17"><span class='ocrx_word' id='word_1_302' title='bbox 105 2931 112 2963; x_wconf 86' lang='lat' dir='ltr'>r</span> <span class='ocrx_word' id='word_1_303' title='bbox 131 2914 161 2964; x_wconf 91' lang='lat' dir='ltr'>Ia</span> <span class='ocrx_word' id='word_1_304' title='bbox 179 2913 282 2965; x_wconf 79' lang='lat' dir='ltr'>Bacche</span> <span class='ocrx_word' id='word_1_305' title='bbox 299 2914 422 2980; x_wconf 87' lang='lat' dir='ltr'>syllabam</span> <span class='ocrx_word' id='word_1_306' title='bbox 438 2913 555 2964; x_wconf 90' lang='lat' dir='ltr'>ultimam</span> <span class='ocrx_word' id='word_1_307' title='bbox 571 2913 711 2979; x_wconf 90' lang='lat' dir='ltr'>producere</span> <span class='ocrx_word' id='word_1_308' title='bbox 728 2917 827 2978; x_wconf 87' lang='lat' dir='ltr'>potest,</span> <span class='ocrx_word' id='word_1_309' title='bbox 847 2913 908 2976; x_wconf 89' lang='lat' dir='ltr'>quia</span> <span class='ocrx_word' id='word_1_310' title='bbox 925 2916 953 2963; x_wconf 90' lang='lat' dir='ltr'>in</span> <span class='ocrx_word' id='word_1_311' title='bbox 971 2930 1100 2964; x_wconf 74' lang='lat' dir='ltr'>camurana</span> 
     </span>
     <span class='ocr_line' id='line_1_37' title="bbox 115 2979 1099 3047; baseline 0.001 -16"><span class='ocrx_word' id='word_1_312' title='bbox 115 2982 181 3032; x_wconf 88' lang='lat' dir='ltr'>Sunt</span> <span class='ocrx_word' id='word_1_313' title='bbox 198 2988 290 3043; x_wconf 88' lang='lat' dir='ltr'>tamen,</span> <span class='ocrx_word' id='word_1_314' title='bbox 309 2983 353 3047; x_wconf 91' lang='lat' dir='ltr'>qui</span> <span class='ocrx_word' id='word_1_315' title='bbox 370 2986 451 3032; x_wconf 89' lang='lat' dir='ltr'>metro</span> <span class='ocrx_word' id='word_1_316' title='bbox 471 2987 609 3032; x_wconf 87' lang='lat' dir='ltr'>metuentes</span> <span class='ocrx_word' id='word_1_317' title='bbox 627 2981 657 3030; x_wconf 91' lang='lat' dir='ltr'>Io</span> <span class='ocrx_word' id='word_1_318' title='bbox 674 2979 798 3030; x_wconf 80' lang='lat' dir='ltr'>Bacchae</span> <span class='ocrx_word' id='word_1_319' title='bbox 815 2986 953 3047; x_wconf 81' lang='lat' dir='ltr'>reponant3</span> <span class='ocrx_word' id='word_1_320' title='bbox 980 2982 1021 3031; x_wconf 91' lang='lat' dir='ltr'>uti</span> <span class='ocrx_word' id='word_1_321' title='bbox 1039 2999 1099 3033; x_wconf 90' lang='lat' dir='ltr'>sane</span> 
     </span>
     <span class='ocr_line' id='line_1_38' title="bbox 105 3049 1099 3116; baseline 0.002 -18"><span class='ocrx_word' id='word_1_322' title='bbox 105 3050 151 3099; x_wconf 88' lang='lat' dir='ltr'>itio</span> <span class='ocrx_word' id='word_1_323' title='bbox 162 3051 245 3115; x_wconf 88' lang='lat' dir='ltr'>prima</span> <span class='ocrx_word' id='word_1_324' title='bbox 252 3050 358 3114; x_wconf 85' lang='lat' dir='ltr'>Veneta,</span> <span class='ocrx_word' id='word_1_325' title='bbox 375 3055 402 3100; x_wconf 91' lang='lat' dir='ltr'>et</span> <span class='ocrx_word' id='word_1_326' title='bbox 410 3049 547 3109; x_wconf 84' lang='lat' dir='ltr'>Pulmanni</span> <span class='ocrx_word' id='word_1_327' title='bbox 555 3050 654 3099; x_wconf 90' lang='lat' dir='ltr'>codices</span> <span class='ocrx_word' id='word_1_328' title='bbox 667 3052 794 3114; x_wconf 84' lang='lat' dir='ltr'>quattuor,</span> <span class='ocrx_word' id='word_1_329' title='bbox 812 3050 1011 3116; x_wconf 86' lang='lat' dir='ltr'>Bersmannique</span> <span class='ocrx_word' id='word_1_330' title='bbox 1020 3065 1099 3100; x_wconf 87' lang='lat' dir='ltr'>unus:</span> 
     </span>
     <span class='ocr_line' id='line_1_39' title="bbox 105 3113 1098 3184; baseline 0.001 -18"><span class='ocrx_word' id='word_1_331' title='bbox 105 3118 210 3168; x_wconf 80' lang='lat' dir='ltr'>rfirmare</span> <span class='ocrx_word' id='word_1_332' title='bbox 227 3119 317 3169; x_wconf 86' lang='lat' dir='ltr'>volunt</span> <span class='ocrx_word' id='word_1_333' title='bbox 333 3135 364 3169; x_wconf 87' lang='lat' dir='ltr'>ex</span> <span class='ocrx_word' id='word_1_334' title='bbox 381 3118 517 3182; x_wconf 82' lang='lat' dir='ltr'>Euripidis</span> <span class='ocrx_word' id='word_1_335' title='bbox 535 3117 642 3167; x_wconf 86' lang='lat' dir='ltr'>Bacchis</span> <span class='ocrx_word' id='word_1_336' title='bbox 660 3136 682 3168; x_wconf 86' lang='lat' dir='ltr'>v.</span> <span class='ocrx_word' id='word_1_337' title='bbox 695 3118 736 3168; x_wconf 79' lang='grc'>83.</span> <span class='ocrx_word' id='word_1_338' title='bbox 755 3122 780 3167; x_wconf 88' lang='lat' dir='ltr'>et</span> <span class='ocrx_word' id='word_1_339' title='bbox 799 3119 855 3168; x_wconf 80' lang='lat'>152.</span> <span class='ocrx_word' id='word_1_340' title='bbox 887 3120 914 3167; x_wconf 86' lang='grc' dir='ltr'>Ω</span> <span class='ocrx_word' id='word_1_341' title='bbox 933 3113 972 3168; x_wconf 83' lang='grc' dir='ltr'>ἴτε</span> <span class='ocrx_word' id='word_1_342' title='bbox 989 3113 1098 3184; x_wconf 77' lang='grc' dir='ltr'><em>βάκχαι,</em></span> 
     </span>
     <span class='ocr_line' id='line_1_40' title="bbox 105 3180 1101 3269; baseline 0.002 -35"><span class='ocrx_word' id='word_1_343' title='bbox 105 3180 182 3252; x_wconf 75' lang='grc' dir='ltr'><em>ἱκχαι.</em></span> <span class='ocrx_word' id='word_1_344' title='bbox 217 3187 301 3250; x_wconf 76' lang='lat' dir='ltr'>Magis</span> <span class='ocrx_word' id='word_1_345' title='bbox 325 3191 409 3238; x_wconf 90' lang='lat' dir='ltr'>tamen</span> <span class='ocrx_word' id='word_1_346' title='bbox 432 3187 551 3269; x_wconf 88' lang='lat' dir='ltr'>apposite</span> <span class='ocrx_word' id='word_1_347' title='bbox 577 3201 676 3236; x_wconf 85' lang='lat' dir='ltr'>versum</span> <span class='ocrx_word' id='word_1_348' title='bbox 692 3185 788 3235; x_wconf 82' lang='lat' dir='ltr'>ibidem</span> <span class='ocrx_word' id='word_1_349' title='bbox 805 3187 864 3236; x_wconf 75' lang='lat'>577.</span> <span class='ocrx_word' id='word_1_350' title='bbox 881 3185 984 3236; x_wconf 88' lang='lat' dir='ltr'>laudare</span> <span class='ocrx_word' id='word_1_351' title='bbox 1002 3185 1101 3250; x_wconf 87' lang='lat' dir='ltr'>potuis·</span> 
     </span>
     <span class='ocr_line' id='line_1_41' title="bbox 105 3247 1100 3321; baseline 0.001 -20"><span class='ocrx_word' id='word_1_352' title='bbox 105 3272 108 3297; x_wconf 75' lang='lat' dir='ltr'>r</span> <span class='ocrx_word' id='word_1_353' title='bbox 127 3247 220 3311; x_wconf 78' lang='grc' dir='ltr'>κλύετ’,</span> <span class='ocrx_word' id='word_1_354' title='bbox 240 3249 307 3321; x_wconf 73' lang='grc' dir='ltr'>ἐμᾶς</span> <span class='ocrx_word' id='word_1_355' title='bbox 323 3250 405 3305; x_wconf 80' lang='grc' dir='ltr'><em>κλύετ’</em></span> <span class='ocrx_word' id='word_1_356' title='bbox 427 3253 527 3312; x_wconf 68' lang='lat' dir='ltr'>audac,</span> <span class='ocrx_word' id='word_1_357' title='bbox 547 3251 582 3304; x_wconf 77' lang='lat' dir='ltr'>Iul</span> <span class='ocrx_word' id='word_1_358' title='bbox 601 3249 716 3320; x_wconf 77' lang='grc' dir='ltr'><em>βάκχαι,</em></span> <span class='ocrx_word' id='word_1_359' title='bbox 738 3248 769 3303; x_wconf 79' lang='lat' dir='ltr'>lai</span> <span class='ocrx_word' id='word_1_360' title='bbox 788 3250 895 3321; x_wconf 78' lang='grc' dir='ltr'><em>βάκχαι.</em></span> <span class='ocrx_word' id='word_1_361' title='bbox 934 3254 984 3304; x_wconf 86' lang='lat' dir='ltr'>Sed</span> <span class='ocrx_word' id='word_1_362' title='bbox 1001 3259 1100 3303; x_wconf 85' lang='lat' dir='ltr'>utcum-</span> 
     </span>
     <span class='ocr_line' id='line_1_42' title="bbox 106 3321 1099 3388; baseline 0.003 -19"><span class='ocrx_word' id='word_1_363' title='bbox 106 3321 197 3380; x_wconf 85' lang='lat' dir='ltr'>iuerit;</span> <span class='ocrx_word' id='word_1_364' title='bbox 215 3321 280 3371; x_wconf 93' lang='lat' dir='ltr'>illud</span> <span class='ocrx_word' id='word_1_365' title='bbox 297 3321 348 3372; x_wconf 89' lang='lat' dir='ltr'>iam</span> <span class='ocrx_word' id='word_1_366' title='bbox 365 3322 503 3373; x_wconf 84' lang='lat' dir='ltr'>videndum</span> <span class='ocrx_word' id='word_1_367' title='bbox 521 3323 584 3385; x_wconf 87' lang='lat' dir='ltr'>erit,</span> <span class='ocrx_word' id='word_1_368' title='bbox 603 3322 665 3388; x_wconf 89' lang='lat' dir='ltr'>quid</span> <span class='ocrx_word' id='word_1_369' title='bbox 683 3321 733 3371; x_wconf 89' lang='lat' dir='ltr'>sibi</span> <span class='ocrx_word' id='word_1_370' title='bbox 751 3321 814 3371; x_wconf 86' lang='lat' dir='ltr'>velit</span> <span class='ocrx_word' id='word_1_371' title='bbox 830 3324 940 3372; x_wconf 81' lang='lat' dir='ltr'>citaret:</span> <span class='ocrx_word' id='word_1_372' title='bbox 966 3324 1008 3386; x_wconf 82' lang='lat' dir='ltr'>„si</span> <span class='ocrx_word' id='word_1_373' title='bbox 1026 3323 1099 3372; x_wconf 80' lang='lat' dir='ltr'>colli-</span> 
     </span>
     <span class='ocr_line' id='line_1_43' title="bbox 114 3389 1099 3455; baseline 0.001 -16"><span class='ocrx_word' id='word_1_374' title='bbox 114 3391 147 3439; x_wconf 75' lang='grc' dir='ltr'>σὺ</span> <span class='ocrx_word' id='word_1_375' title='bbox 165 3404 214 3439; x_wconf 82' lang='lat' dir='ltr'>aaa</span> <span class='ocrx_word' id='word_1_376' title='bbox 235 3389 320 3455; x_wconf 71' lang='lat' dir='ltr'>lisque</span> <span class='ocrx_word' id='word_1_377' title='bbox 337 3390 374 3440; x_wconf 85' lang='lat' dir='ltr'>ad</span> <span class='ocrx_word' id='word_1_378' title='bbox 389 3391 462 3441; x_wconf 88' lang='lat' dir='ltr'>mala</span> <span class='ocrx_word' id='word_1_379' title='bbox 479 3392 585 3453; x_wconf 87' lang='lat' dir='ltr'>citaret,</span> <span class='ocrx_word' id='word_1_380' title='bbox 610 3391 639 3440; x_wconf 92' lang='lat' dir='ltr'>lo</span> <span class='ocrx_word' id='word_1_381' title='bbox 657 3389 774 3450; x_wconf 80' lang='lat' dir='ltr'>Bacche,</span> <span class='ocrx_word' id='word_1_382' title='bbox 798 3389 876 3440; x_wconf 86' lang='lat' dir='ltr'>modo</span> <span class='ocrx_word' id='word_1_383' title='bbox 899 3406 1002 3440; x_wconf 82' lang='lat' dir='ltr'>mmma</span> <span class='ocrx_word' id='word_1_384' title='bbox 1020 3389 1099 3454; x_wconf 85' lang='lat' dir='ltr'>Voce,</span> 
     </span>
     <span class='ocr_line' id='line_1_44' title="bbox 106 3456 1100 3523; baseline 0.002 -17"><span class='ocrx_word' id='word_1_385' title='bbox 106 3473 138 3519; x_wconf 71' lang='lat' dir='ltr'>rc,</span> <span class='ocrx_word' id='word_1_386' title='bbox 156 3462 265 3507; x_wconf 77' lang='lat' dir='ltr'>recanat</span> <span class='ocrx_word' id='word_1_387' title='bbox 281 3473 350 3523; x_wconf 84' lang='lat' dir='ltr'>qaae</span> <span class='ocrx_word' id='word_1_388' title='bbox 368 3459 475 3509; x_wconf 75' lang='lat' dir='ltr'>chordis</span> <span class='ocrx_word' id='word_1_389' title='bbox 492 3462 623 3523; x_wconf 81' lang='lat' dir='ltr'>quattuor</span> <span class='ocrx_word' id='word_1_390' title='bbox 639 3461 721 3507; x_wconf 84' lang='lat' dir='ltr'>ima.“</span> <span class='ocrx_word' id='word_1_391' title='bbox 757 3456 870 3521; x_wconf 84' lang='lat' dir='ltr'>Citurct,</span> <span class='ocrx_word' id='word_1_392' title='bbox 894 3458 968 3509; x_wconf 89' lang='lat' dir='ltr'>aiunt</span> <span class='ocrx_word' id='word_1_393' title='bbox 986 3459 1100 3508; x_wconf 87' lang='lat' dir='ltr'>Scholia·</span> 
     </span>
     <span class='ocr_line' id='line_1_45' title="bbox 114 3525 1100 3591; baseline 0.001 -17"><span class='ocrx_word' id='word_1_394' title='bbox 114 3529 165 3591; x_wconf 88' lang='lat' dir='ltr'>est,</span> <span class='ocrx_word' id='word_1_395' title='bbox 191 3526 343 3579; x_wconf 74' lang='lat' dir='ltr'>clamitaret</span> <span class='ocrx_word' id='word_1_396' title='bbox 365 3530 410 3576; x_wconf 83' lang='lat' dir='ltr'>rut</span> <span class='ocrx_word' id='word_1_397' title='bbox 434 3529 567 3576; x_wconf 85' lang='lat' dir='ltr'>recitaret.</span> <span class='ocrx_word' id='word_1_398' title='bbox 603 3526 692 3589; x_wconf 87' lang='lat' dir='ltr'>Neque</span> <span class='ocrx_word' id='word_1_399' title='bbox 709 3525 848 3590; x_wconf 88' lang='lat' dir='ltr'>quidquam</span> <span class='ocrx_word' id='word_1_400' title='bbox 865 3527 908 3576; x_wconf 91' lang='lat' dir='ltr'>hic</span> <span class='ocrx_word' id='word_1_401' title='bbox 926 3527 1023 3579; x_wconf 90' lang='lat' dir='ltr'>addunt</span> <span class='ocrx_word' id='word_1_402' title='bbox 1040 3527 1100 3576; x_wconf 86' lang='lat' dir='ltr'>novi</span> 
     </span>
     <span class='ocr_line' id='line_1_46' title="bbox 106 3593 1100 3661; baseline 0.002 -20"><span class='ocrx_word' id='word_1_403' title='bbox 106 3609 136 3642; x_wconf 88' lang='lat' dir='ltr'>es.</span> <span class='ocrx_word' id='word_1_404' title='bbox 172 3593 251 3657; x_wconf 82' lang='lat' dir='ltr'>Atqui</span> <span class='ocrx_word' id='word_1_405' title='bbox 269 3593 296 3642; x_wconf 95' lang='lat' dir='ltr'>id</span> <span class='ocrx_word' id='word_1_406' title='bbox 314 3599 369 3644; x_wconf 89' lang='lat' dir='ltr'>erat</span> <span class='ocrx_word' id='word_1_407' title='bbox 386 3594 473 3644; x_wconf 90' lang='lat' dir='ltr'>sedulo</span> <span class='ocrx_word' id='word_1_408' title='bbox 491 3593 649 3657; x_wconf 81' lang='lat' dir='ltr'>iaciendum3</span> <span class='ocrx_word' id='word_1_409' title='bbox 676 3593 698 3642; x_wconf 91' lang='lat' dir='ltr'>si</span> <span class='ocrx_word' id='word_1_410' title='bbox 716 3594 801 3653; x_wconf 86' lang='lat' dir='ltr'>verbo,</span> <span class='ocrx_word' id='word_1_411' title='bbox 819 3598 849 3643; x_wconf 89' lang='lat' dir='ltr'>ut</span> <span class='ocrx_word' id='word_1_412' title='bbox 867 3595 948 3658; x_wconf 88' lang='lat' dir='ltr'>aiunt,</span> <span class='ocrx_word' id='word_1_413' title='bbox 967 3596 1100 3661; x_wconf 89' lang='lat' dir='ltr'>aptissimo</span> 
     </span>
     <span class='ocr_line' id='line_1_47' title="bbox 106 3661 1099 3728; baseline 0 -19"><span class='ocrx_word' id='word_1_414' title='bbox 106 3680 111 3709; x_wconf 83' lang='grc' dir='ltr'><em>ι</em></span> <span class='ocrx_word' id='word_1_415' title='bbox 128 3677 181 3711; x_wconf 89' lang='lat' dir='ltr'>esse</span> <span class='ocrx_word' id='word_1_416' title='bbox 198 3662 320 3710; x_wconf 86' lang='lat' dir='ltr'>Nostrum</span> <span class='ocrx_word' id='word_1_417' title='bbox 338 3678 502 3726; x_wconf 86' lang='lat' dir='ltr'>persuasurus</span> <span class='ocrx_word' id='word_1_418' title='bbox 520 3679 573 3712; x_wconf 87' lang='lat' dir='ltr'>sese</span> <span class='ocrx_word' id='word_1_419' title='bbox 592 3663 757 3728; x_wconf 87' lang='lat' dir='ltr'>speraverint.</span> <span class='ocrx_word' id='word_1_420' title='bbox 793 3661 896 3728; x_wconf 82' lang='lat' dir='ltr'>Quippe</span> <span class='ocrx_word' id='word_1_421' title='bbox 914 3678 983 3724; x_wconf 90' lang='lat' dir='ltr'>cum,</span> <span class='ocrx_word' id='word_1_422' title='bbox 1003 3668 1032 3711; x_wconf 94' lang='lat' dir='ltr'>ut</span> <span class='ocrx_word' id='word_1_423' title='bbox 1048 3661 1099 3710; x_wconf 91' lang='lat' dir='ltr'>iam</span> 
     </span>
     <span class='ocr_line' id='line_1_48' title="bbox 123 3727 1100 3795; baseline 0 -17"><span class='ocrx_word' id='word_1_424' title='bbox 123 3728 152 3779; x_wconf 86' lang='lat' dir='ltr'>Io</span> <span class='ocrx_word' id='word_1_425' title='bbox 169 3727 275 3779; x_wconf 79' lang='lat' dir='ltr'>Bacche</span> <span class='ocrx_word' id='word_1_426' title='bbox 292 3729 328 3778; x_wconf 89' lang='lat' dir='ltr'>sit</span> <span class='ocrx_word' id='word_1_427' title='bbox 345 3732 487 3789; x_wconf 85' lang='lat' dir='ltr'>canticum3</span> <span class='ocrx_word' id='word_1_428' title='bbox 515 3730 583 3795; x_wconf 89' lang='lat' dir='ltr'>apud</span> <span class='ocrx_word' id='word_1_429' title='bbox 600 3746 734 3794; x_wconf 87' lang='lat' dir='ltr'>quemnam</span> <span class='ocrx_word' id='word_1_430' title='bbox 759 3744 852 3794; x_wconf 89' lang='lat' dir='ltr'>quaeso</span> <span class='ocrx_word' id='word_1_431' title='bbox 870 3736 995 3780; x_wconf 87' lang='lat' dir='ltr'>auctorem</span> <span class='ocrx_word' id='word_1_432' title='bbox 1016 3731 1100 3778; x_wconf 80' lang='lat' dir='ltr'>citare</span> 
     </span>
     <span class='ocr_line' id='line_1_49' title="bbox 107 3796 1100 3862; baseline -0.001 -16"><span class='ocrx_word' id='word_1_433' title='bbox 107 3812 140 3846; x_wconf 85' lang='lat' dir='ltr'>mr</span> <span class='ocrx_word' id='word_1_434' title='bbox 157 3797 330 3862; x_wconf 78' lang='lat' dir='ltr'>reperiemus?</span> <span class='ocrx_word' id='word_1_435' title='bbox 362 3796 452 3848; x_wconf 82' lang='lat' dir='ltr'>Citare</span> <span class='ocrx_word' id='word_1_436' title='bbox 475 3803 514 3848; x_wconf 90' lang='lat' dir='ltr'>est</span> <span class='ocrx_word' id='word_1_437' title='bbox 538 3797 690 3847; x_wconf 87' lang='lat' dir='ltr'>vocabulum</span> <span class='ocrx_word' id='word_1_438' title='bbox 708 3797 789 3858; x_wconf 88' lang='lat' dir='ltr'>Iuris,</span> <span class='ocrx_word' id='word_1_439' title='bbox 814 3802 840 3846; x_wconf 91' lang='lat' dir='ltr'>et</span> <span class='ocrx_word' id='word_1_440' title='bbox 858 3798 987 3862; x_wconf 76' lang='lat' dir='ltr'>significat</span> <span class='ocrx_word' id='word_1_441' title='bbox 1004 3812 1100 3846; x_wconf 83' lang='lat' dir='ltr'>uocare</span> 
     </span>
     <span class='ocr_line' id='line_1_50' title="bbox 107 3865 1098 3931; baseline 0.002 -17"><span class='ocrx_word' id='word_1_442' title='bbox 107 3881 135 3927; x_wconf 86' lang='lat' dir='ltr'>n,</span> <span class='ocrx_word' id='word_1_443' title='bbox 144 3870 209 3914; x_wconf 82' lang='lat' dir='ltr'>ntra</span> <span class='ocrx_word' id='word_1_444' title='bbox 218 3880 309 3914; x_wconf 79' lang='lat' dir='ltr'>corum</span> <span class='ocrx_word' id='word_1_445' title='bbox 317 3866 346 3915; x_wconf 87' lang='lat' dir='ltr'>in</span> <span class='ocrx_word' id='word_1_446' title='bbox 358 3866 415 3915; x_wconf 88' lang='lat' dir='ltr'>laco</span> <span class='ocrx_word' id='word_1_447' title='bbox 425 3866 516 3931; x_wconf 84' lang='lat' dir='ltr'>aliqua</span> <span class='ocrx_word' id='word_1_448' title='bbox 525 3869 608 3916; x_wconf 69' lang='lat' dir='ltr'>rihtet.</span> <span class='ocrx_word' id='word_1_449' title='bbox 634 3868 675 3916; x_wconf 91' lang='lat' dir='ltr'>lta</span> <span class='ocrx_word' id='word_1_450' title='bbox 684 3868 768 3916; x_wconf 83' lang='lat' dir='ltr'>citare</span> <span class='ocrx_word' id='word_1_451' title='bbox 774 3870 904 3926; x_wconf 78' lang='lat' dir='ltr'>senatum,</span> <span class='ocrx_word' id='word_1_452' title='bbox 913 3881 980 3929; x_wconf 80' lang='lat' dir='ltr'>reae,</span> <span class='ocrx_word' id='word_1_453' title='bbox 988 3865 1098 3916; x_wconf 80' lang='lat' dir='ltr'>indices.</span> 
     </span>
     <span class='ocr_line' id='line_1_51' title="bbox 107 3930 1101 3999; baseline 0.001 -18"><span class='ocrx_word' id='word_1_454' title='bbox 107 3939 167 3982; x_wconf 84' lang='lat' dir='ltr'>rtem</span> <span class='ocrx_word' id='word_1_455' title='bbox 179 3932 207 3983; x_wconf 86' lang='lat' dir='ltr'>Ia</span> <span class='ocrx_word' id='word_1_456' title='bbox 216 3930 322 3983; x_wconf 80' lang='lat' dir='ltr'>Bacche</span> <span class='ocrx_word' id='word_1_457' title='bbox 330 3949 362 3983; x_wconf 90' lang='lat' dir='ltr'>ne</span> <span class='ocrx_word' id='word_1_458' title='bbox 371 3933 494 3983; x_wconf 90' lang='lat' dir='ltr'>Latinum</span> <span class='ocrx_word' id='word_1_459' title='bbox 504 3933 605 3999; x_wconf 90' lang='lat' dir='ltr'>quidem</span> <span class='ocrx_word' id='word_1_460' title='bbox 614 3940 660 3986; x_wconf 87' lang='lat' dir='ltr'>est.</span> <span class='ocrx_word' id='word_1_461' title='bbox 689 3935 778 3998; x_wconf 86' lang='lat' dir='ltr'>Neque</span> <span class='ocrx_word' id='word_1_462' title='bbox 796 3933 861 3982; x_wconf 90' lang='lat' dir='ltr'>enim</span> <span class='ocrx_word' id='word_1_463' title='bbox 873 3937 970 3983; x_wconf 81' lang='lat' dir='ltr'>citaret</span> <span class='ocrx_word' id='word_1_464' title='bbox 985 3932 1052 3982; x_wconf 90' lang='lat' dir='ltr'>idem</span> <span class='ocrx_word' id='word_1_465' title='bbox 1062 3939 1101 3982; x_wconf 89' lang='lat' dir='ltr'>est</span> 
     </span>
     <span class='ocr_line' id='line_1_52' title="bbox 109 4001 1099 4067; baseline -0.003 -16"><span class='ocrx_word' id='word_1_466' title='bbox 109 4006 164 4051; x_wconf 84' lang='lat' dir='ltr'>ret:</span> <span class='ocrx_word' id='word_1_467' title='bbox 182 4016 263 4065; x_wconf 90' lang='lat' dir='ltr'>neque</span> <span class='ocrx_word' id='word_1_468' title='bbox 282 4016 340 4051; x_wconf 83' lang='lat' dir='ltr'>vero</span> <span class='ocrx_word' id='word_1_469' title='bbox 354 4004 439 4066; x_wconf 90' lang='lat' dir='ltr'>ipsum</span> <span class='ocrx_word' id='word_1_470' title='bbox 448 4005 575 4052; x_wconf 83' lang='lat' dir='ltr'>recitaret</span> <span class='ocrx_word' id='word_1_471' title='bbox 586 4003 618 4052; x_wconf 89' lang='lat' dir='ltr'>ad</span> <span class='ocrx_word' id='word_1_472' title='bbox 629 4002 733 4051; x_wconf 88' lang='lat' dir='ltr'>Horatii</span> <span class='ocrx_word' id='word_1_473' title='bbox 742 4002 902 4067; x_wconf 87' lang='lat' dir='ltr'>propositum</span> <span class='ocrx_word' id='word_1_474' title='bbox 912 4001 1048 4066; x_wconf 90' lang='lat' dir='ltr'>quidquam</span> <span class='ocrx_word' id='word_1_475' title='bbox 1063 4001 1099 4049; x_wconf 88' lang='lat' dir='ltr'>ia·</span> 
     </span>
     <span class='ocr_line' id='line_1_53' title="bbox 107 4068 1100 4134; baseline -0.001 -15"><span class='ocrx_word' id='word_1_476' title='bbox 107 4073 183 4119; x_wconf 81' lang='lat' dir='ltr'>autor</span> <span class='ocrx_word' id='word_1_477' title='bbox 199 4069 267 4118; x_wconf 84' lang='lat' dir='ltr'>enirn</span> <span class='ocrx_word' id='word_1_478' title='bbox 284 4068 335 4119; x_wconf 86' lang='lat' dir='ltr'>suit</span> <span class='ocrx_word' id='word_1_479' title='bbox 352 4069 489 4134; x_wconf 80' lang='lat' dir='ltr'>Tigellius,</span> <span class='ocrx_word' id='word_1_480' title='bbox 513 4076 539 4119; x_wconf 89' lang='lat' dir='ltr'>et</span> <span class='ocrx_word' id='word_1_481' title='bbox 561 4069 714 4120; x_wconf 88' lang='lat' dir='ltr'>cantilenam</span> <span class='ocrx_word' id='word_1_482' title='bbox 733 4072 797 4119; x_wconf 89' lang='lat' dir='ltr'>hanc</span> <span class='ocrx_word' id='word_1_483' title='bbox 815 4069 890 4120; x_wconf 91' lang='lat' dir='ltr'>modo</span> <span class='ocrx_word' id='word_1_484' title='bbox 906 4084 1008 4118; x_wconf 82' lang='lat' dir='ltr'>ramma</span> <span class='ocrx_word' id='word_1_485' title='bbox 1026 4068 1100 4118; x_wconf 88' lang='lat' dir='ltr'>modo</span> 
     </span>
     <span class='ocr_line' id='line_1_54' title="bbox 107 4136 1099 4203; baseline 0.002 -19"><span class='ocrx_word' id='word_1_486' title='bbox 107 4155 112 4184; x_wconf 80' lang='grc' dir='ltr'><em>ι</em></span> <span class='ocrx_word' id='word_1_487' title='bbox 129 4137 229 4187; x_wconf 86' lang='lat' dir='ltr'>cecinit.</span> <span class='ocrx_word' id='word_1_488' title='bbox 253 4138 302 4187; x_wconf 83' lang='lat' dir='ltr'>Sed</span> <span class='ocrx_word' id='word_1_489' title='bbox 319 4136 389 4187; x_wconf 91' lang='lat' dir='ltr'>aliud</span> <span class='ocrx_word' id='word_1_490' title='bbox 407 4137 503 4203; x_wconf 90' lang='lat' dir='ltr'>opinor</span> <span class='ocrx_word' id='word_1_491' title='bbox 518 4142 557 4190; x_wconf 89' lang='lat' dir='ltr'>est</span> <span class='ocrx_word' id='word_1_492' title='bbox 574 4154 677 4200; x_wconf 70' lang='lat' dir='ltr'>canen,</span> <span class='ocrx_word' id='word_1_493' title='bbox 695 4138 766 4188; x_wconf 88' lang='lat' dir='ltr'>aliud</span> <span class='ocrx_word' id='word_1_494' title='bbox 779 4141 899 4188; x_wconf 81' lang='lat' dir='ltr'>recitare.</span> <span class='ocrx_word' id='word_1_495' title='bbox 925 4136 1099 4193; x_wconf 78' lang='lat' dir='ltr'>Quidmultai</span> 
     </span>
     <span class='ocr_line' id='line_1_55' title="bbox 108 4205 1101 4272; baseline -0.002 -14"><span class='ocrx_word' id='word_1_496' title='bbox 108 4210 154 4269; x_wconf 85' lang='lat' dir='ltr'>est,</span> <span class='ocrx_word' id='word_1_497' title='bbox 171 4221 227 4257; x_wconf 91' lang='lat' dir='ltr'>oum</span> <span class='ocrx_word' id='word_1_498' title='bbox 245 4222 277 4257; x_wconf 78' lang='lat' dir='ltr'>ex</span> <span class='ocrx_word' id='word_1_499' title='bbox 293 4206 442 4258; x_wconf 88' lang='lat' dir='ltr'>coniectura</span> <span class='ocrx_word' id='word_1_500' title='bbox 459 4222 517 4258; x_wconf 82' lang='lat' dir='ltr'>vere</span> <span class='ocrx_word' id='word_1_501' title='bbox 535 4206 695 4270; x_wconf 84' lang='lat' dir='ltr'>divinabam,</span> <span class='ocrx_word' id='word_1_502' title='bbox 714 4207 751 4257; x_wconf 87' lang='lat' dir='ltr'>sic</span> <span class='ocrx_word' id='word_1_503' title='bbox 769 4221 823 4258; x_wconf 86' lang='lat' dir='ltr'>esee</span> <span class='ocrx_word' id='word_1_504' title='bbox 840 4205 1031 4272; x_wconf 77' lang='lat' dir='ltr'>corrigendum:</span> <span class='ocrx_word' id='word_1_505' title='bbox 1060 4210 1101 4269; x_wconf 79' lang='lat' dir='ltr'>„ai</span> 
     </span>
    </p>
   </div>
   <div class='ocr_carea' id='block_1_5' title="bbox 0 0 1427 4758">
    <p class='ocr_par' dir='ltr' id='par_1_7' title="bbox 0 0 1427 4758">
     <span class='ocr_line' id='line_1_56' title="bbox 0 0 1427 4758; baseline 0 0"><span class='ocrx_word' id='word_1_506' title='bbox 0 0 1427 4758; x_wconf 95' lang='lat' dir='ltr'> </span> 
     </span>
    </p>
   </div>
  </div>
 </body>
</html>
