2840 4762
154 586 226 711 u.
262 528 651 706 uouuru
695 587 1015 709 raucos

358 814 390 895 O
413 817 449 895 A
472 815 513 895 R
533 817 577 895 M
600 816 619 898 l
642 817 682 899 N
704 820 744 900 U
766 819 810 898 M

485 1018 633 1080 LIBER
653 1021 678 1079 1.

569 1250 594 1316 1.

339 1369 406 1435 AD
435 1369 818 1436 MAECENATEM.

107 1490 299 1587 Maecenas
321 1520 425 1587 atavis
448 1520 533 1585 edite
555 1520 697 1604 regibus,

109 1607 136 1674 0
160 1612 192 1672 et
212 1604 409 1692 praesidium
432 1613 464 1670 et
486 1605 580 1673 dulce
601 1606 699 1673 decus
721 1624 845 1670 meum:

106 1693 189 1758 Sunt
210 1711 292 1774 quos
314 1691 470 1757 curriculo
493 1692 658 1776 pulverem
681 1689 884 1776 Olympicum

106 1776 294 1858 CollegIsse·
308 1775 407 1856 iuvat,
430 1782 580 1860 metuque
603 1775 735 1842 torvidis

86 1928 229 1990 Prooemii,
253 1931 282 1977 nt
299 1944 339 1978 res
356 1930 413 1993 ipsa
430 1929 543 1990 indicat,
561 1927 613 1978 sive
631 1927 734 1993 Prologi
751 1927 834 1979 locum
852 1942 953 1978 carmen
970 1928 1018 1977 h'oo
1036 1926 1143 1990 obtinet,

79 1997 161 2059 risque
178 1997 255 2046 buius
272 1996 347 2046 Libri
364 1995 487 2046 absolutis
511 1997 676 2046 novissimum
694 1997 808 2046 accessit.
849 1996 899 2046 Sed
916 2011 1003 2045 vereor
1019 1996 1143 2060 equidem,

79 2069 129 2114 crta
146 2064 189 2114 hic
208 2069 246 2114 est
263 2062 518 2126 Librariorumfides,
536 2080 568 2115 ne
577 2081 628 2115 non
640 2080 671 2114 ex
680 2064 786 2114 Pindari
800 2064 984 2129 sui'praeeepto
992 2062 1144 2132 πρόσωπον

79 2129 158 2199 zoyle,
177 2148 227 2182 non
244 2147 412 2198 purpureum
430 2136 478 2197 qui
495 2133 548 2182 late
564 2133 710 2199 splendeat,
728 2133 772 2182 sed
789 2131 864 2181 vilem
882 2132 1061 2196 sordidumque
1080 2147 1143 2197 pan·

79 2201 133 2250 lum
151 2198 244 2249 Noster
261 2200 376 2249 assuerit.
407 2200 538 2265 Siquidem
556 2216 642 2250 ornnes
659 2201 710 2250 iam
728 2216 743 2250 a
759 2199 842 2250 literis
860 2200 955 2249 renatis
973 2199 1004 2248 de
1021 2200 1145 2264 impedita

80 2274 106 2318 et
123 2268 251 2318 salebrosa
269 2268 384 2318 oratione
402 2269 485 2332 questi
504 2273 576 2318 sunt:
595 2268 724 2318 rideamus
741 2267 825 2317 locum
843 2268 979 2332 integrum,
998 2283 1071 2330 quem
1082 2267 1143 2317 libri

78 2336 111 2400 sti
129 2336 242 2401 aditique
259 2351 345 2386 omnes
363 2336 399 2386 elo
417 2335 549 2385 exhibent:
569 2336 658 2399 „Sam
673 2351 739 2400 qetoe
757 2335 892 2386 curriculo
909 2335 1045 2400 pulverem
1056 2335 1144 2401 Olym-

78 2420 110 2453 rm
130 2403 271 2468 Collefflrse
287 2405 372 2463 iuvat3
396 2409 517 2469 metaque
533 2403 646 2465 [meldis
663 2404 773 2454 Eritala
790 2405 864 2466 rotie,
888 2403 1031 2468 palmaque
1047 2404 1145 2453 nobilis

78 2487 168 2521 rarum
187 2472 308 2522 dominos
325 2472 410 2521 evehit
428 2472 464 2521 ad
479 2473 557 2524 Deos.
585 2472 675 2536 Hunc,
699 2474 724 2521 ri
739 2471 876 2521 mobilium
901 2471 980 2520 turba
998 2469 1144 2532 Quiritium

78 2544 115 2589 lat
138 2543 291 2604 tergeminae
315 2540 407 2590 tollere
431 2541 591 2604 tencaudam·
614 2540 704 2601 illurn,
727 2541 752 2588 si
768 2541 879 2604 proprio
904 2537 1024 2588 confidit
1047 2540 1144 2589 horreo

78 2607 156 2672 equid
172 2608 205 2657 de
221 2606 332 2674 Libyeis
348 2609 467 2657 verritur
484 2610 573 2659 oreis.-
598 2605 760 2658 Gaudentem
783 2609 888 2672 patrios
910 2605 1013 2668 findere
1035 2607 1143 2657 sarculo

78 2691 118 2739 os,
136 2675 262 2725 Attalicis
279 2676 476 2726 conditionibus
493 2674 646 2740 Numquam
664 2675 798 2740 dimoveas,
817 2676 939 2725 attrahe
958 2672 1059 2740 Cypria
1071 2674 1146 2741 lllyr-

78 2760 94 2791 a
107 2743 224 2809 pauidas
241 2749 326 2793 murelo
343 2747 412 2793 secet
429 2744 530 2792 mare.“
551 2743 605 2793 Iam
624 2743 761 2808 quaeritur,
781 2744 852 2792 dureo
868 2748 894 2792 et
912 2742 988 2791 illrum
1006 2742 1072 2792 unde
1083 2759 1145 2807 pen·

78 2816 105 2871 rt,
125 2814 151 2859 et
167 2812 269 2860 cuinam
287 2812 363 2862 verbo
381 2815 573 2861 connectentur.
608 2813 660 2861 Aut
677 2811 745 2860 enim
763 2812 825 2860 haec
843 2814 971 2860 structura
988 2816 1041 2872 est,
1067 2811 1146 2861 lrroot

78 2895 99 2942 e,
117 2878 208 2939 illum3
226 2884 271 2928 aut
287 2880 338 2929 iste
355 2883 401 2941 est,
418 2878 516 2929 anbe't
532 2880 612 2942 luae,
630 2879 721 2928 illam:
743 2883 788 2928 aut
804 2878 851 2928 illa
868 2878 985 2942 denique,
1003 2878 1145 2928 Dimooear

78 2962 106 3010 c,
130 2946 223 2996 illam:
245 2947 313 2996 nihil
331 2952 369 2997 est
386 2951 517 3011 quartum:
549 2951 575 2996 et
591 2953 675 2997 temen
693 2946 765 2995 nulla
783 2962 812 2995 ex
830 2946 870 2995 his
888 2944 970 2994 tribus
988 2947 1144 2996 constructio

78 3014 229 3079 eprocedit.
263 3015 328 3064 Esto
345 3015 428 3075 enirn3
445 3019 573 3080 postrema
591 3015 656 3065 forte
679 3030 740 3080 prae
758 3014 816 3064 aliis
841 3013 890 3063 tibi
908 3014 1036 3063 arriserit:
1061 3013 1144 3064 ivam-

78 3098 108 3145 m,
131 3082 226 3146 inquis,
246 3082 379 3133 dimoveas
396 3074 649 3147 buncffimplissimis
666 3080 808 3131 honoribus
826 3086 943 3142 anctum,
970 3080 1046 3130 illum
1064 3084 1143 3131 totius

78 3165 121 3198 coe
138 3148 444 3216 praedia'possidentem,
468 3152 498 3200 ut
514 3155 612 3202 mutato
629 3152 696 3199 ritae
714 3150 836 3199 instituto
854 3154 1015 3199 mercatores
1032 3165 1085 3198 esse
1103 3166 1144 3199 re·

100 3218 159 3267 Ain’
176 3219 254 3267 vero?
271 3218 388 3269 Profecto
404 3218 472 3268 haud
490 3218 568 3267 stulte
586 3219 698 3283 sapiunt,
715 3218 738 3267 si
754 3218 847 3267 nolunt
863 3233 890 3266 se
907 3221 947 3266 tot
963 3222 989 3266 et
1005 3217 1084 3266 tantis
1102 3233 1145 3283 pe-

78 3286 108 3335 lis
126 3286 182 3336 sine
199 3301 289 3336 caussa
306 3301 443 3352 exponere3
468 3300 549 3351 neque
567 3286 645 3336 dubio
668 3287 732 3335 meri
759 3301 819 3350 opes
838 3300 971 3348 quaerere,
996 3300 1058 3348 ques
1076 3285 1143 3335 domi

90 3354 186 3403 affatim
203 3352 306 3404 habent.
342 3354 425 3415 Quid,
448 3369 555 3419 quaeso,
591 3354 633 3403 hic
656 3358 706 3403 tam
733 3353 842 3403 mirum?
875 3351 1040 3402 Metuendum
1069 3352 1144 3403 credo

78 3436 132 3477 ¹ne
149 3422 270 3487 Pompeio
288 3422 345 3487 quis
364 3422 403 3472 vel
421 3420 522 3472 (laesuri
546 3421 585 3471 rel
603 3421 693 3485 Crubso
710 3421 878 3487 persuaserit,
902 3424 932 3470 ut
948 3420 1046 3470 relictis
1070 3421 1144 3471 rebus

80 3489 138 3539 ibus
154 3495 321 3540 mercaturam
339 3494 490 3541 exercerent.
527 3489 594 3539 Illud
613 3480 722 3559 quidem,
741 3489 809 3554 quod
825 3504 883 3538 mox
902 3488 1023 3552 sequitur,
1045 3489 1144 3555 accipio

78 3572 165 3621 roque;
188 3556 234 3607 ubi
251 3561 381 3608 mertiorum
398 3558 500 3623 paterni
518 3558 573 3623 agri
591 3558 713 3607 cultorem
736 3558 777 3607 vel
793 3556 1003 3606 luculentissimis
1021 3557 1145 3606 conditio-

78 3642 95 3673 rs
112 3630 191 3689 negat
209 3625 339 3677 dimoveri
354 3642 443 3691 posse,
469 3631 499 3675 ut
515 3627 711 3692 pristino'eritae
728 3641 819 3689 genere
842 3624 933 3674 relicto
951 3630 1075 3674 mercator
1092 3641 1145 3675 essc

78 3693 143 3757 piat3
162 3694 257 3760 quippe
275 3694 320 3758 qui
338 3709 415 3760 parvo
433 3699 576 3755 contentus,
594 3693 733 3767 ppoculque
751 3692 885 3757 ansgotiis
902 3698 928 3742 et
936 3693 1057 3758 Neptuno
1066 3693 1145 3742 uitam

78 3777 110 3823 rs,
136 3776 248 3811 securam
271 3777 340 3811 snam
364 3766 541 3828 paupertatem
564 3761 677 3828 operosis
706 3762 861 3823 incertisque
885 3760 977 3826 opibus
1000 3761 1143 3825 anteponit.

94 3829 198 3893 quidem
216 3835 241 3879 et
255 3846 341 3880 rerum
351 3835 406 3892 est,
424 3835 451 3880 et
467 3830 647 3879 memoratione
666 3830 786 3894 dignum:
804 3827 985 3878 illudalterum
995 3828 1145 3893 deImpcre·

78 3911 118 3946 ›ne
136 3901 161 3947 et
179 3897 372 3964 praedivitibus,
391 3899 436 3962 qui
452 3898 538 3947 nolint
555 3897 611 3948 fleri
627 3901 791 3957 mercatores,
809 3902 848 3946 est
865 3896 981 3962 ineptum
998 3911 1101 3962 prorsus
1119 3902 1145 3945 et

80 3969 163 4025 etum3
181 3966 221 4015 nti
238 3965 290 4015 iem
307 3966 405 4031 pridem
417 3966 499 4017 Iulius
509 3965 623 4030 Scaliger
640 3965 767 4029 Ianusque
776 3965 928 4029 Rutgersius
945 3966 1013 4013 recte
1030 3963 1143 4013 animad-

78 4037 157 4083 erunt.
193 4033 243 4083 Sed
259 4035 366 4085 fortasse
384 4035 435 4084 iam
453 4035 558 4084 alteram
575 4034 655 4083 maris
673 4033 901 4094 constructionem,
925 4035 1002 4081 lavat
1019 4032 1103 4096 hreno,
1122 4033 1145 4082 si

78 4106 158 4151 uatus
175 4106 228 4162 est3
253 4105 330 4153 irruat
345 4102 437 4167 idum,
461 4103 484 4152 si
501 4102 578 4153 dives.
614 4103 691 4152 Recte
709 4117 783 4151 sane:
811 4101 863 4151 nisi
880 4103 977 4150 uetaret
995 4099 1042 4149 hoe
1061 4115 1145 4150 emen·

78 4201 179 4243 Iorutius.
198 4201 215 4242 1.
975 4186 986 4234 1
