2840 4762
341 333 520 382 celemion
541 336 608 382 LIB.
630 336 653 383 1.
676 330 700 382 6.
717 333 741 382 i.

89 466 160 547 Quis
180 466 311 534 Martem
334 468 442 535 tunica
464 474 582 534 tectum
605 469 812 537 adamantina

89 555 182 635 Digne
204 554 391 640 scripserit?
412 562 469 620 aut
489 555 623 640 pulvere
644 556 761 622 Troico

89 640 212 719 Nigrum
234 639 420 705 Merionen?
441 649 498 705 aut
520 659 583 725 ope
602 642 746 708 Palladis

122 724 266 809 Tydiden
289 725 415 811 superis
437 728 572 811 parem?

89 810 146 873 ios
168 807 321 888 convivia,
343 829 403 876 nos
425 809 548 895 proelia
569 809 740 892 virginum,

89 893 200 959 itrictis
222 894 254 958 in
277 894 409 962 iuvenes
432 894 595 977 unguibus
616 895 748 974 acrium,

89 978 261 1057 laniamus,
283 979 388 1059 vacui,
410 979 478 1047 siue
501 979 580 1063 quid
601 981 731 1059 urimur,

125 1065 194 1129 Non
216 1071 345 1150 praeter
367 1066 496 1132 solitum
519 1064 616 1131 leves.

512 1235 583 1301 VII.
612 1248 616 1255 '

232 1354 297 1418 AD
317 1353 590 1420 MUNATIUM
611 1352 862 1420 PLANCUM.

89 1470 268 1535 'raudabunt
289 1471 344 1535 alii
367 1472 485 1536 claram
508 1470 652 1548 Rhodon,
675 1478 732 1535 aut
752 1471 936 1557 Mitylenen,

117 1556 183 1620 nur
205 1556 379 1641 Ephesum,
402 1555 575 1622 bimarisve
598 1555 744 1621 Corinthi

289 1692 312 1725 r.
333 1677 372 1727 18.
390 1674 466 1739 vulg.
484 1673 576 1725 Sectis.

89 1825 116 1874 ic
132 1825 232 1876 reducis
249 1829 306 1876 cias
327 1825 415 1891 Utres,
442 1825 478 1877 lit
494 1842 610 1893 puppem
629 1828 797 1877 temerariam
814 1824 952 1876 Minervae
973 1825 1048 1879 Trita
1066 1845 1111 1879 oa·

91 1894 161 1961 rista
178 1899 330 1958 sequantur.
350 1894 411 1944 silv.
423 1895 457 1957 II,
470 1896 492 1945 1.
506 1896 562 1947 118.
581 1893 749 1958 „Maeonium
759 1897 814 1943 rice
830 1893 876 1944 ille
890 1910 986 1960 sanan,
1003 1893 1110 1947 Troiae·

89 1962 158 2010 tores
173 1962 287 2022 Diceret,
306 1967 355 2011 urst
372 1977 449 2012 camis
467 1962 545 2013 tarde
561 1962 697 2013 remeantis
717 1960 815 2015 discis

89 2068 93 2079 .
122 2029 236 2080 Pulvere
263 2028 367 2093 Troico]
395 2029 587 2081 illustrissimus
612 2031 670 2080 Nic.
693 2030 816 2080 Heinsius
842 2030 870 2080 in
897 2046 942 2080 ora
966 2030 1029 2082 libri
1054 2033 1111 2085 sui:

99 2096 202 2148 Troio.“
236 2096 300 2147 Vide
318 2114 364 2147 nos
381 2097 413 2148 ad
432 2096 515 2147 Oarm.
526 2099 575 2160 111,
585 2101 608 2151 3.
617 2115 640 2149 r.
651 2100 693 2150 32.

90 2201 94 2211 .
122 2164 233 2215 Proelia
249 2168 385 2230 virginum
397 2164 480 2216 Sectis
498 2169 527 2215 ire
545 2169 652 2216 irecense
668 2168 804 2231 auffridus
817 2169 931 2230 aerim]
949 2166 1041 2218 lterum
1050 2168 1108 2218 Nic.

89 2249 120 2282 rs:
139 2232 245 2294 „Sestos
267 2231 416 2283 Gronovius
433 2233 526 2298 iegit.“
560 2233 682 2284 inlibris
701 2233 776 2282 editis
794 2234 917 2283 Gronorii
935 2250 986 2283 non
1004 2236 1109 2285 memini

89 2315 121 2350 re:
141 2316 225 2350 verum
243 2301 290 2350 hoo
308 2301 348 2350 rel
366 2301 544 2365 colloquiorel
562 2318 608 2367 per
621 2301 765 2366 Epistolam
783 2316 840 2351 oum
848 2301 958 2351 Heinsio
969 2305 1109 2352 communi·

88 2368 146 2417 tuit.
171 2367 363 2419 Caeterumriro
381 2369 457 2435 louge
475 2371 622 2420 acutissimo
640 2385 691 2418 non
709 2369 794 2432 potuit
811 2384 862 2418 ιιοιι
880 2368 1015 2432 displicere
1032 2370 1109 2420 lectio

89 2472 93 2482 .
123 2435 248 2490 Quorsum
266 2438 333 2486 enim
351 2441 429 2487 sectis
446 2437 593 2504 unguibus?
611 2439 664 2487 Iam
682 2435 732 2487 tibi
741 2436 828 2486 dicent
841 2437 1001 2502 interpretes,
1020 2437 1109 2488 festive

96 2504 143 2552 hoc
162 2503 257 2553 dictum
276 2520 343 2556 esse:
370 2510 400 2554 ut
416 2510 489 2555 notet
505 2505 634 2571 virgiuum
650 2505 848 2575 repugnantium
867 2505 964 2569 proelia
981 2522 1033 2555 non
1050 2523 1109 2557 vera

90 2570 105 2620 d
124 2571 257 2623 simulata:
275 2573 333 2623 ideo
351 2574 418 2623 enim
441 2572 491 2623 sibi
509 2590 606 2639 ungues
624 2589 715 2635 secare,
735 2588 767 2623 ne
785 2588 830 2622 ore
847 2576 932 2623 secent
945 2572 1107 2624 amatoribus.

90 2639 150 2689 eroi
178 2655 211 2688 an
229 2646 254 2690 et
271 2640 329 2690 idco
347 2641 453 2702 addidit,
473 2646 590 2703 acrium,
616 2646 646 2690 ut
663 2647 715 2691 tam
732 2640 853 2690 festivum
877 2642 925 2690 hoe
944 2642 1108 2707 deprendere-

89 2707 151 2755 Sans
170 2708 191 2756 si
210 2709 369 2772 usqueadeo
387 2714 446 2758 sunt
465 2725 553 2772 acres,
580 2711 630 2760 iam
649 2708 790 2773 periculum
808 2710 865 2770 erit,
892 2725 924 2759 nc
942 2711 1008 2760 serio
1026 2715 1051 2760 et
1067 2711 1108 2760 iu-

89 2773 201 2839 nguibus
219 2776 247 2825 in
265 2775 352 2826 oculos
367 2777 489 2827 involent.
508 2778 622 2842 Propert.
634 2777 683 2843 111,
697 2778 720 2840 6,
732 2779 756 2829 3.
775 2776 859 2840 „Cum
868 2777 1017 2838 furibunda
1034 2792 1108 2828 mero

89 2843 254 2907 sperceilis,
283 2849 310 2893 et
331 2847 359 2894 irs
377 2861 419 2895 mc
435 2845 549 2895 Proiicr's
576 2848 673 2894 insana
701 2845 806 2911 cymbia
831 2846 914 2910 plana
940 2860 1029 2895 marra.
1068 2847 1108 2897 Tu

89 2916 168 2959 istros
184 2911 280 2961 audax
297 2911 393 2962 inuade
412 2911 531 2979 capillos,
550 2911 586 2962 Ει
601 2927 660 2961 msa
677 2911 803 2973 femoris
814 2908 1081 2976 engraisser-ancta
1091 2916 1107 2941 “

89 2993 166 3027 suone
178 2979 235 3027 Par.
245 2978 274 3041 V,
289 2982 342 3031 141.
362 2981 411 3044 „ld
422 2994 526 3046 quoque
537 2980 679 3042 tercianam
697 2982 762 3044 rupi
771 2985 858 3029 tamen
869 2995 961 3044 ungue
978 2981 1092 3046 capillos
1096 3000 1107 3044 ‚-

103 3051 169 3095 surri
187 3046 280 3111 digitis
298 3063 393 3113 aspera
411 3047 585 3109 suctamcisf‘
611 3049 665 3096 Art.
677 3048 712 3108 Π,
721 3049 778 3098 451.
806 3047 873 3110 „liic
889 3063 938 3112 ego
955 3051 1014 3113 sim,
1032 3049 1108 3100 cuias

89 3113 196 3173 furiosa
215 3115 342 3180 capillos.-
368 3115 417 3165 Ille
439 3119 571 3179 egerim,
598 3120 702 3165 teneras
726 3117 771 3164 cai
785 3119 862 3180 petat
884 3130 974 3178 ringere
996 3118 1107 3179 genac.“

89 3196 134 3231 uus
144 3182 173 3230 in
182 3182 299 3247 Epithat
317 3183 428 3233 Palladii
445 3189 470 3232 et
480 3182 609 3233 Celerinae
618 3199 642 3234 r.
656 3185 718 3234 134:
737 3182 868 3246 „concede
884 3186 982 3232 marito
996 3182 1035 3233 Tu
1044 3199 1108 3248 qaro-

89 3264 114 3298 rc
133 3250 277 3315 Sopianas
300 3250 413 3311 infensis
436 3253 572 3317 erogacitas
595 3254 652 3301 ires
675 3249 810 3300 Eacacere
832 3250 922 3300 ociir.“
956 3251 1010 3300 Iam
1029 3251 1107 3314 rides,

90 3320 125 3366 tis
143 3317 237 3377 iocose,
256 3318 298 3368 sed
316 3335 374 3368 rere
391 3318 465 3368 iratis
482 3317 611 3383 unguibus
629 3322 768 3370 amatorum
786 3334 831 3367 ora
842 3317 994 3369 lacerabant.
1017 3320 1107 3384 Neque

89 3386 143 3448 pari
162 3386 205 3435 hio
224 3385 347 3436 felicitate
365 3391 478 3435 versatus
502 3391 541 3437 est
558 3386 713 3446 Gronovius,
739 3401 768 3435 ac
786 3386 850 3436 alias
867 3387 1015 3452 plerumque
1034 3388 1105 3439 solet.

89 3456 202 3517 farreum,
232 3458 257 3503 et
275 3469 350 3504 acres
367 3455 502 3519 ninguidus
520 3458 549 3504 in
566 3457 688 3517 r'uoerrcs,
712 3469 763 3504 non
782 3454 887 3519 sapiunt
904 3454 935 3503 ad
953 3455 1106 3520 elegantiam

108 3521 179 3577 Quid
198 3522 266 3586 quod
283 3522 411 3571 secundos
428 3522 514 3586 potius
532 3537 605 3586 quam
624 3527 709 3571 rectos
726 3523 856 3586 oportuit,
881 3521 903 3571 si
920 3522 958 3572 ita
974 3523 1046 3588 loqui
1063 3542 1104 3574 vo-

96 3589 147 3638 Sed
166 3589 230 3652 quid
248 3589 347 3639 multa?
365 3588 512 3639 Certissima
529 3590 671 3640 emendatio
690 3594 735 3652 est,
754 3605 829 3653 quam
847 3594 872 3639 et
889 3590 944 3654 ipse
955 3592 1105 3655 Gronovius,

88 3657 127 3705 vis
151 3661 233 3719 esset,
261 3657 383 3707 continuo
401 3657 602 3723 amplecteretur,
635 3657 756 3719 „Strictis
782 3660 811 3707 irc
837 3660 945 3708 iuvenes
970 3661 1106 3724 unguibus

89 3726 104 3752 “
141 3724 216 3780 Quod
242 3740 299 3775 cum
323 3725 360 3775 sic
383 3725 444 3775 olim
468 3726 645 3790 compendiose
669 3724 834 3787 scriberetur,
857 3728 945 3787 stetis,
968 3727 1071 3777 literula
1094 3729 1108 3776 i

95 3793 197 3856 posita3
226 3798 256 3842 ut
272 3798 368 3843 norunt
386 3794 431 3857 qui
449 3793 557 3858 scriptos
576 3793 675 3843 codices
694 3808 836 3853 versarere3
862 3793 978 3857 proclive
996 3798 1058 3856 erat,
1075 3799 1105 3843 ut

93 3860 259 3911 librariorum
286 3862 448 3926 degeneraret
474 3862 501 3910 in
520 3864 604 3912 sectis.
640 3859 773 3911 Caeterum
796 3860 857 3911 ordo
881 3865 932 3922 est,
956 3865 1058 3912 strictis
1075 3864 1104 3910 irs

105 3944 159 3977 non
179 3932 285 3979 acriam
302 3933 331 3978 in
349 3932 463 3979 irecense.
490 3928 561 3979 Ouid.
571 3930 656 3980 Amor.
668 3929 689 3991 Ι,
700 3932 723 3991 6,
736 3930 774 3980 ll.
806 3926 888 3993 „Non
906 3931 984 3979 timeo
1002 3928 1104 3979 strictas

89 3996 148 4053 iata
156 3998 281 4048 manas.“
295 3997 373 4048 Trist.
382 3997 413 4049 V.
422 3999 447 4059 2,
457 3999 497 4049 30.
523 3995 576 4060 „Ut
585 4003 685 4047 taccam
695 3997 797 4046 strictas
807 3996 834 4045 in
844 4011 901 4046 mea
913 3997 974 4058 fata
982 3997 1104 4048 manar.“

89 4064 168 4116 Theb.
178 4066 228 4127 III,
246 4068 303 4118 535.
322 4066 353 4115 ds
370 4066 464 4130 aquilis
481 4064 600 4128 loquens;
624 4064 767 4129 „Invasere
782 4064 891 4129 globum
915 4066 989 4114 nicei
1000 4067 1102 4129 gregia

89 4149 95 4178 r
111 4133 242 4198 pandant
260 4132 389 4184 Caeditur
407 4148 456 4183 ora
474 4135 558 4195 novis,
577 4138 603 4182 ct
619 4133 717 4182 strictis
733 4132 863 4197 unguibus
881 4133 1009 4182 instaret.“

91 4198 202 4251 (laram
226 4199 353 4265 liberiore,
372 4206 422 4251 aret
444 4200 601 4266 Mitylenen]
619 4201 737 4250 Imitatus
756 4205 794 4249 ost
810 4199 938 4249 Martialis
956 4200 1000 4262 IV,
1020 4201 1060 4262 55,
1077 4202 1103 4252 4.

89 4284 107 4317 ἐ
122 4274 272 4334 generatas
289 4272 361 4319 inter
377 4270 455 4319 aries
473 4268 571 4318 Thebas
589 4272 709 4319 carmine
726 4273 815 4319 cantra
831 4271 880 4318 eat
897 4267 1031 4334 Mycenas3
1047 4268 1105 4318 Aut
