<?xml version="1.0" encoding="UTF-8"?>
<!DOCTYPE html PUBLIC "-//W3C//DTD XHTML 1.0 Transitional//EN"
    "http://www.w3.org/TR/xhtml1/DTD/xhtml1-transitional.dtd">
<html xmlns="http://www.w3.org/1999/xhtml" xml:lang="en" lang="en">
 <head>
  <title>
</title>
<meta http-equiv="Content-Type" content="text/html;charset=utf-8" />
  <meta name='ocr-system' content='tesseract 3.04.00' />
  <meta name='ocr-capabilities' content='ocr_page ocr_carea ocr_par ocr_line ocrx_word'/>
</head>
<body>
  <div class='ocr_page' id='page_1' title='image "./qhoratiusflaccu02bentgoog_0202.png"; bbox 0 0 2810 4764; ppageno 0'>
   <div class='ocr_carea' id='block_1_1' title="bbox 451 282 848 337">
    <p class='ocr_par' dir='ltr' id='par_1_1' title="bbox 451 282 848 337">
     <span class='ocr_line' id='line_1_1' title="bbox 451 282 848 337; baseline -0.008 0"><span class='ocrx_word' id='word_1_1' title='bbox 451 288 631 337; x_wconf 64' lang='lat' dir='ltr'><strong>crumulo</strong></span> <span class='ocrx_word' id='word_1_2' title='bbox 650 289 718 336; x_wconf 87' lang='lat' dir='ltr'><strong>LIB.</strong></span> <span class='ocrx_word' id='word_1_3' title='bbox 737 289 787 336; x_wconf 85' lang='lat'>111.</span> <span class='ocrx_word' id='word_1_4' title='bbox 808 282 848 334; x_wconf 66' lang='lat' dir='ltr'><strong>ll·</strong></span> 
     </span>
    </p>
   </div>
   <div class='ocr_carea' id='block_1_2' title="bbox 124 421 809 677">
    <p class='ocr_par' dir='ltr' id='par_1_2' title="bbox 124 421 809 677">
     <span class='ocr_line' id='line_1_2' title="bbox 124 421 718 509; baseline -0.002 -20"><span class='ocrx_word' id='word_1_5' title='bbox 124 437 160 489; x_wconf 75' lang='lat' dir='ltr'><strong>aa</strong></span> <span class='ocrx_word' id='word_1_6' title='bbox 176 423 231 490; x_wconf 89' lang='lat' dir='ltr'><strong>Sic</strong></span> <span class='ocrx_word' id='word_1_7' title='bbox 252 427 285 490; x_wconf 88' lang='lat' dir='ltr'><strong>et</strong></span> <span class='ocrx_word' id='word_1_8' title='bbox 304 422 434 509; x_wconf 81' lang='lat' dir='ltr'>Europe</span> <span class='ocrx_word' id='word_1_9' title='bbox 455 421 582 488; x_wconf 87' lang='lat' dir='ltr'><strong>niveum</strong></span> <span class='ocrx_word' id='word_1_10' title='bbox 605 421 718 488; x_wconf 88' lang='lat' dir='ltr'><strong>doloso</strong></span> 
     </span>
     <span class='ocr_line' id='line_1_3' title="bbox 173 507 809 585; baseline -0.005 -10"><span class='ocrx_word' id='word_1_11' title='bbox 173 507 320 575; x_wconf 79' lang='lat' dir='ltr'><strong>Credidit</strong></span> <span class='ocrx_word' id='word_1_12' title='bbox 341 514 432 573; x_wconf 83' lang='lat' dir='ltr'><strong>tauro</strong></span> <span class='ocrx_word' id='word_1_13' title='bbox 454 508 555 585; x_wconf 68' lang='lat' dir='ltr'><strong>latum</strong></span> <span class='ocrx_word' id='word_1_14' title='bbox 579 512 614 573; x_wconf 88' lang='lat' dir='ltr'><strong>at</strong></span> <span class='ocrx_word' id='word_1_15' title='bbox 636 514 809 574; x_wconf 86' lang='lat' dir='ltr'><strong>scatentem</strong></span> 
     </span>
     <span class='ocr_line' id='line_1_4' title="bbox 172 592 805 677; baseline -0.003 -17"><span class='ocrx_word' id='word_1_16' title='bbox 172 593 284 662; x_wconf 89' lang='lat' dir='ltr'><strong>Beluis</strong></span> <span class='ocrx_word' id='word_1_17' title='bbox 349 598 439 667; x_wconf 86' lang='lat' dir='ltr'><strong>utum</strong></span> <span class='ocrx_word' id='word_1_18' title='bbox 464 592 652 677; x_wconf 89' lang='lat' dir='ltr'><strong>mediasque</strong></span> <span class='ocrx_word' id='word_1_19' title='bbox 673 593 805 659; x_wconf 78' lang='lat' dir='ltr'><strong>fraudes</strong></span> 
     </span>
    </p>
   </div>
   <div class='ocr_carea' id='block_1_3' title="bbox 32 677 845 1424">
    <p class='ocr_par' dir='ltr' id='par_1_3' title="bbox 32 677 845 1424">
     <span class='ocr_line' id='line_1_5' title="bbox 318 677 550 744; baseline -0.004 -1"><span class='ocrx_word' id='word_1_20' title='bbox 318 677 412 743; x_wconf 88' lang='lat' dir='ltr'><strong>alluit</strong></span> <span class='ocrx_word' id='word_1_21' title='bbox 432 677 550 744; x_wconf 87' lang='lat' dir='ltr'><strong>audax.</strong></span> 
     </span>
     <span class='ocr_line' id='line_1_6' title="bbox 32 759 831 850; baseline -0.001 -22"><span class='ocrx_word' id='word_1_22' title='bbox 32 842 35 850; x_wconf 91' lang='lat'><em>.</em></span> <span class='ocrx_word' id='word_1_23' title='bbox 173 765 227 828; x_wconf 90' lang='lat' dir='ltr'><strong>Nu</strong></span> <span class='ocrx_word' id='word_1_24' title='bbox 252 781 286 829; x_wconf 84' lang='lat' dir='ltr'><strong>er</strong></span> <span class='ocrx_word' id='word_1_25' title='bbox 305 763 340 828; x_wconf 90' lang='lat' dir='ltr'><strong>in</strong></span> <span class='ocrx_word' id='word_1_26' title='bbox 360 763 462 850; x_wconf 88' lang='lat' dir='ltr'><strong>pratis</strong></span> <span class='ocrx_word' id='word_1_27' title='bbox 485 760 631 829; x_wconf 88' lang='lat' dir='ltr'><strong>studiosa</strong></span> <span class='ocrx_word' id='word_1_28' title='bbox 651 759 776 840; x_wconf 86' lang='lat' dir='ltr'><strong>dorum,</strong></span> <span class='ocrx_word' id='word_1_29' title='bbox 798 767 831 829; x_wconf 85' lang='lat' dir='ltr'><strong>et</strong></span> 
     </span>
     <span class='ocr_line' id='line_1_7' title="bbox 123 785 792 934; baseline -0.001 -21"><span class='ocrx_word' id='word_1_30' title='bbox 123 861 160 913; x_wconf 77' lang='lat' dir='ltr'><strong>ao</strong></span> <span class='ocrx_word' id='word_1_31' title='bbox 174 785 311 914; x_wconf 58' lang='lat' dir='ltr'><strong>Deiitae</strong></span> <span class='ocrx_word' id='word_1_32' title='bbox 331 846 491 934; x_wconf 81' lang='lat' dir='ltr'><strong>Nymphis</strong></span> <span class='ocrx_word' id='word_1_33' title='bbox 514 867 533 913; x_wconf 95' lang='lat' dir='ltr'><strong>o</strong></span> <span class='ocrx_word' id='word_1_34' title='bbox 557 845 625 914; x_wconf 84' lang='lat' dir='ltr'><strong>ifex</strong></span> <span class='ocrx_word' id='word_1_35' title='bbox 645 865 792 926; x_wconf 86' lang='lat' dir='ltr'><strong>coronae,</strong></span> 
     </span>
     <span class='ocr_line' id='line_1_8' title="bbox 172 870 812 1018; baseline -0.002 -20"><span class='ocrx_word' id='word_1_36' title='bbox 172 934 275 999; x_wconf 85' lang='lat' dir='ltr'><strong>Nocte</strong></span> <span class='ocrx_word' id='word_1_37' title='bbox 297 933 452 999; x_wconf 82' lang='lat' dir='ltr'>sublustri</span> <span class='ocrx_word' id='word_1_38' title='bbox 472 870 556 998; x_wconf 65' lang='lat' dir='ltr'><strong>nihi</strong></span> <span class='ocrx_word' id='word_1_39' title='bbox 574 941 664 998; x_wconf 87' lang='lat' dir='ltr'><strong>astra</strong></span> <span class='ocrx_word' id='word_1_40' title='bbox 683 937 812 1018; x_wconf 88' lang='lat' dir='ltr'><strong>praeter</strong></span> 
     </span>
     <span class='ocr_line' id='line_1_9' title="bbox 293 1017 571 1084; baseline -0.004 -1"><span class='ocrx_word' id='word_1_41' title='bbox 293 1018 382 1083; x_wconf 83' lang='lat' dir='ltr'><strong>Vidit</strong></span> <span class='ocrx_word' id='word_1_42' title='bbox 404 1024 436 1084; x_wconf 88' lang='lat' dir='ltr'><strong>et</strong></span> <span class='ocrx_word' id='word_1_43' title='bbox 458 1017 571 1084; x_wconf 87' lang='lat' dir='ltr'><strong>undas.</strong></span> 
     </span>
     <span class='ocr_line' id='line_1_10' title="bbox 176 1100 845 1186; baseline -0.004 -19"><span class='ocrx_word' id='word_1_44' title='bbox 176 1102 268 1181; x_wconf 82' lang='lat' dir='ltr'><strong>Quae</strong></span> <span class='ocrx_word' id='word_1_45' title='bbox 290 1101 385 1169; x_wconf 88' lang='lat' dir='ltr'><strong>simul</strong></span> <span class='ocrx_word' id='word_1_46' title='bbox 407 1108 534 1169; x_wconf 89' lang='lat' dir='ltr'><strong>centum</strong></span> <span class='ocrx_word' id='word_1_47' title='bbox 555 1100 662 1185; x_wconf 80' lang='lat' dir='ltr'><strong>tetigit</strong></span> <span class='ocrx_word' id='word_1_48' title='bbox 681 1106 845 1186; x_wconf 88' lang='lat' dir='ltr'><strong>potentem</strong></span> 
     </span>
     <span class='ocr_line' id='line_1_11' title="bbox 176 1186 814 1286; baseline -0.006 -32"><span class='ocrx_word' id='word_1_49' title='bbox 176 1186 314 1286; x_wconf 86' lang='lat' dir='ltr'><strong>Oppidis</strong></span> <span class='ocrx_word' id='word_1_50' title='bbox 336 1187 462 1267; x_wconf 85' lang='lat' dir='ltr'><strong>(lreten,</strong></span> <span class='ocrx_word' id='word_1_51' title='bbox 484 1188 608 1254; x_wconf 87' lang='lat' dir='ltr'><strong>Peter</strong></span> <span class='ocrx_word' id='word_1_52' title='bbox 629 1189 647 1251; x_wconf 79' lang='grc' dir='ltr'><strong>ὃ</strong></span> <span class='ocrx_word' id='word_1_53' title='bbox 670 1186 814 1251; x_wconf 90' lang='lat' dir='ltr'><strong>relictum</strong></span> 
     </span>
     <span class='ocr_line' id='line_1_12' title="bbox 128 1270 740 1358; baseline -0.003 -22"><span class='ocrx_word' id='word_1_54' title='bbox 128 1285 162 1336; x_wconf 80' lang='lat'><strong>35</strong></span> <span class='ocrx_word' id='word_1_55' title='bbox 176 1272 279 1338; x_wconf 83' lang='lat' dir='ltr'><strong>Frhee</strong></span> <span class='ocrx_word' id='word_1_56' title='bbox 300 1293 425 1349; x_wconf 89' lang='lat' dir='ltr'><strong>nomen,</strong></span> <span class='ocrx_word' id='word_1_57' title='bbox 448 1272 626 1358; x_wconf 87' lang='lat' dir='ltr'><strong>pietasque,</strong></span> <span class='ocrx_word' id='word_1_58' title='bbox 650 1270 740 1349; x_wconf 84' lang='lat' dir='ltr'><strong>dixit,</strong></span> 
     </span>
     <span class='ocr_line' id='line_1_13' title="bbox 292 1358 531 1424; baseline -0.004 -1"><span class='ocrx_word' id='word_1_59' title='bbox 292 1358 386 1424; x_wconf 86' lang='lat' dir='ltr'><strong>Victa</strong></span> <span class='ocrx_word' id='word_1_60' title='bbox 407 1358 531 1424; x_wconf 79' lang='lat' dir='ltr'><strong>lurore!</strong></span> 
     </span>
    </p>
   </div>
   <div class='ocr_carea' id='block_1_4' title="bbox 81 1456 1212 1642">
    <p class='ocr_par' dir='ltr' id='par_1_4' title="bbox 81 1456 1212 1642">
     <span class='ocr_line' id='line_1_14' title="bbox 489 1456 801 1522; baseline -0.01 -13"><span class='ocrx_word' id='word_1_61' title='bbox 489 1476 514 1511; x_wconf 81' lang='lat' dir='ltr'><strong>a.</strong></span> <span class='ocrx_word' id='word_1_62' title='bbox 533 1460 576 1512; x_wconf 76' lang='lat' dir='ltr'><strong>ld.</strong></span> <span class='ocrx_word' id='word_1_63' title='bbox 591 1456 667 1522; x_wconf 75' lang='lat' dir='ltr'><strong>vug.</strong></span> <span class='ocrx_word' id='word_1_64' title='bbox 685 1456 722 1507; x_wconf 80' lang='lat' dir='ltr'><strong>Et</strong></span> <span class='ocrx_word' id='word_1_65' title='bbox 738 1460 801 1507; x_wconf 75' lang='lat' dir='ltr'><strong>scat,</strong></span> 
     </span>
     <span class='ocr_line' id='line_1_15' title="bbox 81 1573 1212 1642; baseline 0.002 -16"><span class='ocrx_word' id='word_1_66' title='bbox 81 1581 156 1638; x_wconf 81' lang='lat' dir='ltr'><strong>sent,</strong></span> <span class='ocrx_word' id='word_1_67' title='bbox 174 1592 239 1640; x_wconf 89' lang='lat' dir='ltr'><strong>quae</strong></span> <span class='ocrx_word' id='word_1_68' title='bbox 256 1577 314 1641; x_wconf 86' lang='lat' dir='ltr'><strong>ripa</strong></span> <span class='ocrx_word' id='word_1_69' title='bbox 331 1575 386 1641; x_wconf 81' lang='lat' dir='ltr'><strong>dat,</strong></span> <span class='ocrx_word' id='word_1_70' title='bbox 403 1592 479 1642; x_wconf 89' lang='lat' dir='ltr'><strong>qaam</strong></span> <span class='ocrx_word' id='word_1_71' title='bbox 497 1591 561 1641; x_wconf 89' lang='lat' dir='ltr'><strong>quae</strong></span> <span class='ocrx_word' id='word_1_72' title='bbox 577 1578 697 1642; x_wconf 60' lang='lat' dir='ltr'><strong>petitum</strong></span> <span class='ocrx_word' id='word_1_73' title='bbox 715 1580 745 1624; x_wconf 87' lang='lat' dir='ltr'><strong>ut</strong></span> <span class='ocrx_word' id='word_1_74' title='bbox 761 1575 854 1624; x_wconf 85' lang='lat' dir='ltr'><strong>Noster</strong></span> <span class='ocrx_word' id='word_1_75' title='bbox 872 1573 936 1625; x_wconf 86' lang='lat' dir='ltr'><strong>alibi</strong></span> <span class='ocrx_word' id='word_1_76' title='bbox 953 1573 1044 1638; x_wconf 79' lang='lat' dir='ltr'><strong>[Germ.</strong></span> <span class='ocrx_word' id='word_1_77' title='bbox 1060 1574 1109 1638; x_wconf 85' lang='lat'><strong>111,</strong></span> <span class='ocrx_word' id='word_1_78' title='bbox 1128 1575 1212 1638; x_wconf 65' lang='lat'><strong>1231,</strong></span> 
     </span>
    </p>
   </div>
   <div class='ocr_carea' id='block_1_5' title="bbox 1 1642 1213 1914">
    <p class='ocr_par' dir='ltr' id='par_1_5' title="bbox 1 1642 1213 1914">
     <span class='ocr_line' id='line_1_16' title="bbox 1 1642 1209 1714; baseline 0.001 -21"><span class='ocrx_word' id='word_1_79' title='bbox 1 1677 2 1714; x_wconf 69' lang='lat'>3</span> <span class='ocrx_word' id='word_1_80' title='bbox 83 1647 225 1709; x_wconf 62' lang='lat' dir='ltr'><strong>„lamnae</strong></span> <span class='ocrx_word' id='word_1_81' title='bbox 242 1645 351 1695; x_wconf 79' lang='lat' dir='ltr'><strong>uerbera</strong></span> <span class='ocrx_word' id='word_1_82' title='bbox 362 1645 498 1710; x_wconf 71' lang='lat' dir='ltr'><strong>ttnguae,“</strong></span> <span class='ocrx_word' id='word_1_83' title='bbox 516 1649 543 1694; x_wconf 87' lang='lat' dir='ltr'><strong>et</strong></span> <span class='ocrx_word' id='word_1_84' title='bbox 550 1643 676 1709; x_wconf 78' lang='lat' dir='ltr'><strong>Virgilius</strong></span> <span class='ocrx_word' id='word_1_85' title='bbox 686 1645 759 1707; x_wconf 78' lang='lat' dir='ltr'><strong>[Aen.</strong></span> <span class='ocrx_word' id='word_1_86' title='bbox 769 1642 829 1704; x_wconf 84' lang='lat' dir='ltr'><strong>XII,</strong></span> <span class='ocrx_word' id='word_1_87' title='bbox 840 1644 909 1705; x_wconf 77' lang='lat'><strong>8761,</strong></span> <span class='ocrx_word' id='word_1_88' title='bbox 927 1642 1059 1706; x_wconf 60' lang='lat' dir='ltr'><strong>‚Alosum</strong></span> <span class='ocrx_word' id='word_1_89' title='bbox 1071 1643 1209 1704; x_wconf 71' lang='lat' dir='ltr'><strong>uertma“‚</strong></span> 
     </span>
     <span class='ocr_line' id='line_1_17' title="bbox 1 1710 1213 1779; baseline -0.001 -17"><span class='ocrx_word' id='word_1_90' title='bbox 1 1717 2 1762; x_wconf 69' lang='lat'>1</span> <span class='ocrx_word' id='word_1_91' title='bbox 79 1718 114 1762; x_wconf 84' lang='lat' dir='ltr'><strong>et</strong></span> <span class='ocrx_word' id='word_1_92' title='bbox 131 1713 236 1777; x_wconf 76' lang='lat' dir='ltr'><strong>[Georg.</strong></span> <span class='ocrx_word' id='word_1_93' title='bbox 254 1713 275 1774; x_wconf 91' lang='lat' dir='ltr'><strong>I,</strong></span> <span class='ocrx_word' id='word_1_94' title='bbox 293 1714 352 1776; x_wconf 84' lang='lat'><strong>309]</strong></span> <span class='ocrx_word' id='word_1_95' title='bbox 376 1712 495 1779; x_wconf 71' lang='lat' dir='ltr'><strong>„Stupea</strong></span> <span class='ocrx_word' id='word_1_96' title='bbox 520 1717 684 1777; x_wconf 77' lang='lat' dir='ltr'><strong>torquentem</strong></span> <span class='ocrx_word' id='word_1_97' title='bbox 702 1710 824 1761; x_wconf 80' lang='lat' dir='ltr'><strong>Batenn&#39;s</strong></span> <span class='ocrx_word' id='word_1_98' title='bbox 842 1710 946 1760; x_wconf 86' lang='lat' dir='ltr'><strong>verbera</strong></span> <span class='ocrx_word' id='word_1_99' title='bbox 962 1710 1082 1761; x_wconf 82' lang='lat' dir='ltr'><strong>liundae.“</strong></span> <span class='ocrx_word' id='word_1_100' title='bbox 1119 1711 1213 1767; x_wconf 83' lang='lat' dir='ltr'><strong>Quam·</strong></span> 
     </span>
     <span class='ocr_line' id='line_1_18' title="bbox 1 1777 1213 1845; baseline -0.001 -15"><span class='ocrx_word' id='word_1_101' title='bbox 1 1803 2 1816; x_wconf 60' lang='lat'>1</span> <span class='ocrx_word' id='word_1_102' title='bbox 83 1797 166 1845; x_wconf 83' lang='lat' dir='ltr'><strong>quam</strong></span> <span class='ocrx_word' id='word_1_103' title='bbox 188 1797 218 1831; x_wconf 89' lang='lat' dir='ltr'><strong>eo</strong></span> <span class='ocrx_word' id='word_1_104' title='bbox 242 1797 317 1831; x_wconf 90' lang='lat' dir='ltr'><strong>seusu</strong></span> <span class='ocrx_word' id='word_1_105' title='bbox 334 1781 451 1832; x_wconf 87' lang='lat' dir='ltr'><strong>Valerius</strong></span> <span class='ocrx_word' id='word_1_106' title='bbox 467 1780 575 1831; x_wconf 80' lang='lat' dir='ltr'><strong>Flaccus</strong></span> <span class='ocrx_word' id='word_1_107' title='bbox 594 1779 697 1831; x_wconf 79' lang='lat' dir='ltr'><strong>Litoris</strong></span> <span class='ocrx_word' id='word_1_108' title='bbox 720 1781 789 1829; x_wconf 75' lang='lat' dir='ltr'><strong>letan</strong></span> <span class='ocrx_word' id='word_1_109' title='bbox 812 1778 926 1840; x_wconf 83' lang='lat' dir='ltr'><strong>vocarit,</strong></span> <span class='ocrx_word' id='word_1_110' title='bbox 950 1793 1012 1843; x_wconf 87' lang='lat' dir='ltr'><strong>quos</strong></span> <span class='ocrx_word' id='word_1_111' title='bbox 1030 1777 1103 1829; x_wconf 88' lang='lat' dir='ltr'><strong>litori</strong></span> <span class='ocrx_word' id='word_1_112' title='bbox 1120 1779 1213 1829; x_wconf 84' lang='lat' dir='ltr'><strong>fluctus</strong></span> 
     </span>
     <span class='ocr_line' id='line_1_19' title="bbox 1 1846 1213 1914; baseline 0 -16"><span class='ocrx_word' id='word_1_113' title='bbox 1 1877 2 1880; x_wconf 64' lang='lat'><em>=</em></span> <span class='ocrx_word' id='word_1_114' title='bbox 80 1849 220 1913; x_wconf 80' lang='lat' dir='ltr'><strong>infligunt,</strong></span> <span class='ocrx_word' id='word_1_115' title='bbox 229 1849 251 1909; x_wconf 91' lang='lat'><strong>1,</strong></span> <span class='ocrx_word' id='word_1_116' title='bbox 258 1851 315 1901; x_wconf 79' lang='lat'><strong>330.</strong></span> <span class='ocrx_word' id='word_1_117' title='bbox 334 1852 473 1914; x_wconf 75' lang='lat' dir='ltr'><strong>„quartem</strong></span> <span class='ocrx_word' id='word_1_118' title='bbox 489 1864 588 1899; x_wconf 83' lang='lat' dir='ltr'><strong>raucos</strong></span> <span class='ocrx_word' id='word_1_119' title='bbox 605 1848 643 1899; x_wconf 85' lang='lat' dir='ltr'><strong>nd</strong></span> <span class='ocrx_word' id='word_1_120' title='bbox 658 1847 743 1897; x_wconf 87' lang='lat' dir='ltr'><strong>litoris</strong></span> <span class='ocrx_word' id='word_1_121' title='bbox 753 1847 820 1897; x_wconf 84' lang='lat' dir='ltr'><strong>ictus</strong></span> <span class='ocrx_word' id='word_1_122' title='bbox 829 1846 995 1908; x_wconf 69' lang='lat' dir='ltr'><strong>Definamr‘</strong></span> <span class='ocrx_word' id='word_1_123' title='bbox 1017 1846 1050 1896; x_wconf 90' lang='lat' dir='ltr'><strong>Id</strong></span> <span class='ocrx_word' id='word_1_124' title='bbox 1062 1846 1213 1898; x_wconf 71' lang='lat' dir='ltr'><strong>audaculum</strong></span> 
     </span>
    </p>
   </div>
   <div class='ocr_carea' id='block_1_6' title="bbox 80 1913 1217 4294">
    <p class='ocr_par' dir='ltr' id='par_1_6' title="bbox 80 1913 1217 3140">
     <span class='ocr_line' id='line_1_20' title="bbox 83 1913 1212 1982; baseline -0.002 -16"><span class='ocrx_word' id='word_1_125' title='bbox 83 1915 224 1967; x_wconf 87' lang='lat' dir='ltr'><strong>librarium</strong></span> <span class='ocrx_word' id='word_1_126' title='bbox 234 1916 342 1982; x_wconf 87' lang='lat' dir='ltr'><strong>decepit,</strong></span> <span class='ocrx_word' id='word_1_127' title='bbox 353 1916 420 1982; x_wconf 89' lang='lat' dir='ltr'><strong>quod</strong></span> <span class='ocrx_word' id='word_1_128' title='bbox 431 1932 477 1982; x_wconf 88' lang='lat' dir='ltr'><strong>pro</strong></span> <span class='ocrx_word' id='word_1_129' title='bbox 490 1916 582 1966; x_wconf 87' lang='lat' dir='ltr'><strong>veteris</strong></span> <span class='ocrx_word' id='word_1_130' title='bbox 600 1916 742 1980; x_wconf 75' lang='lat' dir='ltr'><strong>scripturae</strong></span> <span class='ocrx_word' id='word_1_131' title='bbox 759 1913 868 1977; x_wconf 89' lang='lat' dir='ltr'><strong>ratione,</strong></span> <span class='ocrx_word' id='word_1_132' title='bbox 878 1915 1014 1964; x_wconf 76' lang='lat' dir='ltr'><strong>trementis</strong></span> <span class='ocrx_word' id='word_1_133' title='bbox 1031 1929 1092 1964; x_wconf 89' lang='lat' dir='ltr'><strong>casu</strong></span> <span class='ocrx_word' id='word_1_134' title='bbox 1109 1930 1212 1965; x_wconf 66' lang='lat' dir='ltr'><strong>mouea-</strong></span> 
     </span>
     <span class='ocr_line' id='line_1_21' title="bbox 83 1982 1215 2050; baseline -0.002 -15"><span class='ocrx_word' id='word_1_135' title='bbox 83 1986 142 2036; x_wconf 88' lang='lat' dir='ltr'><strong>tiro</strong></span> <span class='ocrx_word' id='word_1_136' title='bbox 161 1990 250 2050; x_wconf 74' lang='lat' dir='ltr'><strong>(prout</strong></span> <span class='ocrx_word' id='word_1_137' title='bbox 267 2000 282 2034; x_wconf 91' lang='lat' dir='ltr'><strong>a</strong></span> <span class='ocrx_word' id='word_1_138' title='bbox 298 2001 375 2034; x_wconf 86' lang='lat' dir='ltr'><strong>uranu</strong></span> <span class='ocrx_word' id='word_1_139' title='bbox 392 1985 474 2050; x_wconf 87' lang='lat' dir='ltr'><strong>prima</strong></span> <span class='ocrx_word' id='word_1_140' title='bbox 490 1983 568 2034; x_wconf 86' lang='lat' dir='ltr'><strong>habet</strong></span> <span class='ocrx_word' id='word_1_141' title='bbox 585 1982 824 2047; x_wconf 80' lang='lat' dir='ltr'><strong>codenlteginensis</strong></span> <span class='ocrx_word' id='word_1_142' title='bbox 842 1985 868 2033; x_wconf 91' lang='lat' dir='ltr'><strong>et</strong></span> <span class='ocrx_word' id='word_1_143' title='bbox 875 1982 965 2033; x_wconf 87' lang='lat' dir='ltr'><strong>Editio</strong></span> <span class='ocrx_word' id='word_1_144' title='bbox 976 1982 1096 2048; x_wconf 86' lang='lat' dir='ltr'><strong>princeps</strong></span> <span class='ocrx_word' id='word_1_145' title='bbox 1106 1982 1215 2046; x_wconf 86' lang='lat' dir='ltr'><strong>Veneta)</strong></span> 
     </span>
     <span class='ocr_line' id='line_1_22' title="bbox 81 2050 1213 2119; baseline -0.002 -17"><span class='ocrx_word' id='word_1_146' title='bbox 81 2053 219 2119; x_wconf 76' lang='lat' dir='ltr'><strong>genitivus</strong></span> <span class='ocrx_word' id='word_1_147' title='bbox 242 2053 380 2118; x_wconf 81' lang='lat' dir='ltr'><strong>singularis</strong></span> <span class='ocrx_word' id='word_1_148' title='bbox 408 2053 432 2102; x_wconf 89' lang='lat' dir='ltr'><strong>ei</strong></span> <span class='ocrx_word' id='word_1_149' title='bbox 455 2052 591 2103; x_wconf 82' lang='lat' dir='ltr'><strong>videretur.</strong></span> <span class='ocrx_word' id='word_1_150' title='bbox 627 2050 757 2115; x_wconf 83' lang='lat' dir='ltr'><strong>Ceterum,</strong></span> <span class='ocrx_word' id='word_1_151' title='bbox 783 2051 831 2101; x_wconf 91' lang='lat' dir='ltr'><strong>etsi</strong></span> <span class='ocrx_word' id='word_1_152' title='bbox 855 2051 930 2100; x_wconf 80' lang='lat' dir='ltr'><strong>facile</strong></span> <span class='ocrx_word' id='word_1_153' title='bbox 953 2050 1120 2100; x_wconf 80' lang='lat' dir='ltr'><strong>concesserim</strong></span> <span class='ocrx_word' id='word_1_154' title='bbox 1143 2050 1213 2117; x_wconf 88' lang='lat' dir='ltr'><strong>ripas</strong></span> 
     </span>
     <span class='ocr_line' id='line_1_23' title="bbox 83 2119 1214 2186; baseline -0.002 -15"><span class='ocrx_word' id='word_1_155' title='bbox 83 2122 201 2173; x_wconf 86' lang='lat' dir='ltr'><strong>marinas</strong></span> <span class='ocrx_word' id='word_1_156' title='bbox 220 2125 332 2171; x_wconf 62' lang='lat' dir='ltr'><strong>temere</strong></span> <span class='ocrx_word' id='word_1_157' title='bbox 348 2120 423 2186; x_wconf 86' lang='lat' dir='ltr'><strong>pulsu</strong></span> <span class='ocrx_word' id='word_1_158' title='bbox 440 2120 579 2181; x_wconf 82' lang='lat' dir='ltr'><strong>undarum3</strong></span> <span class='ocrx_word' id='word_1_159' title='bbox 609 2126 639 2169; x_wconf 90' lang='lat' dir='ltr'><strong>ut</strong></span> <span class='ocrx_word' id='word_1_160' title='bbox 657 2119 752 2170; x_wconf 84' lang='lat' dir='ltr'><strong>Seneca</strong></span> <span class='ocrx_word' id='word_1_161' title='bbox 768 2119 877 2183; x_wconf 90' lang='lat' dir='ltr'><strong>Hippol.</strong></span> <span class='ocrx_word' id='word_1_162' title='bbox 895 2135 917 2168; x_wconf 85' lang='lat' dir='ltr'><strong>r.</strong></span> <span class='ocrx_word' id='word_1_163' title='bbox 938 2119 1011 2171; x_wconf 77' lang='lat'><strong>1013.</strong></span> <span class='ocrx_word' id='word_1_164' title='bbox 1047 2134 1135 2180; x_wconf 78' lang='lat' dir='ltr'><strong>„samu</strong></span> <span class='ocrx_word' id='word_1_165' title='bbox 1153 2133 1214 2169; x_wconf 79' lang='lat' dir='ltr'><strong>mam</strong></span> 
     </span>
     <span class='ocr_line' id='line_1_24' title="bbox 80 2185 1215 2254; baseline -0.002 -15"><span class='ocrx_word' id='word_1_166' title='bbox 80 2192 174 2252; x_wconf 72' lang='lat' dir='ltr'><strong>ltcactu</strong></span> <span class='ocrx_word' id='word_1_167' title='bbox 191 2192 313 2253; x_wconf 71' lang='lat' dir='ltr'><strong>mearunt,</strong></span> <span class='ocrx_word' id='word_1_168' title='bbox 329 2189 366 2239; x_wconf 78' lang='lat' dir='ltr'><strong>Et</strong></span> <span class='ocrx_word' id='word_1_169' title='bbox 382 2204 451 2239; x_wconf 86' lang='lat' dir='ltr'><strong>euna</strong></span> <span class='ocrx_word' id='word_1_170' title='bbox 467 2203 599 2239; x_wconf 76' lang='lat' dir='ltr'><strong>mmmmm</strong></span> <span class='ocrx_word' id='word_1_171' title='bbox 614 2203 709 2254; x_wconf 84' lang='lat' dir='ltr'><strong>spuma</strong></span> <span class='ocrx_word' id='word_1_172' title='bbox 718 2185 854 2238; x_wconf 70' lang='lat' dir='ltr'><strong>harenton</strong></span> <span class='ocrx_word' id='word_1_173' title='bbox 871 2185 963 2246; x_wconf 81' lang='lat' dir='ltr'><strong>ferit.“</strong></span> <span class='ocrx_word' id='word_1_174' title='bbox 985 2186 1036 2236; x_wconf 86' lang='lat' dir='ltr'><strong>Vix</strong></span> <span class='ocrx_word' id='word_1_175' title='bbox 1053 2191 1137 2236; x_wconf 87' lang='lat' dir='ltr'><strong>tamen</strong></span> <span class='ocrx_word' id='word_1_176' title='bbox 1148 2185 1215 2237; x_wconf 90' lang='lat' dir='ltr'><strong>illud</strong></span> 
     </span>
     <span class='ocr_line' id='line_1_25' title="bbox 82 2254 1214 2322; baseline -0.003 -15"><span class='ocrx_word' id='word_1_177' title='bbox 82 2273 171 2321; x_wconf 86' lang='lat' dir='ltr'><strong>aequa</strong></span> <span class='ocrx_word' id='word_1_178' title='bbox 188 2272 250 2307; x_wconf 87' lang='lat' dir='ltr'><strong>aure</strong></span> <span class='ocrx_word' id='word_1_179' title='bbox 266 2258 414 2322; x_wconf 87' lang='lat' dir='ltr'><strong>acceperim,</strong></span> <span class='ocrx_word' id='word_1_180' title='bbox 431 2261 460 2307; x_wconf 93' lang='lat' dir='ltr'><strong>ut</strong></span> <span class='ocrx_word' id='word_1_181' title='bbox 477 2257 504 2306; x_wconf 89' lang='lat' dir='ltr'><strong>in</strong></span> <span class='ocrx_word' id='word_1_182' title='bbox 523 2256 575 2306; x_wconf 85' lang='lat' dir='ltr'><strong>alto</strong></span> <span class='ocrx_word' id='word_1_183' title='bbox 593 2255 812 2320; x_wconf 65' lang='lat' dir='ltr'><strong>{quemadmodum</strong></span> <span class='ocrx_word' id='word_1_184' title='bbox 824 2254 876 2311; x_wconf 81' lang='lat' dir='ltr'><strong>hict</strong></span> <span class='ocrx_word' id='word_1_185' title='bbox 894 2256 1042 2319; x_wconf 82' lang='lat' dir='ltr'><strong>navigantes</strong></span> <span class='ocrx_word' id='word_1_186' title='bbox 1061 2255 1136 2305; x_wconf 88' lang='lat' dir='ltr'><strong>talem</strong></span> <span class='ocrx_word' id='word_1_187' title='bbox 1154 2254 1214 2304; x_wconf 89' lang='lat' dir='ltr'><strong>lito·</strong></span> 
     </span>
     <span class='ocr_line' id='line_1_26' title="bbox 84 2322 1214 2390; baseline -0.004 -14"><span class='ocrx_word' id='word_1_188' title='bbox 84 2343 145 2376; x_wconf 86' lang='lat' dir='ltr'><strong>rum</strong></span> <span class='ocrx_word' id='word_1_189' title='bbox 163 2330 297 2376; x_wconf 87' lang='lat' dir='ltr'><strong>tremorem</strong></span> <span class='ocrx_word' id='word_1_190' title='bbox 314 2325 408 2376; x_wconf 87' lang='lat' dir='ltr'><strong>sentire</strong></span> <span class='ocrx_word' id='word_1_191' title='bbox 425 2324 531 2390; x_wconf 88' lang='lat' dir='ltr'><strong>possint.</strong></span> <span class='ocrx_word' id='word_1_192' title='bbox 551 2323 635 2380; x_wconf 80' lang='lat' dir='ltr'><strong>Quare</strong></span> <span class='ocrx_word' id='word_1_193' title='bbox 653 2325 718 2385; x_wconf 85' lang='lat' dir='ltr'><strong>vide,</strong></span> <span class='ocrx_word' id='word_1_194' title='bbox 736 2339 821 2373; x_wconf 90' lang='lat' dir='ltr'><strong>annon</strong></span> <span class='ocrx_word' id='word_1_195' title='bbox 840 2322 911 2372; x_wconf 81' lang='lat' dir='ltr'><strong>facili</strong></span> <span class='ocrx_word' id='word_1_196' title='bbox 928 2323 1069 2374; x_wconf 84' lang='lat' dir='ltr'><strong>mutatione</strong></span> <span class='ocrx_word' id='word_1_197' title='bbox 1080 2328 1214 2388; x_wconf 75' lang='lat' dir='ltr'><strong>gementes</strong></span> 
     </span>
     <span class='ocr_line' id='line_1_27' title="bbox 84 2390 1214 2461; baseline -0.002 -18"><span class='ocrx_word' id='word_1_198' title='bbox 84 2395 176 2461; x_wconf 88' lang='lat' dir='ltr'><strong>potius</strong></span> <span class='ocrx_word' id='word_1_199' title='bbox 194 2393 325 2459; x_wconf 85' lang='lat' dir='ltr'><strong>scripserit</strong></span> <span class='ocrx_word' id='word_1_200' title='bbox 342 2394 478 2444; x_wconf 82' lang='lat' dir='ltr'><strong>Horatiusr</strong></span> <span class='ocrx_word' id='word_1_201' title='bbox 502 2393 628 2457; x_wconf 90' lang='lat' dir='ltr'><strong>siquidem</strong></span> <span class='ocrx_word' id='word_1_202' title='bbox 644 2395 773 2457; x_wconf 73' lang='lat' dir='ltr'><strong>gannitum</strong></span> <span class='ocrx_word' id='word_1_203' title='bbox 790 2391 893 2441; x_wconf 87' lang='lat' dir='ltr'><strong>litorum</strong></span> <span class='ocrx_word' id='word_1_204' title='bbox 911 2391 950 2440; x_wconf 89' lang='lat' dir='ltr'><strong>vel</strong></span> <span class='ocrx_word' id='word_1_205' title='bbox 968 2408 981 2441; x_wconf 93' lang='lat' dir='ltr'><strong>e</strong></span> <span class='ocrx_word' id='word_1_206' title='bbox 998 2390 1140 2456; x_wconf 82' lang='lat' dir='ltr'><strong>longinquo</strong></span> <span class='ocrx_word' id='word_1_207' title='bbox 1158 2406 1214 2441; x_wconf 86' lang='lat' dir='ltr'><strong>seu-</strong></span> 
     </span>
     <span class='ocr_line' id='line_1_28' title="bbox 86 2459 1214 2526; baseline -0.003 -14"><span class='ocrx_word' id='word_1_208' title='bbox 86 2464 160 2512; x_wconf 87' lang='lat' dir='ltr'><strong>tiunt</strong></span> <span class='ocrx_word' id='word_1_209' title='bbox 177 2462 224 2526; x_wconf 89' lang='lat' dir='ltr'><strong>qui</strong></span> <span class='ocrx_word' id='word_1_210' title='bbox 241 2460 348 2512; x_wconf 86' lang='lat' dir='ltr'><strong>navibus</strong></span> <span class='ocrx_word' id='word_1_211' title='bbox 365 2461 605 2526; x_wconf 80' lang='lat' dir='ltr'><strong>praetervehuntur3</strong></span> <span class='ocrx_word' id='word_1_212' title='bbox 630 2466 763 2511; x_wconf 86' lang='lat' dir='ltr'><strong>tremorem</strong></span> <span class='ocrx_word' id='word_1_213' title='bbox 780 2475 839 2510; x_wconf 79' lang='lat' dir='ltr'><strong>aero</strong></span> <span class='ocrx_word' id='word_1_214' title='bbox 857 2474 944 2520; x_wconf 89' lang='lat' dir='ltr'><strong>nemo,</strong></span> <span class='ocrx_word' id='word_1_215' title='bbox 968 2459 1021 2509; x_wconf 87' lang='lat' dir='ltr'><strong>uisi</strong></span> <span class='ocrx_word' id='word_1_216' title='bbox 1039 2460 1084 2524; x_wconf 90' lang='lat' dir='ltr'><strong>qui</strong></span> <span class='ocrx_word' id='word_1_217' title='bbox 1102 2459 1214 2509; x_wconf 86' lang='lat' dir='ltr'><strong>terrain</strong></span> 
     </span>
     <span class='ocr_line' id='line_1_29' title="bbox 85 2525 1215 2595; baseline -0.004 -14"><span class='ocrx_word' id='word_1_218' title='bbox 85 2532 148 2595; x_wconf 88' lang='lat' dir='ltr'><strong>ipso</strong></span> <span class='ocrx_word' id='word_1_219' title='bbox 173 2530 250 2580; x_wconf 86' lang='lat' dir='ltr'><strong>litore</strong></span> <span class='ocrx_word' id='word_1_220' title='bbox 274 2529 400 2580; x_wconf 85' lang='lat' dir='ltr'><strong>consistit.</strong></span> <span class='ocrx_word' id='word_1_221' title='bbox 435 2528 612 2585; x_wconf 80' lang='lat' dir='ltr'><strong>Quintilianus</strong></span> <span class='ocrx_word' id='word_1_222' title='bbox 636 2527 748 2579; x_wconf 87' lang='lat' dir='ltr'><strong>Declam.</strong></span> <span class='ocrx_word' id='word_1_223' title='bbox 767 2531 791 2580; x_wconf 85' lang='lat'><strong>6.</strong></span> <span class='ocrx_word' id='word_1_224' title='bbox 811 2530 842 2590; x_wconf 90' lang='lat' dir='ltr'><strong>[c.</strong></span> <span class='ocrx_word' id='word_1_225' title='bbox 861 2528 887 2589; x_wconf 85' lang='lat'><strong>5]</strong></span> <span class='ocrx_word' id='word_1_226' title='bbox 922 2525 1061 2592; x_wconf 78' lang='lat' dir='ltr'><strong>„Navigat</strong></span> <span class='ocrx_word' id='word_1_227' title='bbox 1084 2542 1149 2592; x_wconf 74' lang='lat' dir='ltr'><strong>ergo</strong></span> <span class='ocrx_word' id='word_1_228' title='bbox 1166 2543 1215 2593; x_wconf 80' lang='lat' dir='ltr'><strong>per</strong></span> 
     </span>
     <span class='ocr_line' id='line_1_30' title="bbox 86 2593 1214 2662; baseline -0.004 -14"><span class='ocrx_word' id='word_1_229' title='bbox 86 2598 218 2649; x_wconf 77' lang='lat' dir='ltr'><strong>torridos</strong></span> <span class='ocrx_word' id='word_1_230' title='bbox 233 2598 338 2660; x_wconf 70' lang='lat' dir='ltr'><strong>fluctio,</strong></span> <span class='ocrx_word' id='word_1_231' title='bbox 356 2602 382 2649; x_wconf 87' lang='lat' dir='ltr'><strong>et</strong></span> <span class='ocrx_word' id='word_1_232' title='bbox 399 2598 525 2662; x_wconf 80' lang='lat' dir='ltr'><strong>gementia</strong></span> <span class='ocrx_word' id='word_1_233' title='bbox 541 2597 626 2659; x_wconf 88' lang='lat' dir='ltr'><strong>litora,</strong></span> <span class='ocrx_word' id='word_1_234' title='bbox 645 2601 671 2646; x_wconf 88' lang='lat' dir='ltr'><strong>et</strong></span> <span class='ocrx_word' id='word_1_235' title='bbox 687 2601 841 2661; x_wconf 77' lang='lat' dir='ltr'><strong>spumantes</strong></span> <span class='ocrx_word' id='word_1_236' title='bbox 858 2595 1007 2659; x_wconf 83' lang='lat' dir='ltr'><strong>scopulos.“</strong></span> <span class='ocrx_word' id='word_1_237' title='bbox 1030 2593 1214 2645; x_wconf 83' lang='lat' dir='ltr'><strong>NosterCarm.</strong></span> 
     </span>
     <span class='ocr_line' id='line_1_31' title="bbox 86 2663 1214 2729; baseline 0 -13"><span class='ocrx_word' id='word_1_238' title='bbox 86 2667 179 2728; x_wconf 69' lang='lat' dir='ltr'><strong>luto,</strong></span> <span class='ocrx_word' id='word_1_239' title='bbox 192 2667 231 2717; x_wconf 86' lang='grc'><strong>14.</strong></span> <span class='ocrx_word' id='word_1_240' title='bbox 266 2665 377 2728; x_wconf 83' lang='lat' dir='ltr'><strong>„Visam</strong></span> <span class='ocrx_word' id='word_1_241' title='bbox 411 2667 518 2716; x_wconf 89' lang='lat' dir='ltr'><strong>ementis</strong></span> <span class='ocrx_word' id='word_1_242' title='bbox 535 2663 612 2715; x_wconf 85' lang='lat' dir='ltr'><strong>litora</strong></span> <span class='ocrx_word' id='word_1_243' title='bbox 621 2664 762 2729; x_wconf 77' lang='lat' dir='ltr'><strong>Bospori.“</strong></span> <span class='ocrx_word' id='word_1_244' title='bbox 797 2664 934 2729; x_wconf 89' lang='lat' dir='ltr'><strong>Sophocles</strong></span> <span class='ocrx_word' id='word_1_245' title='bbox 943 2663 1031 2728; x_wconf 81' lang='lat' dir='ltr'><strong>Autig.</strong></span> <span class='ocrx_word' id='word_1_246' title='bbox 1041 2680 1064 2715; x_wconf 80' lang='lat' dir='ltr'><strong>v.</strong></span> <span class='ocrx_word' id='word_1_247' title='bbox 1075 2666 1134 2716; x_wconf 85' lang='lat'><strong>603.</strong></span> <span class='ocrx_word' id='word_1_248' title='bbox 1144 2664 1214 2726; x_wconf 80' lang='lat'><strong>[592]</strong></span> 
     </span>
     <span class='ocr_line' id='line_1_32' title="bbox 84 2682 1217 2800; baseline -0.003 -16"><span class='ocrx_word' id='word_1_249' title='bbox 84 2735 214 2784; x_wconf 79' lang='grc' dir='ltr'><em>ΣΊῸΝΩ</em></span> <span class='ocrx_word' id='word_1_250' title='bbox 234 2732 368 2800; x_wconf 74' lang='grc' dir='ltr'><strong>βρέμουσι</strong></span> <span class='ocrx_word' id='word_1_251' title='bbox 391 2682 419 2783; x_wconf 62' lang='lat' dir='ltr'><strong>d&#39;</strong></span> <span class='ocrx_word' id='word_1_252' title='bbox 440 2725 616 2800; x_wconf 70' lang='grc' dir='ltr'><strong>ἅμφιπλῆγες</strong></span> <span class='ocrx_word' id='word_1_253' title='bbox 638 2723 728 2783; x_wconf 67' lang='lat' dir='ltr'><strong>derat.</strong></span> <span class='ocrx_word' id='word_1_254' title='bbox 766 2731 845 2781; x_wconf 82' lang='lat' dir='ltr'><strong>Silius</strong></span> <span class='ocrx_word' id='word_1_255' title='bbox 863 2732 922 2782; x_wconf 84' lang='lat' dir='ltr'><strong>Ital.</strong></span> <span class='ocrx_word' id='word_1_256' title='bbox 942 2731 998 2783; x_wconf 85' lang='lat' dir='ltr'><strong>XV.</strong></span> <span class='ocrx_word' id='word_1_257' title='bbox 1018 2735 1050 2795; x_wconf 81' lang='grc' dir='ltr'><strong>[ι.</strong></span> <span class='ocrx_word' id='word_1_258' title='bbox 1069 2733 1128 2794; x_wconf 80' lang='grc'>156]</span> <span class='ocrx_word' id='word_1_259' title='bbox 1162 2730 1217 2794; x_wconf 76' lang='lat' dir='ltr'><strong>„Et</strong></span> 
     </span>
     <span class='ocr_line' id='line_1_33' title="bbox 82 2799 1215 2868; baseline -0.003 -15"><span class='ocrx_word' id='word_1_260' title='bbox 82 2806 232 2868; x_wconf 81' lang='lat' dir='ltr'><strong>spunaante</strong></span> <span class='ocrx_word' id='word_1_261' title='bbox 248 2817 328 2852; x_wconf 83' lang='lat' dir='ltr'><strong>ruens</strong></span> <span class='ocrx_word' id='word_1_262' title='bbox 343 2818 394 2868; x_wconf 82' lang='lat' dir='ltr'><strong>per</strong></span> <span class='ocrx_word' id='word_1_263' title='bbox 409 2817 478 2852; x_wconf 73' lang='lat' dir='ltr'><strong>saara</strong></span> <span class='ocrx_word' id='word_1_264' title='bbox 495 2801 623 2866; x_wconf 78' lang='lat' dir='ltr'><strong>gementia</strong></span> <span class='ocrx_word' id='word_1_265' title='bbox 634 2802 747 2862; x_wconf 75' lang='lat' dir='ltr'><strong>fluctu.“</strong></span> <span class='ocrx_word' id='word_1_266' title='bbox 765 2799 923 2865; x_wconf 76' lang='lat' dir='ltr'><strong>Virgilxll,</strong></span> <span class='ocrx_word' id='word_1_267' title='bbox 933 2802 992 2853; x_wconf 80' lang='grc'><strong>334.</strong></span> <span class='ocrx_word' id='word_1_268' title='bbox 1010 2801 1107 2865; x_wconf 81' lang='lat' dir='ltr'><strong>„gemit</strong></span> <span class='ocrx_word' id='word_1_269' title='bbox 1119 2800 1215 2851; x_wconf 85' lang='lat' dir='ltr'><strong>ultima</strong></span> 
     </span>
     <span class='ocr_line' id='line_1_34' title="bbox 86 2866 1215 2936; baseline -0.003 -16"><span class='ocrx_word' id='word_1_270' title='bbox 86 2870 168 2936; x_wconf 89' lang='lat' dir='ltr'><strong>pulsu</strong></span> <span class='ocrx_word' id='word_1_271' title='bbox 194 2867 299 2919; x_wconf 77' lang='lat' dir='ltr'><strong>Thraca</strong></span> <span class='ocrx_word' id='word_1_272' title='bbox 321 2869 444 2935; x_wconf 85' lang='lat' dir='ltr'><strong>pedum.“</strong></span> <span class='ocrx_word' id='word_1_273' title='bbox 479 2869 574 2919; x_wconf 84' lang='lat' dir='ltr'><strong>Seneca</strong></span> <span class='ocrx_word' id='word_1_274' title='bbox 590 2870 737 2933; x_wconf 80' lang='lat' dir='ltr'><strong>Agamemn.</strong></span> <span class='ocrx_word' id='word_1_275' title='bbox 755 2869 813 2920; x_wconf 82' lang='grc'><strong>468.</strong></span> <span class='ocrx_word' id='word_1_276' title='bbox 850 2866 1020 2934; x_wconf 71' lang='lat' dir='ltr'><strong>„Tractaque</strong></span> <span class='ocrx_word' id='word_1_277' title='bbox 1044 2868 1125 2933; x_wconf 77' lang='lat' dir='ltr'><strong>longo</strong></span> <span class='ocrx_word' id='word_1_278' title='bbox 1152 2867 1215 2919; x_wconf 88' lang='lat' dir='ltr'><strong>litus</strong></span> 
     </span>
     <span class='ocr_line' id='line_1_35' title="bbox 84 2935 1217 3072; baseline -0.003 -15"><span class='ocrx_word' id='word_1_279' title='bbox 84 2939 389 3069; x_wconf 56' lang='lat' dir='ltr'><strong>trotttttffti</strong></span> <span class='ocrx_word' id='word_1_280' title='bbox 404 2935 1057 3072; x_wconf 55' lang='lat' dir='ltr'><strong>,llt‘tttt‘tuitttttuttttttd</strong></span> <span class='ocrx_word' id='word_1_281' title='bbox 1076 2935 1217 3054; x_wconf 64' lang='lat' dir='ltr'><strong>quqq‘f</strong></span> 
     </span>
     <span class='ocr_line' id='line_1_36' title="bbox 85 3042 1086 3140; baseline -0.001 -16"><span class='ocrx_word' id='word_1_282' title='bbox 85 3090 142 3140; x_wconf 85' lang='lat' dir='ltr'><strong>que</strong></span> <span class='ocrx_word' id='word_1_283' title='bbox 156 3088 259 3137; x_wconf 81' lang='lat' dir='ltr'><strong>gemeus</strong></span> <span class='ocrx_word' id='word_1_284' title='bbox 277 3072 411 3124; x_wconf 78' lang='lat' dir='ltr'><strong>andanem</strong></span> <span class='ocrx_word' id='word_1_285' title='bbox 428 3071 530 3124; x_wconf 85' lang='lat' dir='ltr'><strong>verbere</strong></span> <span class='ocrx_word' id='word_1_286' title='bbox 547 3075 654 3124; x_wconf 85' lang='lat' dir='ltr'><strong>nutat.“</strong></span> <span class='ocrx_word' id='word_1_287' title='bbox 1071 3042 1086 3068; x_wconf 55' lang='lat'><strong>&#39;⁹</strong></span> 
     </span>
    </p>

    <p class='ocr_par' dir='ltr' id='par_1_7' title="bbox 85 3138 1215 3478">
     <span class='ocr_line' id='line_1_37' title="bbox 159 3138 1215 3207; baseline -0.003 -15"><span class='ocrx_word' id='word_1_288' title='bbox 159 3143 202 3194; x_wconf 78' lang='lat'><strong>26.</strong></span> <span class='ocrx_word' id='word_1_289' title='bbox 219 3139 257 3191; x_wconf 78' lang='lat' dir='ltr'><strong>Et</strong></span> <span class='ocrx_word' id='word_1_290' title='bbox 273 3146 415 3192; x_wconf 85' lang='lat' dir='ltr'><strong>scatentem</strong></span> <span class='ocrx_word' id='word_1_291' title='bbox 431 3140 523 3192; x_wconf 84' lang='lat' dir='ltr'><strong>Betus&#39;s</strong></span> <span class='ocrx_word' id='word_1_292' title='bbox 539 3142 660 3207; x_wconf 85' lang='lat' dir='ltr'><strong>pontum]</strong></span> <span class='ocrx_word' id='word_1_293' title='bbox 696 3141 754 3190; x_wconf 89' lang='lat' dir='ltr'><strong>Nou</strong></span> <span class='ocrx_word' id='word_1_294' title='bbox 773 3156 871 3200; x_wconf 90' lang='lat' dir='ltr'><strong>moror,</strong></span> <span class='ocrx_word' id='word_1_295' title='bbox 898 3139 961 3203; x_wconf 88' lang='lat' dir='ltr'><strong>quin</strong></span> <span class='ocrx_word' id='word_1_296' title='bbox 984 3138 1065 3202; x_wconf 87' lang='lat' dir='ltr'><strong>siquis</strong></span> <span class='ocrx_word' id='word_1_297' title='bbox 1083 3140 1131 3189; x_wconf 90' lang='lat' dir='ltr'><strong>hoc</strong></span> <span class='ocrx_word' id='word_1_298' title='bbox 1152 3138 1215 3189; x_wconf 90' lang='lat' dir='ltr'><strong>bene</strong></span> 
     </span>
     <span class='ocr_line' id='line_1_38' title="bbox 85 3207 1215 3273; baseline -0.004 -12"><span class='ocrx_word' id='word_1_299' title='bbox 85 3228 115 3261; x_wconf 83' lang='lat' dir='ltr'><strong>se</strong></span> <span class='ocrx_word' id='word_1_300' title='bbox 134 3209 228 3258; x_wconf 87' lang='lat' dir='ltr'><strong>habere</strong></span> <span class='ocrx_word' id='word_1_301' title='bbox 247 3208 323 3268; x_wconf 86' lang='lat' dir='ltr'><strong>dicat,</strong></span> <span class='ocrx_word' id='word_1_302' title='bbox 341 3210 437 3260; x_wconf 90' lang='lat' dir='ltr'><strong>iudicio</strong></span> <span class='ocrx_word' id='word_1_303' title='bbox 455 3226 502 3260; x_wconf 90' lang='lat' dir='ltr'><strong>suo</strong></span> <span class='ocrx_word' id='word_1_304' title='bbox 518 3224 564 3273; x_wconf 86' lang='lat' dir='ltr'><strong>por</strong></span> <span class='ocrx_word' id='word_1_305' title='bbox 580 3225 620 3259; x_wconf 91' lang='lat' dir='ltr'><strong>me</strong></span> <span class='ocrx_word' id='word_1_306' title='bbox 637 3208 744 3258; x_wconf 80' lang='lat' dir='ltr'><strong>fruatur.</strong></span> <span class='ocrx_word' id='word_1_307' title='bbox 778 3208 871 3258; x_wconf 88' lang='lat' dir='ltr'><strong>Melius</strong></span> <span class='ocrx_word' id='word_1_308' title='bbox 888 3211 980 3267; x_wconf 72' lang='lat' dir='ltr'><strong>tamem</strong></span> <span class='ocrx_word' id='word_1_309' title='bbox 999 3207 1098 3271; x_wconf 89' lang='lat' dir='ltr'><strong>opinor,</strong></span> <span class='ocrx_word' id='word_1_310' title='bbox 1117 3208 1173 3268; x_wconf 88' lang='lat' dir='ltr'><strong>erit,</strong></span> <span class='ocrx_word' id='word_1_311' title='bbox 1193 3208 1215 3257; x_wconf 91' lang='lat' dir='ltr'><strong>si</strong></span> 
     </span>
     <span class='ocr_line' id='line_1_39' title="bbox 88 3274 1215 3342; baseline -0.003 -14"><span class='ocrx_word' id='word_1_312' title='bbox 88 3284 119 3328; x_wconf 88' lang='lat' dir='ltr'><strong>at</strong></span> <span class='ocrx_word' id='word_1_313' title='bbox 136 3293 185 3342; x_wconf 90' lang='lat' dir='ltr'><strong>pro</strong></span> <span class='ocrx_word' id='word_1_314' title='bbox 204 3282 230 3327; x_wconf 87' lang='lat' dir='ltr'><strong>et</strong></span> <span class='ocrx_word' id='word_1_315' title='bbox 246 3277 352 3342; x_wconf 79' lang='lat' dir='ltr'><strong>legeris3</strong></span> <span class='ocrx_word' id='word_1_316' title='bbox 375 3294 432 3328; x_wconf 92' lang='lat' dir='ltr'><strong>cum</strong></span> <span class='ocrx_word' id='word_1_317' title='bbox 456 3278 524 3327; x_wconf 85' lang='lat' dir='ltr'><strong>inter</strong></span> <span class='ocrx_word' id='word_1_318' title='bbox 546 3277 608 3327; x_wconf 88' lang='lat' dir='ltr'><strong>bina</strong></span> <span class='ocrx_word' id='word_1_319' title='bbox 630 3278 693 3327; x_wconf 89' lang='lat' dir='ltr'><strong>haec</strong></span> <span class='ocrx_word' id='word_1_320' title='bbox 718 3276 841 3326; x_wconf 84' lang='lat' dir='ltr'><strong>orationis</strong></span> <span class='ocrx_word' id='word_1_321' title='bbox 863 3274 975 3325; x_wconf 85' lang='lat' dir='ltr'><strong>membra</strong></span> <span class='ocrx_word' id='word_1_322' title='bbox 992 3276 1144 3326; x_wconf 78' lang='lat' dir='ltr'><strong>Autithetou</strong></span> <span class='ocrx_word' id='word_1_323' title='bbox 1162 3291 1215 3325; x_wconf 90' lang='lat' dir='ltr'><strong>esse</strong></span> 
     </span>
     <span class='ocr_line' id='line_1_40' title="bbox 85 3343 1215 3411; baseline -0.003 -14"><span class='ocrx_word' id='word_1_324' title='bbox 85 3347 191 3397; x_wconf 89' lang='lat' dir='ltr'><strong>debeat.</strong></span> <span class='ocrx_word' id='word_1_325' title='bbox 225 3345 344 3411; x_wconf 88' lang='lat' dir='ltr'><strong>Europa,</strong></span> <span class='ocrx_word' id='word_1_326' title='bbox 370 3345 467 3410; x_wconf 89' lang='lat' dir='ltr'><strong>inquit,</strong></span> <span class='ocrx_word' id='word_1_327' title='bbox 485 3345 513 3394; x_wconf 85' lang='lat' dir='ltr'><strong>in</strong></span> <span class='ocrx_word' id='word_1_328' title='bbox 531 3344 617 3395; x_wconf 88' lang='lat' dir='ltr'><strong>littore</strong></span> <span class='ocrx_word' id='word_1_329' title='bbox 633 3343 777 3396; x_wconf 89' lang='lat' dir='ltr'><strong>ludibunda</strong></span> <span class='ocrx_word' id='word_1_330' title='bbox 794 3361 820 3394; x_wconf 89' lang='lat' dir='ltr'><strong>se</strong></span> <span class='ocrx_word' id='word_1_331' title='bbox 838 3343 968 3394; x_wconf 80' lang='lat' dir='ltr'><strong>aatdaater</strong></span> <span class='ocrx_word' id='word_1_332' title='bbox 985 3348 1058 3393; x_wconf 89' lang='lat' dir='ltr'><strong>tauro</strong></span> <span class='ocrx_word' id='word_1_333' title='bbox 1075 3343 1215 3405; x_wconf 84' lang='lat' dir='ltr'><strong>commisit3</strong></span> 
     </span>
     <span class='ocr_line' id='line_1_41' title="bbox 89 3411 1004 3478; baseline -0.003 -14"><span class='ocrx_word' id='word_1_334' title='bbox 89 3420 121 3465; x_wconf 87' lang='lat' dir='ltr'><strong>at</strong></span> <span class='ocrx_word' id='word_1_335' title='bbox 137 3429 198 3463; x_wconf 85' lang='lat' dir='ltr'><strong>mox</strong></span> <span class='ocrx_word' id='word_1_336' title='bbox 214 3413 243 3463; x_wconf 90' lang='lat' dir='ltr'><strong>iu</strong></span> <span class='ocrx_word' id='word_1_337' title='bbox 261 3413 355 3463; x_wconf 86' lang='lat' dir='ltr'><strong>medias</strong></span> <span class='ocrx_word' id='word_1_338' title='bbox 373 3413 453 3465; x_wconf 86' lang='lat' dir='ltr'><strong>undas</strong></span> <span class='ocrx_word' id='word_1_339' title='bbox 471 3411 577 3477; x_wconf 84' lang='lat' dir='ltr'><strong>abrepta</strong></span> <span class='ocrx_word' id='word_1_340' title='bbox 594 3419 648 3463; x_wconf 85' lang='lat' dir='ltr'><strong>tum</strong></span> <span class='ocrx_word' id='word_1_341' title='bbox 666 3412 765 3463; x_wconf 89' lang='lat' dir='ltr'><strong>demum</strong></span> <span class='ocrx_word' id='word_1_342' title='bbox 783 3418 854 3463; x_wconf 86' lang='lat' dir='ltr'><strong>metu</strong></span> <span class='ocrx_word' id='word_1_343' title='bbox 872 3411 1004 3478; x_wconf 86' lang='lat' dir='ltr'><strong>expalluit.</strong></span> 
     </span>
    </p>

    <p class='ocr_par' dir='ltr' id='par_1_8' title="bbox 87 3479 1217 4294">
     <span class='ocr_line' id='line_1_42' title="bbox 160 3479 1216 3548; baseline -0.005 -14"><span class='ocrx_word' id='word_1_344' title='bbox 160 3483 203 3534; x_wconf 85' lang='grc'><strong>34.</strong></span> <span class='ocrx_word' id='word_1_345' title='bbox 224 3480 334 3548; x_wconf 78' lang='lat' dir='ltr'><strong>oppidis</strong></span> <span class='ocrx_word' id='word_1_346' title='bbox 353 3479 460 3543; x_wconf 84' lang='lat' dir='ltr'><strong>Creten,</strong></span> <span class='ocrx_word' id='word_1_347' title='bbox 487 3481 569 3531; x_wconf 80' lang='lat' dir='ltr'><strong>Pater·</strong></span> <span class='ocrx_word' id='word_1_348' title='bbox 592 3496 607 3530; x_wconf 90' lang='lat' dir='ltr'><strong>o</strong></span> <span class='ocrx_word' id='word_1_349' title='bbox 631 3482 754 3531; x_wconf 75' lang='lat' dir='ltr'><strong>relietum</strong></span> <span class='ocrx_word' id='word_1_350' title='bbox 778 3480 865 3531; x_wconf 83' lang='lat' dir='ltr'><strong>Filiae</strong></span> <span class='ocrx_word' id='word_1_351' title='bbox 887 3483 992 3543; x_wconf 84' lang='lat' dir='ltr'><strong>nornen]</strong></span> <span class='ocrx_word' id='word_1_352' title='bbox 1029 3479 1112 3530; x_wconf 83' lang='lat' dir='ltr'><strong>Codex</strong></span> <span class='ocrx_word' id='word_1_353' title='bbox 1130 3483 1216 3530; x_wconf 85' lang='lat' dir='ltr'><strong>noster</strong></span> 
     </span>
     <span class='ocr_line' id='line_1_43' title="bbox 87 3546 1216 3615; baseline -0.002 -16"><span class='ocrx_word' id='word_1_354' title='bbox 87 3549 283 3615; x_wconf 71' lang='lat' dir='ltr'><strong>vigorniensis,</strong></span> <span class='ocrx_word' id='word_1_355' title='bbox 300 3546 562 3614; x_wconf 60' lang='lat' dir='ltr'><strong>„appententem</strong></span> <span class='ocrx_word' id='word_1_356' title='bbox 583 3549 706 3614; x_wconf 81' lang='lat' dir='ltr'><strong>Opaten,</strong></span> <span class='ocrx_word' id='word_1_357' title='bbox 725 3546 741 3599; x_wconf 86' lang='lat' dir='ltr'><strong>d</strong></span> <span class='ocrx_word' id='word_1_358' title='bbox 759 3549 908 3598; x_wconf 82' lang='lat' dir='ltr'><strong>r·elictum.“</strong></span> <span class='ocrx_word' id='word_1_359' title='bbox 942 3548 1024 3604; x_wconf 81' lang='lat' dir='ltr'><strong>Quam</strong></span> <span class='ocrx_word' id='word_1_360' title='bbox 1041 3549 1174 3599; x_wconf 88' lang='lat' dir='ltr'><strong>lectionem</strong></span> <span class='ocrx_word' id='word_1_361' title='bbox 1193 3548 1216 3597; x_wconf 89' lang='lat' dir='ltr'><strong>si</strong></span> 
     </span>
     <span class='ocr_line' id='line_1_44' title="bbox 87 3614 1217 3682; baseline -0.002 -14"><span class='ocrx_word' id='word_1_362' title='bbox 87 3617 239 3679; x_wconf 70' lang='lat' dir='ltr'><strong>admiseris,</strong></span> <span class='ocrx_word' id='word_1_363' title='bbox 263 3620 317 3667; x_wconf 88' lang='lat' dir='ltr'><strong>tum</strong></span> <span class='ocrx_word' id='word_1_364' title='bbox 333 3616 408 3678; x_wconf 79' lang='lat' dir='ltr'><strong>filiae</strong></span> <span class='ocrx_word' id='word_1_365' title='bbox 425 3615 474 3666; x_wconf 87' lang='lat' dir='ltr'><strong>erit</strong></span> <span class='ocrx_word' id='word_1_366' title='bbox 491 3631 562 3666; x_wconf 84' lang='lat' dir='ltr'><strong>casus</strong></span> <span class='ocrx_word' id='word_1_367' title='bbox 580 3617 704 3682; x_wconf 79' lang='lat' dir='ltr'><strong>genitivi3</strong></span> <span class='ocrx_word' id='word_1_368' title='bbox 741 3617 871 3681; x_wconf 82' lang='lat' dir='ltr'><strong>Opater,</strong></span> <span class='ocrx_word' id='word_1_369' title='bbox 896 3614 911 3667; x_wconf 82' lang='grc' dir='ltr'><em>ὃ</em></span> <span class='ocrx_word' id='word_1_370' title='bbox 930 3631 1026 3667; x_wconf 75' lang='lat' dir='ltr'><strong>nocuere</strong></span> <span class='ocrx_word' id='word_1_371' title='bbox 1049 3616 1124 3678; x_wconf 80' lang='lat' dir='ltr'><strong>filiae</strong></span> <span class='ocrx_word' id='word_1_372' title='bbox 1141 3631 1158 3666; x_wconf 89' lang='lat' dir='ltr'><strong>n</strong></span> <span class='ocrx_word' id='word_1_373' title='bbox 1175 3631 1217 3666; x_wconf 86' lang='lat' dir='ltr'><strong>me</strong></span> 
     </span>
     <span class='ocr_line' id='line_1_45' title="bbox 90 3683 1216 3748; baseline -0.004 -11"><span class='ocrx_word' id='word_1_374' title='bbox 90 3686 224 3737; x_wconf 82' lang='lat' dir='ltr'><strong>relietum.</strong></span> <span class='ocrx_word' id='word_1_375' title='bbox 260 3684 309 3735; x_wconf 86' lang='lat' dir='ltr'><strong>Sed</strong></span> <span class='ocrx_word' id='word_1_376' title='bbox 332 3700 417 3734; x_wconf 87' lang='lat' dir='ltr'><strong>omues</strong></span> <span class='ocrx_word' id='word_1_377' title='bbox 442 3685 595 3735; x_wconf 84' lang='lat' dir='ltr'><strong>vetustiores</strong></span> <span class='ocrx_word' id='word_1_378' title='bbox 619 3685 791 3743; x_wconf 85' lang='lat' dir='ltr'><strong>Graeviauus,</strong></span> <span class='ocrx_word' id='word_1_379' title='bbox 816 3684 969 3748; x_wconf 79' lang='lat' dir='ltr'><strong>Regineusia</strong></span> <span class='ocrx_word' id='word_1_380' title='bbox 993 3686 1040 3736; x_wconf 90' lang='lat' dir='ltr'><strong>etc.</strong></span> <span class='ocrx_word' id='word_1_381' title='bbox 1078 3683 1216 3746; x_wconf 79' lang='lat' dir='ltr'><strong>Creten,</strong></span> 
     </span>
     <span class='ocr_line' id='line_1_46' title="bbox 89 3750 1216 3818; baseline -0.005 -13"><span class='ocrx_word' id='word_1_382' title='bbox 89 3755 198 3805; x_wconf 82' lang='lat' dir='ltr'><strong>Pater</strong></span> <span class='ocrx_word' id='word_1_383' title='bbox 214 3750 238 3803; x_wconf 80' lang='grc' dir='ltr'><strong>ὂ.</strong></span> <span class='ocrx_word' id='word_1_384' title='bbox 273 3752 352 3802; x_wconf 82' lang='lat' dir='ltr'><strong>Pater</strong></span> <span class='ocrx_word' id='word_1_385' title='bbox 369 3767 392 3815; x_wconf 94' lang='lat' dir='ltr'><strong>o,</strong></span> <span class='ocrx_word' id='word_1_386' title='bbox 411 3750 522 3802; x_wconf 88' lang='lat' dir='ltr'><strong>utillud</strong></span> <span class='ocrx_word' id='word_1_387' title='bbox 542 3752 620 3803; x_wconf 86' lang='lat' dir='ltr'><strong>Statii</strong></span> <span class='ocrx_word' id='word_1_388' title='bbox 639 3753 699 3803; x_wconf 84' lang='lat' dir='ltr'><strong>silv.</strong></span> <span class='ocrx_word' id='word_1_389' title='bbox 719 3754 753 3811; x_wconf 91' lang='lat' dir='ltr'><strong>II,</strong></span> <span class='ocrx_word' id='word_1_390' title='bbox 773 3755 797 3803; x_wconf 79' lang='lat' dir='ltr'><strong>i.</strong></span> <span class='ocrx_word' id='word_1_391' title='bbox 816 3755 847 3815; x_wconf 89' lang='lat' dir='ltr'><strong>[v.</strong></span> <span class='ocrx_word' id='word_1_392' title='bbox 867 3752 912 3818; x_wconf 81' lang='grc'><strong>41]</strong></span> <span class='ocrx_word' id='word_1_393' title='bbox 948 3751 1003 3815; x_wconf 78' lang='lat' dir='ltr'><strong>„m</strong></span> <span class='ocrx_word' id='word_1_394' title='bbox 1020 3751 1098 3812; x_wconf 74' lang='lat' dir='ltr'><strong>dimit,</strong></span> <span class='ocrx_word' id='word_1_395' title='bbox 1117 3752 1216 3801; x_wconf 90' lang='lat' dir='ltr'><strong>Puero</strong></span> 
     </span>
     <span class='ocr_line' id='line_1_47' title="bbox 91 3818 1217 3884; baseline -0.004 -13"><span class='ocrx_word' id='word_1_396' title='bbox 91 3822 181 3871; x_wconf 84' lang='lat' dir='ltr'><strong>dicate</strong></span> <span class='ocrx_word' id='word_1_397' title='bbox 197 3818 294 3881; x_wconf 79' lang='lat' dir='ltr'><strong>Musis,</strong></span> <span class='ocrx_word' id='word_1_398' title='bbox 319 3820 476 3884; x_wconf 77' lang='lat' dir='ltr'><strong>Longaeoos</strong></span> <span class='ocrx_word' id='word_1_399' title='bbox 494 3823 546 3871; x_wconf 81' lang='lat' dir='ltr'><strong>etto</strong></span> <span class='ocrx_word' id='word_1_400' title='bbox 565 3824 712 3875; x_wconf 79' lang='lat' dir='ltr'><strong>transiture</strong></span> <span class='ocrx_word' id='word_1_401' title='bbox 737 3824 834 3870; x_wconf 85' lang='lat' dir='ltr'><strong>oates.“</strong></span> <span class='ocrx_word' id='word_1_402' title='bbox 870 3822 953 3884; x_wconf 86' lang='lat' dir='ltr'><strong>Atque</strong></span> <span class='ocrx_word' id='word_1_403' title='bbox 977 3820 1024 3869; x_wconf 92' lang='lat' dir='ltr'><strong>hoo</strong></span> <span class='ocrx_word' id='word_1_404' title='bbox 1048 3824 1124 3883; x_wconf 90' lang='lat' dir='ltr'><strong>pacto</strong></span> <span class='ocrx_word' id='word_1_405' title='bbox 1140 3818 1217 3880; x_wconf 81' lang='lat' dir='ltr'><strong>filiae</strong></span> 
     </span>
     <span class='ocr_line' id='line_1_48' title="bbox 88 3885 1217 3955; baseline -0.002 -15"><span class='ocrx_word' id='word_1_406' title='bbox 88 3890 143 3940; x_wconf 85' lang='lat' dir='ltr'><strong>erit</strong></span> <span class='ocrx_word' id='word_1_407' title='bbox 159 3904 233 3939; x_wconf 87' lang='lat' dir='ltr'><strong>casus</strong></span> <span class='ocrx_word' id='word_1_408' title='bbox 250 3887 345 3938; x_wconf 86' lang='lat' dir='ltr'><strong>dativi:</strong></span> <span class='ocrx_word' id='word_1_409' title='bbox 382 3888 403 3939; x_wconf 88' lang='lat'><strong><em>0</em></strong></span> <span class='ocrx_word' id='word_1_410' title='bbox 419 3892 511 3954; x_wconf 79' lang='lat' dir='ltr'><strong>pater,</strong></span> <span class='ocrx_word' id='word_1_411' title='bbox 535 3904 629 3939; x_wconf 87' lang='lat' dir='ltr'><strong>nomen</strong></span> <span class='ocrx_word' id='word_1_412' title='bbox 647 3889 771 3938; x_wconf 81' lang='lat' dir='ltr'><strong>relictum</strong></span> <span class='ocrx_word' id='word_1_413' title='bbox 789 3889 857 3938; x_wconf 79' lang='lat' dir='ltr'><strong>mitri</strong></span> <span class='ocrx_word' id='word_1_414' title='bbox 870 3885 960 3955; x_wconf 75' lang='lat' dir='ltr'><strong>(ittae,</strong></span> <span class='ocrx_word' id='word_1_415' title='bbox 983 3887 1035 3936; x_wconf 83' lang='lat' dir='ltr'><strong>sive</strong></span> <span class='ocrx_word' id='word_1_416' title='bbox 1053 3901 1071 3936; x_wconf 87' lang='lat' dir='ltr'><strong>a</strong></span> <span class='ocrx_word' id='word_1_417' title='bbox 1089 3902 1130 3937; x_wconf 86' lang='lat' dir='ltr'><strong>me</strong></span> <span class='ocrx_word' id='word_1_418' title='bbox 1146 3886 1217 3948; x_wconf 76' lang='lat' dir='ltr'><strong>filio.</strong></span> 
     </span>
     <span class='ocr_line' id='line_1_49' title="bbox 90 3953 1217 4008; baseline -0.003 -1"><span class='ocrx_word' id='word_1_419' title='bbox 90 3958 196 4007; x_wconf 82' lang='lat' dir='ltr'><strong>Utroris</strong></span> <span class='ocrx_word' id='word_1_420' title='bbox 214 3956 288 4005; x_wconf 90' lang='lat' dir='ltr'><strong>modo</strong></span> <span class='ocrx_word' id='word_1_421' title='bbox 306 3953 369 4006; x_wconf 88' lang='lat' dir='ltr'><strong>bene</strong></span> <span class='ocrx_word' id='word_1_422' title='bbox 387 3957 438 4007; x_wconf 88' lang='lat' dir='ltr'><strong>sibi</strong></span> <span class='ocrx_word' id='word_1_423' title='bbox 461 3961 561 4007; x_wconf 82' lang='lat' dir='ltr'><strong>constat</strong></span> <span class='ocrx_word' id='word_1_424' title='bbox 584 3956 675 4008; x_wconf 76' lang='lat' dir='ltr'><strong>oratio.</strong></span> <span class='ocrx_word' id='word_1_425' title='bbox 709 3956 849 4006; x_wconf 88' lang='lat' dir='ltr'><strong>Posteriori</strong></span> <span class='ocrx_word' id='word_1_426' title='bbox 873 3956 941 4006; x_wconf 80' lang='lat' dir='ltr'><strong>lavat</strong></span> <span class='ocrx_word' id='word_1_427' title='bbox 964 3954 1034 4003; x_wconf 86' lang='lat' dir='ltr'><strong>locus</strong></span> <span class='ocrx_word' id='word_1_428' title='bbox 1052 3954 1138 4004; x_wconf 80' lang='lat' dir='ltr'><strong>Ovidii</strong></span> <span class='ocrx_word' id='word_1_429' title='bbox 1156 3953 1217 4004; x_wconf 86' lang='lat' dir='ltr'><strong>Tor-</strong></span> 
     </span>
     <span class='ocr_line' id='line_1_50' title="bbox 89 4019 1217 4089; baseline -0.004 -13"><span class='ocrx_word' id='word_1_430' title='bbox 89 4025 177 4076; x_wconf 87' lang='lat' dir='ltr'><strong>rentio</strong></span> <span class='ocrx_word' id='word_1_431' title='bbox 194 4023 349 4088; x_wconf 87' lang='lat' dir='ltr'><strong>Daoerioqae</strong></span> <span class='ocrx_word' id='word_1_432' title='bbox 367 4025 475 4084; x_wconf 88' lang='lat' dir='ltr'><strong>citatus;</strong></span> <span class='ocrx_word' id='word_1_433' title='bbox 493 4025 539 4075; x_wconf 88' lang='lat' dir='ltr'><strong>ubi</strong></span> <span class='ocrx_word' id='word_1_434' title='bbox 555 4024 667 4075; x_wconf 78' lang='lat' dir='ltr'><strong>Ariadne</strong></span> <span class='ocrx_word' id='word_1_435' title='bbox 684 4024 807 4087; x_wconf 89' lang='lat' dir='ltr'><strong>loquitur,</strong></span> <span class='ocrx_word' id='word_1_436' title='bbox 825 4023 930 4075; x_wconf 87' lang='lat' dir='ltr'><strong>Heroid.</strong></span> <span class='ocrx_word' id='word_1_437' title='bbox 948 4022 980 4072; x_wconf 71' lang='lat' dir='ltr'>X</span> <span class='ocrx_word' id='word_1_438' title='bbox 998 4020 1030 4089; x_wconf 78' lang='lat' dir='ltr'><strong>[a.</strong></span> <span class='ocrx_word' id='word_1_439' title='bbox 1051 4024 1093 4086; x_wconf 75' lang='lat' dir='ltr'><strong>id]</strong></span> <span class='ocrx_word' id='word_1_440' title='bbox 1129 4019 1217 4086; x_wconf 87' lang='lat' dir='ltr'><strong>„Nam</strong></span> 
     </span>
     <span class='ocr_line' id='line_1_51' title="bbox 88 4090 1217 4160; baseline -0.004 -16"><span class='ocrx_word' id='word_1_441' title='bbox 88 4099 172 4160; x_wconf 79' lang='lat' dir='ltr'><strong>pates·</strong></span> <span class='ocrx_word' id='word_1_442' title='bbox 189 4099 214 4143; x_wconf 89' lang='lat' dir='ltr'><strong>et</strong></span> <span class='ocrx_word' id='word_1_443' title='bbox 232 4091 310 4142; x_wconf 82' lang='lat' dir='ltr'><strong>tellus</strong></span> <span class='ocrx_word' id='word_1_444' title='bbox 327 4096 397 4143; x_wconf 85' lang='lat' dir='ltr'><strong>iusto</strong></span> <span class='ocrx_word' id='word_1_445' title='bbox 421 4097 535 4157; x_wconf 78' lang='lat' dir='ltr'><strong>regnata</strong></span> <span class='ocrx_word' id='word_1_446' title='bbox 556 4095 679 4159; x_wconf 62' lang='lat' dir='ltr'><strong>pasena,</strong></span> <span class='ocrx_word' id='word_1_447' title='bbox 703 4091 815 4143; x_wconf 73' lang='lat' dir='ltr'><strong>Pnodtta</strong></span> <span class='ocrx_word' id='word_1_448' title='bbox 838 4096 903 4141; x_wconf 84' lang='lat' dir='ltr'><strong>sant</strong></span> <span class='ocrx_word' id='word_1_449' title='bbox 924 4090 998 4151; x_wconf 78' lang='lat' dir='ltr'><strong>scoto</strong></span> <span class='ocrx_word' id='word_1_450' title='bbox 1022 4091 1126 4140; x_wconf 90' lang='lat' dir='ltr'><strong>uomina</strong></span> <span class='ocrx_word' id='word_1_451' title='bbox 1151 4105 1217 4140; x_wconf 84' lang='lat' dir='ltr'><strong>eura</strong></span> 
     </span>
     <span class='ocr_line' id='line_1_52' title="bbox 90 4156 1217 4226; baseline -0.004 -15"><span class='ocrx_word' id='word_1_452' title='bbox 90 4165 176 4211; x_wconf 77' lang='lat' dir='ltr'><strong>cneo.“</strong></span> <span class='ocrx_word' id='word_1_453' title='bbox 193 4161 242 4211; x_wconf 86' lang='lat' dir='ltr'><strong>hoc</strong></span> <span class='ocrx_word' id='word_1_454' title='bbox 261 4165 306 4220; x_wconf 86' lang='lat' dir='ltr'><strong>est,</strong></span> <span class='ocrx_word' id='word_1_455' title='bbox 323 4161 435 4226; x_wconf 81' lang='lat' dir='ltr'><strong>prodidi</strong></span> <span class='ocrx_word' id='word_1_456' title='bbox 448 4166 555 4225; x_wconf 81' lang='lat' dir='ltr'><strong>patrem</strong></span> <span class='ocrx_word' id='word_1_457' title='bbox 573 4166 600 4211; x_wconf 86' lang='lat' dir='ltr'><strong>et</strong></span> <span class='ocrx_word' id='word_1_458' title='bbox 615 4162 742 4226; x_wconf 81' lang='lat' dir='ltr'><strong>patriam,</strong></span> <span class='ocrx_word' id='word_1_459' title='bbox 761 4159 814 4209; x_wconf 76' lang='lat' dir='ltr'><strong>drea</strong></span> <span class='ocrx_word' id='word_1_460' title='bbox 828 4161 951 4210; x_wconf 82' lang='lat' dir='ltr'><strong>caritatis</strong></span> <span class='ocrx_word' id='word_1_461' title='bbox 962 4158 1073 4208; x_wconf 89' lang='lat' dir='ltr'><strong>nomina.</strong></span> <span class='ocrx_word' id='word_1_462' title='bbox 1098 4156 1217 4208; x_wconf 81' lang='lat' dir='ltr'><strong>Tibullus</strong></span> 
     </span>
     <span class='ocr_line' id='line_1_53' title="bbox 91 4225 1217 4294; baseline -0.004 -15"><span class='ocrx_word' id='word_1_463' title='bbox 91 4231 149 4293; x_wconf 90' lang='lat'><strong>111,</strong></span> <span class='ocrx_word' id='word_1_464' title='bbox 166 4231 191 4282; x_wconf 82' lang='lat'><strong>4.</strong></span> <span class='ocrx_word' id='word_1_465' title='bbox 212 4232 245 4291; x_wconf 86' lang='lat' dir='ltr'><strong>[v.</strong></span> <span class='ocrx_word' id='word_1_466' title='bbox 264 4230 307 4291; x_wconf 79' lang='lat' dir='ltr'><strong>ot]</strong></span> <span class='ocrx_word' id='word_1_467' title='bbox 341 4229 402 4294; x_wconf 78' lang='lat' dir='ltr'><strong>„Aa</strong></span> <span class='ocrx_word' id='word_1_468' title='bbox 427 4228 534 4281; x_wconf 84' lang='lat' dir='ltr'><strong>crudele</strong></span> <span class='ocrx_word' id='word_1_469' title='bbox 555 4244 654 4293; x_wconf 67' lang='lat' dir='ltr'><strong>genus,</strong></span> <span class='ocrx_word' id='word_1_470' title='bbox 681 4244 729 4278; x_wconf 86' lang='lat' dir='ltr'><strong>nee</strong></span> <span class='ocrx_word' id='word_1_471' title='bbox 752 4227 837 4289; x_wconf 83' lang='lat' dir='ltr'><strong>fidum</strong></span> <span class='ocrx_word' id='word_1_472' title='bbox 859 4225 961 4287; x_wconf 76' lang='lat' dir='ltr'><strong>femina</strong></span> <span class='ocrx_word' id='word_1_473' title='bbox 978 4229 1096 4277; x_wconf 88' lang='lat' dir='ltr'><strong>nomen.“</strong></span> <span class='ocrx_word' id='word_1_474' title='bbox 1132 4227 1217 4277; x_wconf 87' lang='lat' dir='ltr'><strong>Priori</strong></span> 
     </span>
    </p>
   </div>
   <div class='ocr_carea' id='block_1_7' title="bbox 0 0 1419 4764">
    <p class='ocr_par' dir='ltr' id='par_1_9' title="bbox 0 0 1419 4764">
     <span class='ocr_line' id='line_1_54' title="bbox 0 0 1419 4764; baseline 0 0"><span class='ocrx_word' id='word_1_475' title='bbox 0 0 1419 4764; x_wconf 95' lang='lat' dir='ltr'><strong> </strong></span> 
     </span>
    </p>
   </div>
  </div>
 </body>
</html>
