2810 4764
423 281 602 331 chaumont
623 284 692 332 ΠΒ.
711 286 761 333 ΙΠ.
776 280 817 334 29.
839 281 879 334 30.

596 505 703 571 ΧΧΧ.
718 544 722 557 ·

173 618 275 701 Exegi
296 627 538 687 monumentum
560 641 635 699 aere
658 623 840 709 perennius,

174 704 350 789 Regalique
373 707 437 772 situ
459 707 665 793 pyramidum
687 709 806 782 alnum

177 789 269 870 Quod
290 810 355 855 non
376 791 478 858 imber
500 792 593 870 edax,
615 811 680 858 non
701 794 819 877 Aquilo
840 795 990 882 inpotens

173 874 280 941 Possit
301 876 439 954 diruere,
461 883 519 943 aut
539 878 783 946 innumerabilis

146 961 337 1026 thanorum
361 962 462 1028 series
483 969 516 1028 et
537 963 618 1045 iuga
640 973 829 1050 temporum.

171 1046 243 1111 Non
266 1046 371 1112 omnis
392 1048 529 1127 moriar;
551 1049 717 1133 multaque
739 1069 815 1136 pars
837 1050 900 1115 mei

173 1130 297 1197 Vitabit
317 1131 502 1198 Libitinam.
547 1154 649 1218 usque
672 1154 734 1217 ego
757 1140 887 1220 postera

173 1217 323 1282 (hoscam
346 1217 442 1284 laude
464 1238 589 1296 recene;
613 1219 690 1285 dum
713 1218 907 1307 Capitolium

173 1301 313 1368 Scandet
334 1322 406 1368 oum
428 1303 526 1367 tacita
547 1304 672 1386 virgine
694 1305 848 1392 pontifex.

133 1399 162 1449 ro
174 1385 281 1465 Dicar,
304 1407 370 1470 qua
391 1387 514 1455 violens
536 1389 692 1476 obstrepit
713 1390 860 1467 Aufidus,

171 1472 213 1536 Iit
235 1491 300 1554 qua
320 1492 446 1560 pauper
467 1494 572 1557 aquae
593 1476 730 1542 Daunus
753 1473 929 1557 agrestium

172 1556 331 1639 Regnavit
352 1558 553 1645 populorum,
577 1579 617 1626 ex
638 1559 751 1626 humili
773 1565 897 1646 potens,

95 1710 177 1759 animo
194 1714 220 1759 et
236 1710 320 1761 libens
338 1712 448 1777 resigno.
484 1713 572 1776 Neque
591 1713 613 1762 si
630 1712 696 1763 forte
714 1713 742 1762 in
759 1713 819 1763 nari
836 1726 929 1777 magna
947 1714 1096 1776 tempestate
1113 1712 1219 1778 depren-

95 1777 238 1840 meinero,
263 1794 293 1829 ea
310 1795 387 1829 eausa
405 1779 481 1844 tquod
505 1781 552 1831 alii
570 1780 661 1839 solent)
680 1781 740 1831 deos
765 1780 884 1846 precibus
907 1783 933 1829 et
949 1780 1016 1829 votis
1039 1780 1166 1844 fatigabo,
1190 1787 1222 1832 ut

95 1850 225 1911 argentum
243 1853 268 1896 et
285 1848 411 1911 pretiosae
429 1865 524 1900 mareas
542 1848 624 1899 salvae
643 1848 764 1909 evadant3
782 1864 822 1898 me
838 1864 895 1898 vero
913 1848 940 1896 in
959 1846 1006 1897 tali
1024 1853 1137 1912 tempore
1154 1850 1222 1915 quid

94 1916 190 1964 sentire
217 1920 313 1979 partus,
348 1916 414 1980 quid
442 1919 542 1980 credr'r,
575 1920 673 1979 amica,
704 1920 832 1983 procuri?
878 1914 945 1965 Tum
974 1930 1016 1965 ma
1042 1915 1148 1967 biremis
1171 1921 1219 1969 etc.

93 1982 217 2047 Equidem
235 1982 266 2033 de
284 1983 375 2033 reculis
392 1985 456 2034 meis
473 1986 578 2035 minime
595 1984 736 2045 sollicitus,
760 1985 821 2035 satis
838 1982 951 2045 habebo,
976 1983 998 2032 si
1016 1982 1056 2035 vel
1073 1984 1101 2034 in
1118 2000 1164 2035 scu
1184 1987 1219 2036 ba

94 2050 175 2100 nudus
192 2050 225 2100 ad
242 2050 317 2101 littus
335 2052 474 2116 appellem,
500 2051 627 2103 mercibus
650 2069 707 2104 unni
731 2054 789 2119 ipsa
812 2053 872 2103 navi
890 2050 1026 2116 nauhagio
1045 2001 1217 2117 pereuntiius.

93 2117 221 2168 Iuvenalis
232 2119 353 2171 SatXII.
365 2124 396 2183 [v.
408 2123 451 2183 37]
470 2121 500 2171 de
511 2122 593 2171 amieo
610 2137 664 2183 suo,
683 2121 727 2186 qui
746 2122 774 2171 in
792 2120 871 2171 simili
889 2119 1002 2186 periculo
1020 2120 1219 2185 pretiosissimas

93 2203 132 2237 ras
150 2203 200 2236 non
217 2187 315 2237 inritus
333 2189 360 2238 in
379 2204 446 2239 mare
464 2190 588 2254 proiecit:
606 2189 741 2252 ,Jundite
753 2205 821 2253 qaue
833 2204 892 2239 meu
904 2192 975 2248 auat,
986 2188 1098 2251 dicebat,
1113 2194 1218 2251 meacm,

95 2253 228 2318 Catullum
252 2255 436 2321 Praecipitare
454 2259 543 2307 votens
561 2260 640 2307 caum
662 2257 861 2323 pariebas-rima,
885 2261 981 2306 verton
998 2256 1165 2321 purgarem
1183 2283 1218 2296 -

93 2321 147 2374 Sed
162 2325 222 2387 quia
239 2339 311 2373 nanc
329 2325 408 2388 aliar,
426 2341 480 2389 qiua
496 2325 592 2375 munde·
608 2328 636 2375 ia
652 2331 745 2390 parta,
764 2327 823 2390 quis
841 2323 924 2375 audet
938 2324 1058 2388 Argenta
1076 2324 1218 2389 praefer-re

94 2396 187 2457 caput,
205 2392 500 2456 recorporandarum
535 2393 596 2444 Ideo
613 2398 697 2444 autem
714 2394 830 2459 scaphae
845 2391 996 2458 pracsidio,
1014 2391 1075 2457 quia
1092 2392 1169 2456 olim,
1187 2399 1217 2444 ut

92 2458 180 2518 bodie,
198 2458 227 2508 in
245 2458 307 2510 tales
325 2477 385 2510 nens
404 2462 511 2527 scaphae
528 2462 636 2512 naribus
654 2462 788 2512 adiunctae
806 2466 893 2511 erant:
917 2464 947 2510 ut
971 2459 1101 2525 eleganter
1118 2459 1217 2511 Statius

93 2526 153 2578 silv.
170 2528 192 2587 Ι,
214 2529 230 2578 4
249 2530 281 2590 [r.
293 2530 361 2591 rnoJ,
379 2532 539 2592 „immensae
556 2530 640 2580 veluti
657 2545 779 2581 conam
797 2533 907 2580 conane
926 2526 1024 2594 Cymbe
1041 2530 1138 2592 minor,
1156 2543 1216 2580 oum

91 2598 176 2646 saeuit
194 2596 362 2691 biemsz‘pro
383 2602 464 2663 parta
480 2596 600 2658 furentes
617 2597 705 2649 Paroa
730 2602 850 2664 receptat
873 2612 971 2662 aquas,
996 2602 1021 2646 at
1046 2596 1136 2646 eodem
1160 2596 1216 2647 ool-

91 2665 164 2714 oa'tur·
182 2668 282 2714 austro.

161 2733 201 2782 li.
217 2730 253 2781 Et
270 2746 323 2796 qua
337 2747 445 2797 pauper
462 2735 558 2798 cquae]
592 2733 646 2782 lam
664 2732 710 2783 diu
728 2738 779 2795 ost,
802 2748 860 2783 curn
878 2730 909 2782 ab
928 2731 987 2782 aliis
1004 2736 1071 2783 recto
1089 2733 1216 2784 emendati

92 2804 151 2849 sunt
168 2799 197 2849 hi
213 2814 314 2848 versus:
348 2799 466 2863 ‚,De'cur,
490 2816 543 2866 qua
560 2801 661 2851 violens
679 2801 807 2867 obstrepit
822 2801 953 2863 Aufidus,
978 2799 1015 2851 Et
1032 2816 1085 2865 qua
1102 2801 1216 2852 Daunus

92 2883 179 2932 aquae
193 2882 301 2932 pauper
318 2869 464 2931 agrestium
473 2869 600 2933 Regnavit
616 2871 787 2935 populorum,
805 2885 840 2919 ao
857 2868 954 2919 humili
967 2873 1070 2934 potens,
1087 2869 1216 2935 Princeps

89 2935 214 2986 Aeoliam
225 2951 332 2986 carmen
347 2935 384 2985 ad
391 2935 631 2987 italosDeduciaae
645 2937 764 2988 modoa.“
779 2937 824 2987 ubi
833 2941 930 2987 veteres
945 2936 1070 2987 editiones
1078 2935 1216 3002 Regnator

91 3002 314 3064 circumferebant3
339 3019 395 3053 cnm
413 3009 496 3054 tamon
514 3005 671 3071 Porphyrio,
692 3005 809 3068 Servius,
835 3009 861 3055 et
884 3002 984 3055 codices
1001 3003 1142 3068 Oraquiani
1160 3006 1216 3055 sino

91 3071 170 3122 dubio
188 3087 272 3121 veram
290 3071 424 3122 lectionem
448 3073 598 3133 exhibeant,
621 3071 754 3134 Regnavit
774 3073 950 3139 populorum
974 3072 1067 3137 quibus
1090 3072 1215 3135 accedunt

90 3154 120 3189 ex
138 3140 233 3189 nostris
251 3139 391 3201 Galcanus,
415 3140 563 3201 Leidensis,
588 3145 614 3191 et
631 3157 646 3190 a
663 3142 746 3207 prima
769 3157 844 3191 manu
868 3140 1028 3205 Baginensis.
1063 3139 1148 3189 Unum
1166 3144 1212 3201 est,

90 3207 117 3257 in
136 3224 186 3272 quo
204 3207 319 3273 plerique
336 3208 487 3274 interpretes
504 3209 547 3258 hio
564 3208 631 3273 lapsi
649 3214 722 3270 sunt,
746 3209 852 3259 alterum
869 3208 898 3257 in
916 3223 966 3273 quo
983 3223 1076 3257 omnes.
1111 3206 1214 3274 Quippe

91 3276 220 3326 Duronum
245 3291 331 3340 cquae
352 3291 497 3342 pauperem
521 3276 625 3326 flurium
650 3278 775 3342 quendam
798 3275 960 3340 intelligunt=
987 3290 1046 3324 cum
1069 3291 1112 3325 rex
1134 3276 1213 3326 fuerit

90 3343 214 3408 Apuliae,
238 3344 350 3408 regionis
368 3344 453 3395 aridae
477 3348 502 3393 et
526 3345 685 3405 siticulosum
709 3346 780 3409 isque
799 3358 828 3394 ea
845 3359 921 3393 cauea
937 3358 1042 3408 pauper
1059 3359 1146 3408 aquae
1163 3343 1213 3395 ele-

90 3418 183 3477 ganter
200 3411 308 3472 dicatur,
326 3416 356 3461 ut
374 3412 453 3462 Silius
470 3412 576 3462 Italicus
594 3411 638 3463 lib.
658 3414 705 3462 ΙΙΙ.
726 3418 758 3477 [v.
777 3414 836 3474 303]
872 3409 958 3475 „Tum
975 3411 1090 3478 chalybis
1106 3428 1211 3478 pauper,

86 3480 225 3531 Bamurue
241 3479 327 3529 cruda
344 3482 475 3541 iuventus,
495 3479 618 3530 Contenti
633 3496 717 3546 parca
736 3481 847 3531 durasse
864 3480 973 3530 bertilia
989 3481 1125 3542 stamma.“
1142 3483 1212 3547 Apu·

87 3548 154 3598 leius
172 3548 200 3598 in
218 3547 330 3596 Floridis
349 3551 384 3612 [p.
395 3550 426 3600 19
436 3548 524 3609 0ud.]:
544 3548 597 3609 „Et
613 3548 724 3613 fragrem
745 3564 880 3615 pauperes
896 3548 1033 3614 Ityraeos,
1058 3554 1084 3598 et
1100 3548 1212 3600 odorum

89 3616 184 3666 divitas
202 3616 334 3666 Arabas.“
369 3616 467 3665 Deinde
485 3615 531 3665 illa
548 3616 638 3677 verba,
662 3633 697 3666 cro
715 3617 811 3667 bamili
823 3621 932 3682 potens,
957 3631 1088 3682 perperam
1107 3617 1137 3666 de
1154 3617 1211 3681 ipso

85 3684 196 3734 Horatio
215 3683 346 3749 accipiunt
364 3689 389 3733 ot
406 3690 502 3734 veteres
518 3685 685 3735 Enarratores
704 3689 729 3734 et
746 3683 815 3734 nori.
849 3683 1035 3747 ‚‚Gloriutur·,“
1053 3685 1140 3746 aiunt,
1166 3700 1211 3747 „aa

87 3751 213 3802 libertino
237 3757 316 3817 putre
333 3752 370 3802 cd
387 3757 488 3802 tantam
507 3753 658 3802 claritatem
676 3753 772 3803 studiis
795 3753 969 3816 perseniaefl
1004 3751 1078 3807 Quod
1095 3751 1125 3800 de
1140 3750 1210 3802 Cice·

86 3835 149 3870 rone
167 3819 286 3870 similiter
300 3819 429 3870 Vomanus
447 3820 475 3870 in
488 3821 680 3885 Epigrammata
699 3820 811 3883 [Anthol.
822 3822 906 3870 Burm.
917 3821 952 3880 II,
965 3822 1021 3880 167,
1030 3820 1065 3882 21,
1085 3819 1210 3882 „Doctri-

87 3903 140 3938 nae
158 3889 276 3951 antistes,
295 3903 385 3937 rorum
402 3888 536 3938 mirabilia
554 3893 649 3938 auctor
669 3888 780 3951 Tullius,
799 3891 914 3938 existens
931 3887 1027 3938 nobilis
1045 3902 1075 3936 ex
1091 3885 1209 3937 humili.“

85 3961 112 4006 et
129 3956 224 4006 Noster
240 3954 271 4005 de
289 3971 315 4005 se
332 3955 416 4020 Epist.
435 3956 456 4016 I,
474 3958 515 4017 20,
533 3958 574 4008 20.
610 3956 671 4019 „Me
689 3958 812 4007 libertino
829 3961 923 4006 autum
944 3959 1024 4019 patra
1048 3958 1074 4003 et
1089 3956 1118 4002 ia
1137 3957 1213 4004 tenui

85 4041 125 4089 re,
142 4022 259 4074 Maiores
274 4039 379 4089 pennas
396 4024 460 4074 aido
479 4023 627 4074 selandiae
644 4025 776 4089 loquerir5
800 4023 843 4074 Me
857 4025 954 4089 primia
974 4020 1050 4074 Urbis
1068 4021 1130 4071 balli
1149 4023 1210 4088 piu-

85 4094 172 4143 coisse
189 4091 338 4157 domique.“
371 4094 406 4142 nt
422 4107 485 4157 pace
503 4095 632 4142 tantorum
648 4094 773 4155 virorum,
792 4089 953 4157 quantumvis
970 4089 1112 4139 studiorum
1127 4089 1210 4154 gloria

86 4165 113 4211 ct
131 4160 277 4227 principum
295 4160 410 4210 amicitia
426 4161 520 4210 Noster
536 4160 663 4221 floruerit3
682 4176 837 4224 numquam,
862 4159 884 4209 si
908 4158 972 4209 bene
996 4174 1053 4208 eum
1070 4158 1139 4219 novi,
1157 4161 1209 4208 tarn

83 4229 213 4280 invidioso
238 4226 313 4279 verbo
335 4233 469 4295 potantem
492 4244 517 4278 se
536 4227 648 4278 dixisset.
684 4227 752 4283 Quid
770 4227 855 4278 enim?
882 4242 914 4277 an
940 4226 985 4291 qui
1006 4243 1058 4277 uno
1081 4226 1163 4292 agello
1180 4227 1208 4277 in

1002 4310 1056 4364 15*
