<?xml version="1.0" encoding="UTF-8"?>
<!DOCTYPE html PUBLIC "-//W3C//DTD XHTML 1.0 Transitional//EN"
    "http://www.w3.org/TR/xhtml1/DTD/xhtml1-transitional.dtd">
<html xmlns="http://www.w3.org/1999/xhtml" xml:lang="en" lang="en">
 <head>
  <title>
</title>
<meta http-equiv="Content-Type" content="text/html;charset=utf-8" />
  <meta name='ocr-system' content='tesseract 3.04.00' />
  <meta name='ocr-capabilities' content='ocr_page ocr_carea ocr_par ocr_line ocrx_word'/>
</head>
<body>
  <div class='ocr_page' id='page_1' title='image "./qhoratiusflaccu02bentgoog_0081.png"; bbox 0 0 2818 4758; ppageno 0'>
   <div class='ocr_carea' id='block_1_1' title="bbox 204 243 939 314">
    <p class='ocr_par' dir='ltr' id='par_1_1' title="bbox 204 243 939 314">
     <span class='ocr_line' id='line_1_1' title="bbox 204 243 939 314; baseline -0.001 -8"><span class='ocrx_word' id='word_1_1' title='bbox 204 243 245 307; x_wconf 88' lang='grc'><strong>64</strong></span> <span class='ocrx_word' id='word_1_2' title='bbox 596 253 629 314; x_wconf 77' lang='lat' dir='ltr'><strong>o.</strong></span> <span class='ocrx_word' id='word_1_3' title='bbox 651 249 794 305; x_wconf 79' lang='lat' dir='ltr'><strong>nassau</strong></span> <span class='ocrx_word' id='word_1_4' title='bbox 815 256 939 305; x_wconf 77' lang='lat' dir='ltr'><strong>runem</strong></span> 
     </span>
    </p>
   </div>
   <div class='ocr_carea' id='block_1_2' title="bbox 247 387 978 642">
    <p class='ocr_par' dir='ltr' id='par_1_2' title="bbox 247 387 978 642">
     <span class='ocr_line' id='line_1_2' title="bbox 247 387 978 471; baseline 0.007 -18"><span class='ocrx_word' id='word_1_5' title='bbox 247 402 278 453; x_wconf 86' lang='lat' dir='ltr'><strong>1o</strong></span> <span class='ocrx_word' id='word_1_6' title='bbox 290 391 431 457; x_wconf 77' lang='lat' dir='ltr'>Possunt</span> <span class='ocrx_word' id='word_1_7' title='bbox 451 387 599 454; x_wconf 83' lang='lat' dir='ltr'><strong>honores.</strong></span> <span class='ocrx_word' id='word_1_8' title='bbox 631 387 717 454; x_wconf 91' lang='lat' dir='ltr'><strong>hunc</strong></span> <span class='ocrx_word' id='word_1_9' title='bbox 736 387 855 456; x_wconf 90' lang='lat' dir='ltr'><strong>fidibus</strong></span> <span class='ocrx_word' id='word_1_10' title='bbox 876 390 978 471; x_wconf 82' lang='lat' dir='ltr'><strong>noris,</strong></span> 
     </span>
     <span class='ocr_line' id='line_1_3' title="bbox 329 472 853 560; baseline -0.002 -20"><span class='ocrx_word' id='word_1_11' title='bbox 329 475 423 540; x_wconf 86' lang='lat' dir='ltr'><strong>Hune</strong></span> <span class='ocrx_word' id='word_1_12' title='bbox 444 472 562 540; x_wconf 89' lang='lat' dir='ltr'><strong>Lesbio</strong></span> <span class='ocrx_word' id='word_1_13' title='bbox 585 492 712 541; x_wconf 76' lang='lat' dir='ltr'><strong>sacram</strong></span> <span class='ocrx_word' id='word_1_14' title='bbox 733 475 853 560; x_wconf 89' lang='lat' dir='ltr'><strong>plectro</strong></span> 
     </span>
     <span class='ocr_line' id='line_1_4' title="bbox 373 559 915 642; baseline -0.002 -18"><span class='ocrx_word' id='word_1_15' title='bbox 373 561 484 642; x_wconf 81' lang='lat' dir='ltr'><strong>Teque</strong></span> <span class='ocrx_word' id='word_1_16' title='bbox 506 565 644 641; x_wconf 87' lang='lat' dir='ltr'><strong>tuasque</strong></span> <span class='ocrx_word' id='word_1_17' title='bbox 665 559 758 624; x_wconf 91' lang='lat' dir='ltr'><strong>decet</strong></span> <span class='ocrx_word' id='word_1_18' title='bbox 780 579 915 626; x_wconf 91' lang='lat' dir='ltr'><strong>sorores.</strong></span> 
     </span>
    </p>
   </div>
   <div class='ocr_carea' id='block_1_3' title="bbox 558 675 867 758">
    <p class='ocr_par' dir='ltr' id='par_1_3' title="bbox 558 675 867 758">
     <span class='ocr_line' id='line_1_5' title="bbox 558 675 867 758; baseline 0.006 -33"><span class='ocrx_word' id='word_1_19' title='bbox 558 693 581 727; x_wconf 82' lang='lat' dir='ltr'><strong>v.</strong></span> <span class='ocrx_word' id='word_1_20' title='bbox 599 679 637 758; x_wconf 81' lang='lat' dir='ltr'><strong>l0.</strong></span> <span class='ocrx_word' id='word_1_21' title='bbox 648 675 725 743; x_wconf 74' lang='lat' dir='ltr'><strong>Vul&#39;g.</strong></span> <span class='ocrx_word' id='word_1_22' title='bbox 741 676 867 730; x_wconf 62' lang='lat' dir='ltr'><strong>Restant.</strong></span> 
     </span>
    </p>
   </div>
   <div class='ocr_carea' id='block_1_4' title="bbox 192 861 1326 2104">
    <p class='ocr_par' dir='ltr' id='par_1_4' title="bbox 192 861 1326 2104">
     <span class='ocr_line' id='line_1_6' title="bbox 202 861 1325 930; baseline 0.004 -16"><span class='ocrx_word' id='word_1_23' title='bbox 202 880 253 915; x_wconf 90' lang='lat' dir='ltr'><strong>eos.</strong></span> <span class='ocrx_word' id='word_1_24' title='bbox 287 862 456 915; x_wconf 89' lang='lat' dir='ltr'><strong>Doctissimus</strong></span> <span class='ocrx_word' id='word_1_25' title='bbox 473 861 531 912; x_wconf 86' lang='lat' dir='ltr'><strong>Nic.</strong></span> <span class='ocrx_word' id='word_1_26' title='bbox 548 863 674 913; x_wconf 73' lang='lat' dir='ltr'><strong>Heinsius</strong></span> <span class='ocrx_word' id='word_1_27' title='bbox 690 863 719 913; x_wconf 88' lang='lat' dir='ltr'><strong>in</strong></span> <span class='ocrx_word' id='word_1_28' title='bbox 736 864 850 929; x_wconf 75' lang='lat' dir='ltr'><strong>margine</strong></span> <span class='ocrx_word' id='word_1_29' title='bbox 867 861 930 913; x_wconf 88' lang='lat' dir='ltr'>libri</span> <span class='ocrx_word' id='word_1_30' title='bbox 947 864 1000 915; x_wconf 88' lang='lat' dir='ltr'><strong>sui:</strong></span> <span class='ocrx_word' id='word_1_31' title='bbox 1020 862 1111 928; x_wconf 77' lang='lat' dir='ltr'><strong>„Lege</strong></span> <span class='ocrx_word' id='word_1_32' title='bbox 1123 864 1271 930; x_wconf 82' lang='lat' dir='ltr'><strong>Pimplasi&#39;:</strong></span> <span class='ocrx_word' id='word_1_33' title='bbox 1287 870 1325 918; x_wconf 80' lang='lat' dir='ltr'><strong>sic</strong></span> 
     </span>
     <span class='ocr_line' id='line_1_7' title="bbox 203 930 1324 997; baseline 0.004 -15"><span class='ocrx_word' id='word_1_34' title='bbox 203 936 277 983; x_wconf 83' lang='lat' dir='ltr'><strong>ustus</strong></span> <span class='ocrx_word' id='word_1_35' title='bbox 294 931 456 983; x_wconf 83' lang='lat' dir='ltr'><strong>Scholiastes</strong></span> <span class='ocrx_word' id='word_1_36' title='bbox 472 930 579 980; x_wconf 84' lang='lat' dir='ltr'><strong>uidetur</strong></span> <span class='ocrx_word' id='word_1_37' title='bbox 597 935 767 995; x_wconf 82' lang='lat' dir='ltr'><strong>agnoscere.“</strong></span> <span class='ocrx_word' id='word_1_38' title='bbox 800 933 929 997; x_wconf 81' lang='lat' dir='ltr'><strong>Frequens</strong></span> <span class='ocrx_word' id='word_1_39' title='bbox 946 931 974 982; x_wconf 93' lang='lat' dir='ltr'><strong>id</strong></span> <span class='ocrx_word' id='word_1_40' title='bbox 990 947 1071 996; x_wconf 81' lang='lat' dir='ltr'><strong>genus</strong></span> <span class='ocrx_word' id='word_1_41' title='bbox 1088 933 1179 983; x_wconf 88' lang='lat' dir='ltr'><strong>menda</strong></span> <span class='ocrx_word' id='word_1_42' title='bbox 1196 938 1236 985; x_wconf 89' lang='lat' dir='ltr'><strong>est</strong></span> <span class='ocrx_word' id='word_1_43' title='bbox 1244 935 1272 984; x_wconf 88' lang='lat' dir='ltr'><strong>ia</strong></span> <span class='ocrx_word' id='word_1_44' title='bbox 1282 951 1324 986; x_wconf 92' lang='lat' dir='ltr'><strong>co·</strong></span> 
     </span>
     <span class='ocr_line' id='line_1_8' title="bbox 202 997 1325 1066; baseline 0.004 -16"><span class='ocrx_word' id='word_1_45' title='bbox 202 998 302 1050; x_wconf 81' lang='lat' dir='ltr'><strong>dinibus</strong></span> <span class='ocrx_word' id='word_1_46' title='bbox 320 999 431 1065; x_wconf 90' lang='lat' dir='ltr'><strong>scriptis.</strong></span> <span class='ocrx_word' id='word_1_47' title='bbox 450 998 493 1049; x_wconf 84' lang='lat' dir='ltr'><strong>Sic</strong></span> <span class='ocrx_word' id='word_1_48' title='bbox 509 997 692 1050; x_wconf 81' lang='lat' dir='ltr'><strong>OvidMetam.</strong></span> <span class='ocrx_word' id='word_1_49' title='bbox 708 1000 729 1061; x_wconf 93' lang='lat' dir='ltr'><strong>I,</strong></span> <span class='ocrx_word' id='word_1_50' title='bbox 744 1001 802 1051; x_wconf 84' lang='grc'><strong>504.</strong></span> <span class='ocrx_word' id='word_1_51' title='bbox 821 998 975 1066; x_wconf 72' lang='lat' dir='ltr'><strong>„Nympha</strong></span> <span class='ocrx_word' id='word_1_52' title='bbox 991 1015 1096 1065; x_wconf 79' lang='lat' dir='ltr'><strong>precor,</strong></span> <span class='ocrx_word' id='word_1_53' title='bbox 1107 1002 1204 1064; x_wconf 68' lang='lat' dir='ltr'><strong>Pensa</strong></span> <span class='ocrx_word' id='word_1_54' title='bbox 1214 1005 1325 1053; x_wconf 84' lang='lat' dir='ltr'><strong>mane“:</strong></span> 
     </span>
     <span class='ocr_line' id='line_1_9' title="bbox 202 1066 1325 1134; baseline 0.003 -16"><span class='ocrx_word' id='word_1_55' title='bbox 202 1066 248 1118; x_wconf 90' lang='lat' dir='ltr'><strong>ubi</strong></span> <span class='ocrx_word' id='word_1_56' title='bbox 265 1083 332 1118; x_wconf 90' lang='lat' dir='ltr'><strong>unus</strong></span> <span class='ocrx_word' id='word_1_57' title='bbox 350 1073 376 1120; x_wconf 90' lang='lat' dir='ltr'><strong>et</strong></span> <span class='ocrx_word' id='word_1_58' title='bbox 393 1067 457 1118; x_wconf 87' lang='lat' dir='ltr'><strong>alter</strong></span> <span class='ocrx_word' id='word_1_59' title='bbox 474 1082 505 1117; x_wconf 83' lang='lat' dir='ltr'><strong>ex</strong></span> <span class='ocrx_word' id='word_1_60' title='bbox 522 1066 629 1133; x_wconf 85' lang='lat' dir='ltr'><strong>optimis</strong></span> <span class='ocrx_word' id='word_1_61' title='bbox 654 1071 721 1117; x_wconf 88' lang='lat' dir='ltr'><strong>reete</strong></span> <span class='ocrx_word' id='word_1_62' title='bbox 738 1067 826 1119; x_wconf 80' lang='lat' dir='ltr'><strong>Penei.</strong></span> <span class='ocrx_word' id='word_1_63' title='bbox 871 1067 914 1117; x_wconf 82' lang='lat' dir='ltr'><strong>Sic</strong></span> <span class='ocrx_word' id='word_1_64' title='bbox 941 1067 1036 1118; x_wconf 88' lang='lat' dir='ltr'><strong>ibidem</strong></span> <span class='ocrx_word' id='word_1_65' title='bbox 1053 1068 1176 1133; x_wconf 80' lang='lat' dir='ltr'><strong>Dodona,</strong></span> <span class='ocrx_word' id='word_1_66' title='bbox 1202 1067 1325 1134; x_wconf 81' lang='lat' dir='ltr'><strong>Cadmea,</strong></span> 
     </span>
     <span class='ocr_line' id='line_1_10' title="bbox 202 1133 1322 1202; baseline 0.002 -16"><span class='ocrx_word' id='word_1_67' title='bbox 202 1135 299 1201; x_wconf 74' lang='lat' dir='ltr'><strong>Laden,</strong></span> <span class='ocrx_word' id='word_1_68' title='bbox 318 1152 367 1202; x_wconf 88' lang='lat' dir='ltr'><strong>pro</strong></span> <span class='ocrx_word' id='word_1_69' title='bbox 375 1135 491 1198; x_wconf 79' lang='lat' dir='ltr'><strong>Dodoni,</strong></span> <span class='ocrx_word' id='word_1_70' title='bbox 513 1133 627 1200; x_wconf 83' lang='lat' dir='ltr'><strong>Cadmei,</strong></span> <span class='ocrx_word' id='word_1_71' title='bbox 645 1134 734 1186; x_wconf 77' lang='lat' dir='ltr'><strong>baasi</strong></span> <span class='ocrx_word' id='word_1_72' title='bbox 763 1136 858 1185; x_wconf 83' lang='lat' dir='ltr'><strong>Itemm</strong></span> <span class='ocrx_word' id='word_1_73' title='bbox 868 1135 992 1186; x_wconf 88' lang='lat' dir='ltr'><strong>Heinsius</strong></span> <span class='ocrx_word' id='word_1_74' title='bbox 1001 1136 1034 1187; x_wconf 89' lang='lat' dir='ltr'><strong>sd</strong></span> <span class='ocrx_word' id='word_1_75' title='bbox 1047 1136 1125 1186; x_wconf 88' lang='lat' dir='ltr'><strong>istum</strong></span> <span class='ocrx_word' id='word_1_76' title='bbox 1134 1136 1219 1187; x_wconf 89' lang='lat' dir='ltr'><strong>locum</strong></span> <span class='ocrx_word' id='word_1_77' title='bbox 1229 1138 1322 1201; x_wconf 83' lang='lat' dir='ltr'><strong>Ovidii,</strong></span> 
     </span>
     <span class='ocr_line' id='line_1_11' title="bbox 203 1202 1326 1271; baseline 0.003 -17"><span class='ocrx_word' id='word_1_78' title='bbox 203 1202 277 1266; x_wconf 86' lang='lat' dir='ltr'><strong>„Nec</strong></span> <span class='ocrx_word' id='word_1_79' title='bbox 294 1204 415 1267; x_wconf 78' lang='lat' dir='ltr'><strong>dubito“,</strong></span> <span class='ocrx_word' id='word_1_80' title='bbox 433 1202 528 1267; x_wconf 89' lang='lat' dir='ltr'><strong>inquit,</strong></span> <span class='ocrx_word' id='word_1_81' title='bbox 546 1203 640 1270; x_wconf 84' lang='lat' dir='ltr'><strong>„apud</strong></span> <span class='ocrx_word' id='word_1_82' title='bbox 646 1203 788 1254; x_wconf 80' lang='lat' dir='ltr'><strong>Horatium</strong></span> <span class='ocrx_word' id='word_1_83' title='bbox 798 1203 924 1268; x_wconf 86' lang='lat' dir='ltr'><strong>Pimplaci</strong></span> <span class='ocrx_word' id='word_1_84' title='bbox 933 1203 1016 1254; x_wconf 91' lang='lat' dir='ltr'><strong>dulcis</strong></span> <span class='ocrx_word' id='word_1_85' title='bbox 1027 1220 1079 1269; x_wconf 80' lang='lat' dir='ltr'><strong>pra</strong></span> <span class='ocrx_word' id='word_1_86' title='bbox 1089 1205 1220 1270; x_wconf 87' lang='lat' dir='ltr'><strong>Pimplaea</strong></span> <span class='ocrx_word' id='word_1_87' title='bbox 1230 1211 1326 1271; x_wconf 80' lang='lat' dir='ltr'><strong>reponi</strong></span> 
     </span>
     <span class='ocr_line' id='line_1_12' title="bbox 203 1270 1324 1336; baseline 0.001 -14"><span class='ocrx_word' id='word_1_88' title='bbox 203 1272 321 1324; x_wconf 84' lang='lat' dir='ltr'><strong>debere“.</strong></span> <span class='ocrx_word' id='word_1_89' title='bbox 355 1270 506 1322; x_wconf 77' lang='lat' dir='ltr'><strong>Rectissime</strong></span> <span class='ocrx_word' id='word_1_90' title='bbox 523 1272 580 1332; x_wconf 91' lang='lat' dir='ltr'><strong>hoc,</strong></span> <span class='ocrx_word' id='word_1_91' title='bbox 597 1276 628 1320; x_wconf 89' lang='lat' dir='ltr'><strong>ut</strong></span> <span class='ocrx_word' id='word_1_92' title='bbox 644 1270 696 1321; x_wconf 77' lang='lat' dir='ltr'><strong>tere</strong></span> <span class='ocrx_word' id='word_1_93' title='bbox 714 1271 807 1332; x_wconf 87' lang='lat' dir='ltr'><strong>omnis,</strong></span> <span class='ocrx_word' id='word_1_94' title='bbox 825 1271 864 1320; x_wconf 85' lang='lat' dir='ltr'><strong>sir</strong></span> <span class='ocrx_word' id='word_1_95' title='bbox 879 1271 1004 1336; x_wconf 87' lang='lat' dir='ltr'><strong>insignis:</strong></span> <span class='ocrx_word' id='word_1_96' title='bbox 1021 1271 1049 1320; x_wconf 89' lang='lat' dir='ltr'><strong>in</strong></span> <span class='ocrx_word' id='word_1_97' title='bbox 1067 1289 1096 1322; x_wconf 86' lang='lat' dir='ltr'><strong>eo</strong></span> <span class='ocrx_word' id='word_1_98' title='bbox 1114 1272 1245 1323; x_wconf 76' lang='lat' dir='ltr'><strong>dumtaxat</strong></span> <span class='ocrx_word' id='word_1_99' title='bbox 1261 1273 1324 1324; x_wconf 86' lang='lat' dir='ltr'><strong>levi·</strong></span> 
     </span>
     <span class='ocr_line' id='line_1_13' title="bbox 201 1337 1324 1405; baseline 0.004 -17"><span class='ocrx_word' id='word_1_100' title='bbox 201 1343 241 1389; x_wconf 89' lang='lat' dir='ltr'><strong>ter</strong></span> <span class='ocrx_word' id='word_1_101' title='bbox 257 1345 368 1390; x_wconf 88' lang='lat' dir='ltr'><strong>erratum</strong></span> <span class='ocrx_word' id='word_1_102' title='bbox 386 1343 432 1400; x_wconf 89' lang='lat' dir='ltr'><strong>est,</strong></span> <span class='ocrx_word' id='word_1_103' title='bbox 451 1338 520 1403; x_wconf 89' lang='lat' dir='ltr'><strong>quod</strong></span> <span class='ocrx_word' id='word_1_104' title='bbox 536 1338 724 1404; x_wconf 82' lang='lat' dir='ltr'><strong>diphthongum</strong></span> <span class='ocrx_word' id='word_1_105' title='bbox 733 1355 780 1404; x_wconf 89' lang='lat' dir='ltr'><strong>pro</strong></span> <span class='ocrx_word' id='word_1_106' title='bbox 790 1337 906 1405; x_wconf 86' lang='lat' dir='ltr'><strong>simplice</strong></span> <span class='ocrx_word' id='word_1_107' title='bbox 923 1338 1005 1389; x_wconf 76' lang='lat' dir='ltr'><strong>vocab</strong></span> <span class='ocrx_word' id='word_1_108' title='bbox 1023 1340 1124 1405; x_wconf 83' lang='lat' dir='ltr'><strong>posuit:</strong></span> <span class='ocrx_word' id='word_1_109' title='bbox 1143 1342 1238 1391; x_wconf 81' lang='lat' dir='ltr'><strong>Graece</strong></span> <span class='ocrx_word' id='word_1_110' title='bbox 1256 1343 1324 1393; x_wconf 90' lang='lat' dir='ltr'><strong>euim</strong></span> 
     </span>
     <span class='ocr_line' id='line_1_14' title="bbox 202 1402 1323 1475; baseline 0.004 -19"><span class='ocrx_word' id='word_1_111' title='bbox 202 1403 337 1475; x_wconf 79' lang='grc' dir='ltr'><strong>Πιμπληῒς</strong></span> <span class='ocrx_word' id='word_1_112' title='bbox 353 1412 399 1469; x_wconf 82' lang='lat' dir='ltr'><strong>est,</strong></span> <span class='ocrx_word' id='word_1_113' title='bbox 417 1423 469 1456; x_wconf 88' lang='lat' dir='ltr'><strong>non</strong></span> <span class='ocrx_word' id='word_1_114' title='bbox 488 1402 643 1475; x_wconf 78' lang='grc' dir='ltr'><strong>Πιμπλαιῒς.</strong></span> <span class='ocrx_word' id='word_1_115' title='bbox 681 1407 822 1463; x_wconf 82' lang='lat' dir='ltr'><strong>Enimvero</strong></span> <span class='ocrx_word' id='word_1_116' title='bbox 848 1407 891 1457; x_wconf 91' lang='lat' dir='ltr'><strong>hic</strong></span> <span class='ocrx_word' id='word_1_117' title='bbox 908 1406 1014 1459; x_wconf 83' lang='lat' dir='ltr'><strong>Musam</strong></span> <span class='ocrx_word' id='word_1_118' title='bbox 1039 1408 1176 1474; x_wconf 84' lang='lat' dir='ltr'><strong>compellat</strong></span> <span class='ocrx_word' id='word_1_119' title='bbox 1192 1408 1323 1473; x_wconf 89' lang='lat' dir='ltr'><strong>Horatius,</strong></span> 
     </span>
     <span class='ocr_line' id='line_1_15' title="bbox 200 1474 1323 1541; baseline 0.004 -18"><span class='ocrx_word' id='word_1_120' title='bbox 200 1478 231 1524; x_wconf 88' lang='lat' dir='ltr'><strong>ut</strong></span> <span class='ocrx_word' id='word_1_121' title='bbox 248 1491 287 1526; x_wconf 88' lang='lat' dir='ltr'><strong>res</strong></span> <span class='ocrx_word' id='word_1_122' title='bbox 304 1476 364 1541; x_wconf 87' lang='lat' dir='ltr'><strong>ipsa</strong></span> <span class='ocrx_word' id='word_1_123' title='bbox 380 1474 525 1541; x_wconf 88' lang='lat' dir='ltr'><strong>praedicat:</strong></span> <span class='ocrx_word' id='word_1_124' title='bbox 544 1476 615 1540; x_wconf 84' lang='lat' dir='ltr'><strong>etqui</strong></span> <span class='ocrx_word' id='word_1_125' title='bbox 625 1476 741 1541; x_wconf 87' lang='lat' dir='ltr'><strong>Pimplea</strong></span> <span class='ocrx_word' id='word_1_126' title='bbox 757 1475 830 1526; x_wconf 82' lang='lat' dir='ltr'><strong>locus</strong></span> <span class='ocrx_word' id='word_1_127' title='bbox 847 1479 898 1536; x_wconf 83' lang='lat' dir='ltr'><strong>est3</strong></span> <span class='ocrx_word' id='word_1_128' title='bbox 919 1491 962 1525; x_wconf 89' lang='lat' dir='ltr'><strong>seu</strong></span> <span class='ocrx_word' id='word_1_129' title='bbox 980 1476 1103 1541; x_wconf 87' lang='lat' dir='ltr'><strong>oppidum</strong></span> <span class='ocrx_word' id='word_1_130' title='bbox 1122 1477 1164 1539; x_wconf 91' lang='lat' dir='ltr'><strong>sit,</strong></span> <span class='ocrx_word' id='word_1_131' title='bbox 1183 1493 1227 1526; x_wconf 91' lang='lat' dir='ltr'><strong>seu</strong></span> <span class='ocrx_word' id='word_1_132' title='bbox 1243 1494 1323 1541; x_wconf 88' lang='lat' dir='ltr'><strong>mons,</strong></span> 
     </span>
     <span class='ocr_line' id='line_1_16' title="bbox 201 1542 1325 1610; baseline 0.005 -19"><span class='ocrx_word' id='word_1_133' title='bbox 201 1543 253 1593; x_wconf 86' lang='lat' dir='ltr'><strong>sive</strong></span> <span class='ocrx_word' id='word_1_134' title='bbox 271 1544 335 1605; x_wconf 84' lang='lat' dir='ltr'><strong>lons,</strong></span> <span class='ocrx_word' id='word_1_135' title='bbox 354 1543 407 1594; x_wconf 84' lang='lat' dir='ltr'><strong>sire</strong></span> <span class='ocrx_word' id='word_1_136' title='bbox 424 1544 525 1594; x_wconf 79' lang='lat' dir='ltr'><strong>omnis:</strong></span> <span class='ocrx_word' id='word_1_137' title='bbox 547 1559 624 1594; x_wconf 88' lang='lat' dir='ltr'><strong>musa</strong></span> <span class='ocrx_word' id='word_1_138' title='bbox 642 1559 702 1593; x_wconf 85' lang='lat' dir='ltr'><strong>vero</strong></span> <span class='ocrx_word' id='word_1_139' title='bbox 725 1543 785 1594; x_wconf 89' lang='lat' dir='ltr'><strong>iude</strong></span> <span class='ocrx_word' id='word_1_140' title='bbox 809 1542 972 1593; x_wconf 86' lang='lat' dir='ltr'><strong>denominata</strong></span> <span class='ocrx_word' id='word_1_141' title='bbox 988 1544 1120 1610; x_wconf 82' lang='lat' dir='ltr'><strong>Pimplels.</strong></span> <span class='ocrx_word' id='word_1_142' title='bbox 1154 1543 1325 1597; x_wconf 83' lang='lat' dir='ltr'><strong>Callimachus</strong></span> 
     </span>
     <span class='ocr_line' id='line_1_17' title="bbox 200 1604 1325 1680; baseline 0.004 -20"><span class='ocrx_word' id='word_1_143' title='bbox 200 1611 303 1677; x_wconf 87' lang='lat' dir='ltr'><strong>Hymno</strong></span> <span class='ocrx_word' id='word_1_144' title='bbox 321 1613 348 1662; x_wconf 93' lang='lat' dir='ltr'><strong>in</strong></span> <span class='ocrx_word' id='word_1_145' title='bbox 366 1611 458 1661; x_wconf 89' lang='lat' dir='ltr'><strong>Delum</strong></span> <span class='ocrx_word' id='word_1_146' title='bbox 474 1627 497 1661; x_wconf 83' lang='lat' dir='ltr'><strong>s.</strong></span> <span class='ocrx_word' id='word_1_147' title='bbox 517 1614 541 1662; x_wconf 81' lang='lat' dir='ltr'><strong>l.</strong></span> <span class='ocrx_word' id='word_1_148' title='bbox 584 1606 651 1669; x_wconf 63' lang='lat' dir='ltr'><strong>‚isac</strong></span> <span class='ocrx_word' id='word_1_149' title='bbox 674 1613 787 1661; x_wconf 80' lang='lat' dir='ltr'><strong>Maiam</strong></span> <span class='ocrx_word' id='word_1_150' title='bbox 810 1606 861 1660; x_wconf 80' lang='grc' dir='ltr'><strong>τὸν</strong></span> <span class='ocrx_word' id='word_1_151' title='bbox 884 1604 1022 1672; x_wconf 60' lang='lat' dir='ltr'><strong>nicodimi</strong></span> <span class='ocrx_word' id='word_1_152' title='bbox 1045 1608 1083 1680; x_wconf 72' lang='grc' dir='ltr'><strong>μὴ</strong></span> <span class='ocrx_word' id='word_1_153' title='bbox 1110 1614 1325 1664; x_wconf 80' lang='grc' dir='ltr'><em>ΠΙΜΠΑΕΙΑΝ</em></span> 
     </span>
     <span class='ocr_line' id='line_1_18' title="bbox 202 1672 1324 1748; baseline 0.004 -20"><span class='ocrx_word' id='word_1_154' title='bbox 202 1672 289 1748; x_wconf 73' lang='grc' dir='ltr'><em>ἆείσῃ,</em></span> <span class='ocrx_word' id='word_1_155' title='bbox 310 1674 468 1748; x_wconf 63' lang='lat' dir='ltr'><strong>&#39;Epiacum</strong></span> <span class='ocrx_word' id='word_1_156' title='bbox 493 1675 548 1734; x_wconf 76' lang='grc' dir='ltr'><strong>τὼς</strong></span> <span class='ocrx_word' id='word_1_157' title='bbox 566 1682 673 1745; x_wconf 76' lang='grc' dir='ltr'><strong><em>Φοῖβος,</em></strong></span> <span class='ocrx_word' id='word_1_158' title='bbox 699 1675 757 1735; x_wconf 71' lang='grc' dir='ltr'><strong>ὅτις</strong></span> <span class='ocrx_word' id='word_1_159' title='bbox 778 1674 878 1740; x_wconf 77' lang='grc' dir='ltr'><strong><em>Δήλοιο</em></strong></span> <span class='ocrx_word' id='word_1_160' title='bbox 908 1675 1061 1740; x_wconf 76' lang='grc' dir='ltr'><strong>λάθηται.“</strong></span> <span class='ocrx_word' id='word_1_161' title='bbox 1085 1680 1129 1731; x_wconf 88' lang='lat' dir='ltr'><strong>ubi</strong></span> <span class='ocrx_word' id='word_1_162' title='bbox 1154 1680 1324 1732; x_wconf 81' lang='lat' dir='ltr'><strong>Scholiastes:</strong></span> 
     </span>
     <span class='ocr_line' id='line_1_19' title="bbox 200 1741 1324 1816; baseline 0.004 -21"><span class='ocrx_word' id='word_1_163' title='bbox 200 1744 385 1815; x_wconf 71' lang='lat' dir='ltr'><strong>„lliuntssum</strong></span> <span class='ocrx_word' id='word_1_164' title='bbox 404 1741 469 1814; x_wconf 78' lang='grc' dir='ltr'><strong><em>ὄρος</em></strong></span> <span class='ocrx_word' id='word_1_165' title='bbox 486 1742 602 1816; x_wconf 70' lang='lat' dir='ltr'><strong>Opiane,</strong></span> <span class='ocrx_word' id='word_1_166' title='bbox 624 1742 698 1815; x_wconf 81' lang='grc' dir='ltr'><strong><em>ἱερὸν</em></strong></span> <span class='ocrx_word' id='word_1_167' title='bbox 713 1747 872 1797; x_wconf 79' lang='grc' dir='ltr'><strong>Μουσῶν.“</strong></span> <span class='ocrx_word' id='word_1_168' title='bbox 906 1746 929 1797; x_wconf 89' lang='lat' dir='ltr'>L</span> <span class='ocrx_word' id='word_1_169' title='bbox 946 1748 1068 1812; x_wconf 87' lang='lat' dir='ltr'><strong>sophron.</strong></span> <span class='ocrx_word' id='word_1_170' title='bbox 1085 1765 1108 1798; x_wconf 86' lang='lat' dir='ltr'><strong>v.</strong></span> <span class='ocrx_word' id='word_1_171' title='bbox 1127 1749 1186 1800; x_wconf 78' lang='lat'><strong>275.</strong></span> <span class='ocrx_word' id='word_1_172' title='bbox 1204 1750 1324 1815; x_wconf 61' lang='lat' dir='ltr'><strong>„Acesta-</strong></span> 
     </span>
     <span class='ocr_line' id='line_1_20' title="bbox 198 1809 1322 1883; baseline 0.004 -20"><span class='ocrx_word' id='word_1_173' title='bbox 198 1812 284 1883; x_wconf 77' lang='grc' dir='ltr'><strong>θρίην</strong></span> <span class='ocrx_word' id='word_1_174' title='bbox 300 1812 333 1865; x_wconf 73' lang='grc' dir='ltr'><strong>θ’</strong></span> <span class='ocrx_word' id='word_1_175' title='bbox 353 1809 456 1882; x_wconf 73' lang='grc' dir='ltr'><strong><em>ὕπερθε</em></strong></span> <span class='ocrx_word' id='word_1_176' title='bbox 474 1816 681 1865; x_wconf 83' lang='grc' dir='ltr'><em>ΠΙΜΠΑΕΙΑΣ</em></span> <span class='ocrx_word' id='word_1_177' title='bbox 698 1810 837 1876; x_wconf 74' lang='grc' dir='ltr'><strong>σκοπήν.“</strong></span> <span class='ocrx_word' id='word_1_178' title='bbox 855 1815 900 1864; x_wconf 90' lang='lat' dir='ltr'><strong>ubi</strong></span> <span class='ocrx_word' id='word_1_179' title='bbox 939 1815 1102 1878; x_wconf 67' lang='lat' dir='ltr'><strong>necaestsirs</strong></span> <span class='ocrx_word' id='word_1_180' title='bbox 1116 1816 1139 1866; x_wconf 90' lang='lat' dir='ltr'><strong>is</strong></span> <span class='ocrx_word' id='word_1_181' title='bbox 1156 1817 1258 1867; x_wconf 88' lang='lat' dir='ltr'><strong>Isascus</strong></span> <span class='ocrx_word' id='word_1_182' title='bbox 1275 1824 1322 1880; x_wconf 88' lang='lat' dir='ltr'><strong>est,</strong></span> 
     </span>
     <span class='ocr_line' id='line_1_21' title="bbox 200 1882 1321 1948; baseline 0.003 -16"><span class='ocrx_word' id='word_1_183' title='bbox 200 1883 261 1946; x_wconf 87' lang='lat' dir='ltr'><strong>sire,</strong></span> <span class='ocrx_word' id='word_1_184' title='bbox 284 1888 314 1933; x_wconf 87' lang='lat' dir='ltr'><strong>ut</strong></span> <span class='ocrx_word' id='word_1_185' title='bbox 330 1883 456 1935; x_wconf 91' lang='lat' dir='ltr'><strong>Ludollus</strong></span> <span class='ocrx_word' id='word_1_186' title='bbox 480 1886 566 1933; x_wconf 89' lang='lat' dir='ltr'><strong>noster</strong></span> <span class='ocrx_word' id='word_1_187' title='bbox 582 1883 716 1945; x_wconf 86' lang='lat' dir='ltr'><strong>Kasterus,</strong></span> <span class='ocrx_word' id='word_1_188' title='bbox 741 1882 880 1933; x_wconf 74' lang='lat' dir='ltr'><strong>excellente</strong></span> <span class='ocrx_word' id='word_1_189' title='bbox 904 1883 945 1932; x_wconf 83' lang='lat' dir='ltr'><strong>vir</strong></span> <span class='ocrx_word' id='word_1_190' title='bbox 967 1882 1072 1948; x_wconf 85' lang='lat' dir='ltr'><strong>ingenio</strong></span> <span class='ocrx_word' id='word_1_191' title='bbox 1097 1888 1173 1948; x_wconf 87' lang='lat' dir='ltr'><strong>atque</strong></span> <span class='ocrx_word' id='word_1_192' title='bbox 1196 1884 1321 1947; x_wconf 67' lang='lat' dir='ltr'><strong>doctrina</strong></span> 
     </span>
     <span class='ocr_line' id='line_1_22' title="bbox 192 1945 1323 2039; baseline -0.001 -36"><span class='ocrx_word' id='word_1_193' title='bbox 192 1952 295 2039; x_wconf 83' lang='lat' dir='ltr'><strong>primus</strong></span> <span class='ocrx_word' id='word_1_194' title='bbox 312 1952 486 2018; x_wconf 80' lang='lat' dir='ltr'><strong>deprehendit,</strong></span> <span class='ocrx_word' id='word_1_195' title='bbox 504 1952 631 2001; x_wconf 87' lang='lat' dir='ltr'><strong>lohannes</strong></span> <span class='ocrx_word' id='word_1_196' title='bbox 647 1952 730 2001; x_wconf 88' lang='lat' dir='ltr'><strong>Isaaci</strong></span> <span class='ocrx_word' id='word_1_197' title='bbox 741 1951 829 2012; x_wconf 82' lang='lat' dir='ltr'><strong>irater)</strong></span> <span class='ocrx_word' id='word_1_198' title='bbox 847 1948 1006 2019; x_wconf 57' lang='lat' dir='ltr'><strong>‚damnine</strong></span> <span class='ocrx_word' id='word_1_199' title='bbox 1022 1945 1101 2006; x_wconf 72' lang='grc' dir='ltr'><strong>πόλις</strong></span> <span class='ocrx_word' id='word_1_200' title='bbox 1117 1949 1264 2022; x_wconf 74' lang='grc' dir='ltr'><strong>καὶΚρήνη</strong></span> <span class='ocrx_word' id='word_1_201' title='bbox 1278 1949 1323 2003; x_wconf 78' lang='grc' dir='ltr'><strong>καὶ</strong></span> 
     </span>
     <span class='ocr_line' id='line_1_23' title="bbox 200 2015 1322 2104; baseline 0.001 -34"><span class='ocrx_word' id='word_1_202' title='bbox 200 2023 271 2104; x_wconf 72' lang='lat' dir='ltr'><strong>Opas</strong></span> <span class='ocrx_word' id='word_1_203' title='bbox 278 2017 459 2075; x_wconf 78' lang='grc' dir='ltr'><strong><em>Μακεδονίας.</em></strong></span> <span class='ocrx_word' id='word_1_204' title='bbox 465 2027 485 2050; x_wconf 87' lang='grc'><strong>“</strong></span> <span class='ocrx_word' id='word_1_205' title='bbox 504 2019 595 2070; x_wconf 80' lang='lat' dir='ltr'><strong>Strabo</strong></span> <span class='ocrx_word' id='word_1_206' title='bbox 603 2019 648 2069; x_wconf 86' lang='lat' dir='ltr'><strong>lib.</strong></span> <span class='ocrx_word' id='word_1_207' title='bbox 660 2021 690 2069; x_wconf 82' lang='lat'><strong>10</strong></span> <span class='ocrx_word' id='word_1_208' title='bbox 701 2023 736 2085; x_wconf 91' lang='lat' dir='ltr'><strong>[p.</strong></span> <span class='ocrx_word' id='word_1_209' title='bbox 745 2021 870 2081; x_wconf 82' lang='grc'><strong>410474]</strong></span> <span class='ocrx_word' id='word_1_210' title='bbox 880 2021 928 2071; x_wconf 75' lang='lat' dir='ltr'><strong>eti</strong></span> <span class='ocrx_word' id='word_1_211' title='bbox 947 2017 983 2087; x_wconf 84' lang='lat' dir='ltr'><strong>[p.</strong></span> <span class='ocrx_word' id='word_1_212' title='bbox 994 2021 1063 2082; x_wconf 77' lang='lat'><strong>3301.</strong></span> <span class='ocrx_word' id='word_1_213' title='bbox 1079 2015 1169 2087; x_wconf 78' lang='grc' dir='ltr'>,,Ἔχει</span> <span class='ocrx_word' id='word_1_214' title='bbox 1178 2016 1195 2082; x_wconf 80' lang='grc' dir='ltr'><em>ἡ</em></span> <span class='ocrx_word' id='word_1_215' title='bbox 1203 2015 1281 2077; x_wconf 70' lang='grc' dir='ltr'><strong>πόλις</strong></span> <span class='ocrx_word' id='word_1_216' title='bbox 1290 2017 1322 2071; x_wconf 78' lang='grc' dir='ltr'><strong>τὸ</strong></span> 
     </span>
    </p>
   </div>
   <div class='ocr_carea' id='block_1_5' title="bbox 109 2080 1323 2157">
    <p class='ocr_par' dir='ltr' id='par_1_5' title="bbox 109 2080 1323 2157">
     <span class='ocr_line' id='line_1_24' title="bbox 109 2080 1323 2157; baseline 0.005 -21"><span class='ocrx_word' id='word_1_217' title='bbox 109 2133 110 2136; x_wconf 76' lang='grc'>,</span> <span class='ocrx_word' id='word_1_218' title='bbox 197 2092 265 2142; x_wconf 79' lang='lat' dir='ltr'><strong>Aaou</strong></span> <span class='ocrx_word' id='word_1_219' title='bbox 272 2085 368 2157; x_wconf 79' lang='grc' dir='ltr'><em>κώμην</em></span> <span class='ocrx_word' id='word_1_220' title='bbox 376 2086 492 2150; x_wconf 74' lang='grc' dir='ltr'><strong>πλησίον</strong></span> <span class='ocrx_word' id='word_1_221' title='bbox 500 2089 717 2145; x_wconf 81' lang='grc' dir='ltr'><em>ΠΙΜΠΛΕΙΑΝ,</em></span> <span class='ocrx_word' id='word_1_222' title='bbox 728 2080 920 2156; x_wconf 71' lang='grc' dir='ltr'><strong><em>ἔνθαὉρφεὺς</em></strong></span> <span class='ocrx_word' id='word_1_223' title='bbox 930 2084 1077 2155; x_wconf 75' lang='grc' dir='ltr'><strong>οιέτριβε.“</strong></span> <span class='ocrx_word' id='word_1_224' title='bbox 1094 2088 1193 2139; x_wconf 78' lang='lat' dir='ltr'><strong>Statius</strong></span> <span class='ocrx_word' id='word_1_225' title='bbox 1202 2088 1265 2138; x_wconf 77' lang='lat' dir='ltr'><strong>Sile.</strong></span> <span class='ocrx_word' id='word_1_226' title='bbox 1274 2089 1296 2150; x_wconf 90' lang='lat'><strong>1,</strong></span> <span class='ocrx_word' id='word_1_227' title='bbox 1307 2092 1323 2142; x_wconf 92' lang='grc'><strong>4</strong></span> 
     </span>
    </p>
   </div>
   <div class='ocr_carea' id='block_1_6' title="bbox 196 2154 1325 3514">
    <p class='ocr_par' dir='ltr' id='par_1_6' title="bbox 196 2154 1325 3514">
     <span class='ocr_line' id='line_1_25' title="bbox 200 2154 1324 2221; baseline -0.001 -13"><span class='ocrx_word' id='word_1_228' title='bbox 200 2162 233 2221; x_wconf 84' lang='lat' dir='ltr'><strong>[r.</strong></span> <span class='ocrx_word' id='word_1_229' title='bbox 242 2160 295 2220; x_wconf 79' lang='grc'><strong>20].</strong></span> <span class='ocrx_word' id='word_1_230' title='bbox 311 2159 373 2207; x_wconf 84' lang='lat' dir='ltr'><strong>licet</strong></span> <span class='ocrx_word' id='word_1_231' title='bbox 381 2158 476 2207; x_wconf 81' lang='lat' dir='ltr'><strong>enthea</strong></span> <span class='ocrx_word' id='word_1_232' title='bbox 487 2159 556 2206; x_wconf 85' lang='lat' dir='ltr'><strong>catis</strong></span> <span class='ocrx_word' id='word_1_233' title='bbox 566 2154 704 2205; x_wconf 77' lang='lat' dir='ltr'><strong>Eacludat</strong></span> <span class='ocrx_word' id='word_1_234' title='bbox 712 2154 828 2219; x_wconf 88' lang='lat' dir='ltr'><strong>Pimplea</strong></span> <span class='ocrx_word' id='word_1_235' title='bbox 836 2157 916 2218; x_wconf 77' lang='lat' dir='ltr'><strong>setim,</strong></span> <span class='ocrx_word' id='word_1_236' title='bbox 937 2170 986 2205; x_wconf 86' lang='lat' dir='ltr'><strong>nec</strong></span> <span class='ocrx_word' id='word_1_237' title='bbox 995 2158 1101 2206; x_wconf 76' lang='lat' dir='ltr'><strong>cansam</strong></span> <span class='ocrx_word' id='word_1_238' title='bbox 1110 2155 1189 2206; x_wconf 81' lang='lat' dir='ltr'><strong>detur</strong></span> <span class='ocrx_word' id='word_1_239' title='bbox 1198 2156 1324 2208; x_wconf 70' lang='lat' dir='ltr'><strong>linens.“</strong></span> 
     </span>
     <span class='ocr_line' id='line_1_26' title="bbox 196 2223 1325 2290; baseline -0.001 -14"><span class='ocrx_word' id='word_1_240' title='bbox 196 2227 291 2276; x_wconf 88' lang='lat' dir='ltr'><strong>ibidem</strong></span> <span class='ocrx_word' id='word_1_241' title='bbox 301 2226 336 2287; x_wconf 93' lang='lat' dir='ltr'><strong>II,</strong></span> <span class='ocrx_word' id='word_1_242' title='bbox 346 2227 402 2287; x_wconf 78' lang='lat' dir='ltr'><strong>2[v.</strong></span> <span class='ocrx_word' id='word_1_243' title='bbox 412 2227 464 2286; x_wconf 83' lang='grc'><strong>37].</strong></span> <span class='ocrx_word' id='word_1_244' title='bbox 482 2223 561 2288; x_wconf 89' lang='lat' dir='ltr'><strong>„Nan</strong></span> <span class='ocrx_word' id='word_1_245' title='bbox 570 2224 638 2272; x_wconf 85' lang='lat' dir='ltr'><strong>mibi</strong></span> <span class='ocrx_word' id='word_1_246' title='bbox 645 2225 669 2272; x_wconf 87' lang='lat' dir='ltr'><strong>si</strong></span> <span class='ocrx_word' id='word_1_247' title='bbox 677 2228 786 2273; x_wconf 80' lang='lat' dir='ltr'><strong>cunetas</strong></span> <span class='ocrx_word' id='word_1_248' title='bbox 795 2223 905 2273; x_wconf 85' lang='lat' dir='ltr'><strong>Helicon</strong></span> <span class='ocrx_word' id='word_1_249' title='bbox 914 2223 1055 2288; x_wconf 81' lang='lat' dir='ltr'><strong>indulgeat</strong></span> <span class='ocrx_word' id='word_1_250' title='bbox 1063 2239 1162 2288; x_wconf 82' lang='lat' dir='ltr'><strong>amnes,</strong></span> <span class='ocrx_word' id='word_1_251' title='bbox 1172 2224 1209 2274; x_wconf 83' lang='lat' dir='ltr'><strong>Et</strong></span> <span class='ocrx_word' id='word_1_252' title='bbox 1216 2229 1325 2290; x_wconf 80' lang='lat' dir='ltr'><strong>superet</strong></span> 
     </span>
     <span class='ocr_line' id='line_1_27' title="bbox 198 2290 1323 2359; baseline -0.001 -15"><span class='ocrx_word' id='word_1_253' title='bbox 198 2294 315 2359; x_wconf 88' lang='lat' dir='ltr'><strong>Pimplea</strong></span> <span class='ocrx_word' id='word_1_254' title='bbox 331 2295 432 2346; x_wconf 82' lang='lat' dir='ltr'><strong>sitim.“</strong></span> <span class='ocrx_word' id='word_1_255' title='bbox 466 2292 536 2354; x_wconf 90' lang='lat' dir='ltr'><strong>Inde,</strong></span> <span class='ocrx_word' id='word_1_256' title='bbox 556 2293 667 2356; x_wconf 90' lang='lat' dir='ltr'><strong>inquam,</strong></span> <span class='ocrx_word' id='word_1_257' title='bbox 686 2291 799 2342; x_wconf 84' lang='lat' dir='ltr'><strong>derivata</strong></span> <span class='ocrx_word' id='word_1_258' title='bbox 813 2290 955 2356; x_wconf 62' lang='lat' dir='ltr'><strong>limphas,</strong></span> <span class='ocrx_word' id='word_1_259' title='bbox 973 2291 1106 2357; x_wconf 79' lang='lat' dir='ltr'><strong>Pimpleia,</strong></span> <span class='ocrx_word' id='word_1_260' title='bbox 1124 2292 1275 2358; x_wconf 79' lang='lat' dir='ltr'><strong>Pimpleibs‚</strong></span> <span class='ocrx_word' id='word_1_261' title='bbox 1293 2299 1323 2342; x_wconf 91' lang='lat' dir='ltr'><strong>ut</strong></span> 
     </span>
     <span class='ocr_line' id='line_1_28' title="bbox 197 2359 1323 2427; baseline -0.004 -15"><span class='ocrx_word' id='word_1_262' title='bbox 197 2362 312 2412; x_wconf 76' lang='lat' dir='ltr'><strong>Catullus</strong></span> <span class='ocrx_word' id='word_1_263' title='bbox 321 2361 399 2427; x_wconf 79' lang='lat' dir='ltr'><strong>Epig.</strong></span> <span class='ocrx_word' id='word_1_264' title='bbox 415 2363 472 2413; x_wconf 86' lang='grc'><strong>100.</strong></span> <span class='ocrx_word' id='word_1_265' title='bbox 489 2359 934 2426; x_wconf 80' lang='lat' dir='ltr'><strong>„Pimpleumseandsremontmn.“</strong></span> <span class='ocrx_word' id='word_1_266' title='bbox 949 2359 1179 2422; x_wconf 75' lang='lat' dir='ltr'><strong>etMsrtialilel,</strong></span> <span class='ocrx_word' id='word_1_267' title='bbox 1192 2362 1219 2412; x_wconf 88' lang='lat' dir='ltr'><strong>il</strong></span> <span class='ocrx_word' id='word_1_268' title='bbox 1244 2363 1278 2423; x_wconf 83' lang='lat' dir='ltr'><strong>[v.</strong></span> <span class='ocrx_word' id='word_1_269' title='bbox 1288 2362 1323 2423; x_wconf 78' lang='lat'><strong>31.</strong></span> 
     </span>
     <span class='ocr_line' id='line_1_29' title="bbox 197 2427 1323 2496; baseline -0.002 -16"><span class='ocrx_word' id='word_1_270' title='bbox 197 2429 298 2496; x_wconf 77' lang='lat' dir='ltr'><strong>„Casius</strong></span> <span class='ocrx_word' id='word_1_271' title='bbox 307 2429 425 2496; x_wconf 88' lang='lat' dir='ltr'><strong>Pimplea</strong></span> <span class='ocrx_word' id='word_1_272' title='bbox 443 2429 504 2495; x_wconf 72' lang='lat' dir='ltr'><strong>lyra</strong></span> <span class='ocrx_word' id='word_1_273' title='bbox 523 2429 625 2479; x_wconf 76' lang='lat' dir='ltr'><strong>clarior</strong></span> <span class='ocrx_word' id='word_1_274' title='bbox 642 2429 700 2477; x_wconf 76' lang='lat' dir='ltr'><strong>emit</strong></span> <span class='ocrx_word' id='word_1_275' title='bbox 716 2428 749 2477; x_wconf 89' lang='lat' dir='ltr'><strong>ab</strong></span> <span class='ocrx_word' id='word_1_276' title='bbox 767 2430 882 2477; x_wconf 53' lang='lat' dir='ltr'><strong>asstrci‘</strong></span> <span class='ocrx_word' id='word_1_277' title='bbox 917 2427 983 2479; x_wconf 78' lang='lat' dir='ltr'><strong>Cave</strong></span> <span class='ocrx_word' id='word_1_278' title='bbox 995 2432 1079 2478; x_wconf 87' lang='lat' dir='ltr'><strong>tamen</strong></span> <span class='ocrx_word' id='word_1_279' title='bbox 1095 2428 1189 2492; x_wconf 83' lang='lat' dir='ltr'><strong>credas,</strong></span> <span class='ocrx_word' id='word_1_280' title='bbox 1209 2433 1323 2478; x_wconf 86' lang='lat' dir='ltr'><strong>utmcns</strong></span> 
     </span>
     <span class='ocr_line' id='line_1_30' title="bbox 198 2494 1322 2563; baseline -0.003 -15"><span class='ocrx_word' id='word_1_281' title='bbox 198 2499 340 2563; x_wconf 71' lang='lat' dir='ltr'><strong>Pimpleam,</strong></span> <span class='ocrx_word' id='word_1_282' title='bbox 366 2501 392 2547; x_wconf 91' lang='lat' dir='ltr'><strong>et</strong></span> <span class='ocrx_word' id='word_1_283' title='bbox 416 2502 524 2547; x_wconf 83' lang='lat' dir='ltr'><strong>antrum</strong></span> <span class='ocrx_word' id='word_1_284' title='bbox 548 2495 704 2560; x_wconf 81' lang='lat' dir='ltr'><strong>Pimpleam,</strong></span> <span class='ocrx_word' id='word_1_285' title='bbox 729 2495 768 2544; x_wconf 90' lang='lat' dir='ltr'><strong>ita</strong></span> <span class='ocrx_word' id='word_1_286' title='bbox 784 2494 862 2545; x_wconf 84' lang='lat' dir='ltr'><strong>Musa</strong></span> <span class='ocrx_word' id='word_1_287' title='bbox 885 2511 985 2560; x_wconf 89' lang='lat' dir='ltr'><strong>quoque</strong></span> <span class='ocrx_word' id='word_1_288' title='bbox 1002 2495 1124 2560; x_wconf 80' lang='lat' dir='ltr'><strong>Pimplea</strong></span> <span class='ocrx_word' id='word_1_289' title='bbox 1146 2497 1210 2547; x_wconf 90' lang='lat' dir='ltr'><strong>bene</strong></span> <span class='ocrx_word' id='word_1_290' title='bbox 1227 2495 1322 2546; x_wconf 86' lang='lat' dir='ltr'><strong>Latine</strong></span> 
     </span>
     <span class='ocr_line' id='line_1_31' title="bbox 198 2560 1323 2630; baseline -0.002 -15"><span class='ocrx_word' id='word_1_291' title='bbox 198 2566 264 2616; x_wconf 86' lang='lat' dir='ltr'><strong>dici:</strong></span> <span class='ocrx_word' id='word_1_292' title='bbox 282 2566 378 2630; x_wconf 86' lang='lat' dir='ltr'><strong>quippe</strong></span> <span class='ocrx_word' id='word_1_293' title='bbox 395 2565 462 2614; x_wconf 88' lang='lat' dir='ltr'><strong>idem</strong></span> <span class='ocrx_word' id='word_1_294' title='bbox 471 2561 673 2613; x_wconf 79' lang='lat' dir='ltr'><strong>habethiullns</strong></span> <span class='ocrx_word' id='word_1_295' title='bbox 686 2565 737 2625; x_wconf 72' lang='lat'><strong>161,</strong></span> <span class='ocrx_word' id='word_1_296' title='bbox 752 2566 784 2625; x_wconf 85' lang='lat' dir='ltr'><strong>l].</strong></span> <span class='ocrx_word' id='word_1_297' title='bbox 803 2560 925 2628; x_wconf 74' lang='lat' dir='ltr'><strong>„nonno</strong></span> <span class='ocrx_word' id='word_1_298' title='bbox 935 2563 1069 2613; x_wconf 85' lang='lat' dir='ltr'><strong>Heliconii</strong></span> <span class='ocrx_word' id='word_1_299' title='bbox 1080 2561 1205 2615; x_wconf 53' lang='lat' dir='ltr'><strong>Cultcss‘r</strong></span> <span class='ocrx_word' id='word_1_300' title='bbox 1232 2563 1323 2614; x_wconf 86' lang='lat' dir='ltr'><strong>Musae</strong></span> 
     </span>
     <span class='ocr_line' id='line_1_32' title="bbox 198 2630 1323 2693; baseline -0.001 -11"><span class='ocrx_word' id='word_1_301' title='bbox 198 2638 283 2682; x_wconf 88' lang='lat' dir='ltr'><strong>tamen</strong></span> <span class='ocrx_word' id='word_1_302' title='bbox 301 2648 352 2681; x_wconf 91' lang='lat' dir='ltr'><strong>non</strong></span> <span class='ocrx_word' id='word_1_303' title='bbox 370 2631 532 2693; x_wconf 72' lang='lat' dir='ltr'><strong>Heliconiae,</strong></span> <span class='ocrx_word' id='word_1_304' title='bbox 556 2630 600 2681; x_wconf 88' lang='lat' dir='ltr'><strong>sed</strong></span> <span class='ocrx_word' id='word_1_305' title='bbox 616 2630 781 2681; x_wconf 87' lang='lat' dir='ltr'><strong>Heliconides</strong></span> <span class='ocrx_word' id='word_1_306' title='bbox 804 2631 843 2680; x_wconf 82' lang='lat' dir='ltr'><strong>vel</strong></span> <span class='ocrx_word' id='word_1_307' title='bbox 860 2630 1041 2682; x_wconf 86' lang='lat' dir='ltr'><strong>Heliconiades</strong></span> <span class='ocrx_word' id='word_1_308' title='bbox 1066 2632 1239 2683; x_wconf 90' lang='lat' dir='ltr'><strong>nominantur.</strong></span> <span class='ocrx_word' id='word_1_309' title='bbox 1276 2632 1323 2683; x_wconf 84' lang='lat' dir='ltr'><strong>Or·</strong></span> 
     </span>
     <span class='ocr_line' id='line_1_33' title="bbox 197 2692 1322 2782; baseline -0.001 -33"><span class='ocrx_word' id='word_1_310' title='bbox 197 2700 278 2782; x_wconf 88' lang='lat' dir='ltr'><strong>pheus</strong></span> <span class='ocrx_word' id='word_1_311' title='bbox 296 2698 364 2765; x_wconf 87' lang='lat' dir='ltr'><strong>apud</strong></span> <span class='ocrx_word' id='word_1_312' title='bbox 374 2698 488 2748; x_wconf 77' lang='lat' dir='ltr'><strong>Taetrum</strong></span> <span class='ocrx_word' id='word_1_313' title='bbox 497 2698 553 2748; x_wconf 88' lang='lat' dir='ltr'><strong>loco</strong></span> <span class='ocrx_word' id='word_1_314' title='bbox 570 2698 620 2747; x_wconf 90' lang='lat' dir='ltr'><strong>iam</strong></span> <span class='ocrx_word' id='word_1_315' title='bbox 639 2698 717 2760; x_wconf 84' lang='lat' dir='ltr'><strong>dicto,</strong></span> <span class='ocrx_word' id='word_1_316' title='bbox 734 2700 817 2757; x_wconf 78' lang='lat' dir='ltr'><strong>„Niu</strong></span> <span class='ocrx_word' id='word_1_317' title='bbox 834 2692 862 2747; x_wconf 77' lang='grc' dir='ltr'><strong>δ’</strong></span> <span class='ocrx_word' id='word_1_318' title='bbox 884 2693 933 2764; x_wconf 79' lang='grc' dir='ltr'><strong>ἄγε</strong></span> <span class='ocrx_word' id='word_1_319' title='bbox 950 2715 1001 2767; x_wconf 81' lang='grc' dir='ltr'><strong>μοι</strong></span> <span class='ocrx_word' id='word_1_320' title='bbox 1017 2695 1100 2766; x_wconf 80' lang='grc' dir='ltr'><strong><em>κούρη</em></strong></span> <span class='ocrx_word' id='word_1_321' title='bbox 1111 2700 1322 2749; x_wconf 64' lang='lat' dir='ltr'><strong>lllllillnffilrib¹</strong></span> 
     </span>
     <span class='ocr_line' id='line_1_34' title="bbox 197 2765 1323 2835; baseline 0 -17"><span class='ocrx_word' id='word_1_322' title='bbox 197 2783 291 2818; x_wconf 81' lang='grc' dir='ltr'><em>εννεπε</em></span> <span class='ocrx_word' id='word_1_323' title='bbox 299 2767 419 2835; x_wconf 67' lang='lat' dir='ltr'><strong>nobam-⁴</strong></span> <span class='ocrx_word' id='word_1_324' title='bbox 436 2766 563 2816; x_wconf 85' lang='lat' dir='ltr'><strong>Martialis</strong></span> <span class='ocrx_word' id='word_1_325' title='bbox 572 2765 644 2827; x_wconf 83' lang='grc' dir='ltr'><strong>ΧΙ,4</strong></span> <span class='ocrx_word' id='word_1_326' title='bbox 659 2767 691 2828; x_wconf 84' lang='lat' dir='ltr'><strong>[v.</strong></span> <span class='ocrx_word' id='word_1_327' title='bbox 704 2769 736 2829; x_wconf 80' lang='lat'><strong>11.</strong></span> <span class='ocrx_word' id='word_1_328' title='bbox 771 2765 850 2830; x_wconf 87' lang='lat' dir='ltr'><strong>„Non</strong></span> <span class='ocrx_word' id='word_1_329' title='bbox 867 2768 973 2818; x_wconf 83' lang='lat' dir='ltr'><strong>urbana</strong></span> <span class='ocrx_word' id='word_1_330' title='bbox 990 2783 1048 2817; x_wconf 89' lang='lat' dir='ltr'><strong>mea</strong></span> <span class='ocrx_word' id='word_1_331' title='bbox 1067 2772 1170 2817; x_wconf 86' lang='lat' dir='ltr'><strong>tantum</strong></span> <span class='ocrx_word' id='word_1_332' title='bbox 1178 2766 1323 2833; x_wconf 74' lang='lat' dir='ltr'><strong>Pimpleisie</strong></span> 
     </span>
     <span class='ocr_line' id='line_1_35' title="bbox 196 2832 1324 2901; baseline 0 -16"><span class='ocrx_word' id='word_1_333' title='bbox 196 2834 320 2901; x_wconf 81' lang='lat' dir='ltr'><strong>gaudent</strong></span> <span class='ocrx_word' id='word_1_334' title='bbox 329 2834 415 2885; x_wconf 61' lang='lat' dir='ltr'><strong>onas</strong></span> <span class='ocrx_word' id='word_1_335' title='bbox 424 2834 505 2884; x_wconf 86' lang='lat' dir='ltr'><strong>Varro</strong></span> <span class='ocrx_word' id='word_1_336' title='bbox 514 2832 559 2883; x_wconf 94' lang='lat' dir='ltr'><strong>lib.</strong></span> <span class='ocrx_word' id='word_1_337' title='bbox 569 2834 615 2885; x_wconf 81' lang='lat' dir='ltr'><strong>VI.</strong></span> <span class='ocrx_word' id='word_1_338' title='bbox 624 2833 738 2899; x_wconf 80' lang='lat' dir='ltr'><strong>deLing.</strong></span> <span class='ocrx_word' id='word_1_339' title='bbox 747 2834 805 2885; x_wconf 88' lang='lat' dir='ltr'><strong>Lat.</strong></span> <span class='ocrx_word' id='word_1_340' title='bbox 818 2850 844 2899; x_wconf 88' lang='lat' dir='ltr'><strong>p.</strong></span> <span class='ocrx_word' id='word_1_341' title='bbox 854 2836 887 2887; x_wconf 86' lang='grc'><strong>00</strong></span> <span class='ocrx_word' id='word_1_342' title='bbox 897 2835 964 2899; x_wconf 66' lang='grc' dir='ltr'><strong>ΝΠ,</strong></span> <span class='ocrx_word' id='word_1_343' title='bbox 976 2836 1028 2897; x_wconf 84' lang='grc'><strong>20].</strong></span> <span class='ocrx_word' id='word_1_344' title='bbox 1037 2834 1098 2898; x_wconf 86' lang='lat' dir='ltr'><strong>„Ita</strong></span> <span class='ocrx_word' id='word_1_345' title='bbox 1108 2836 1140 2885; x_wconf 91' lang='lat' dir='ltr'><strong>ab</strong></span> <span class='ocrx_word' id='word_1_346' title='bbox 1152 2837 1324 2886; x_wconf 71' lang='lat' dir='ltr'><strong>terrestribus</strong></span> 
     </span>
     <span class='ocr_line' id='line_1_36' title="bbox 199 2900 1323 2968; baseline 0.001 -15"><span class='ocrx_word' id='word_1_347' title='bbox 199 2904 264 2953; x_wconf 84' lang='lat' dir='ltr'><strong>loeis</strong></span> <span class='ocrx_word' id='word_1_348' title='bbox 282 2907 487 2967; x_wconf 79' lang='lat' dir='ltr'><strong>cognominatae</strong></span> <span class='ocrx_word' id='word_1_349' title='bbox 502 2900 596 2952; x_wconf 83' lang='lat' dir='ltr'><strong>Musae</strong></span> <span class='ocrx_word' id='word_1_350' title='bbox 612 2901 786 2963; x_wconf 75' lang='lat' dir='ltr'><strong>Libethrides,</strong></span> <span class='ocrx_word' id='word_1_351' title='bbox 811 2902 949 2967; x_wconf 88' lang='lat' dir='ltr'><strong>Pipleides,</strong></span> <span class='ocrx_word' id='word_1_352' title='bbox 967 2902 1130 2968; x_wconf 86' lang='lat' dir='ltr'><strong>Pimpliades,</strong></span> <span class='ocrx_word' id='word_1_353' title='bbox 1151 2901 1323 2968; x_wconf 72' lang='lat' dir='ltr'><strong>Thespiades,</strong></span> 
     </span>
     <span class='ocr_line' id='line_1_37' title="bbox 197 2968 1324 3036; baseline 0.001 -16"><span class='ocrx_word' id='word_1_354' title='bbox 197 2969 409 3021; x_wconf 81' lang='lat' dir='ltr'><strong>Heliconiades.“</strong></span> <span class='ocrx_word' id='word_1_355' title='bbox 442 2972 533 3021; x_wconf 84' lang='lat' dir='ltr'><strong>Festus</strong></span> <span class='ocrx_word' id='word_1_356' title='bbox 550 2970 703 3036; x_wconf 82' lang='lat' dir='ltr'><strong>Pompeius:</strong></span> <span class='ocrx_word' id='word_1_357' title='bbox 721 2970 892 3035; x_wconf 87' lang='lat' dir='ltr'><strong>„Pimpleides</strong></span> <span class='ocrx_word' id='word_1_358' title='bbox 909 2968 1003 3021; x_wconf 84' lang='lat' dir='ltr'><strong>Musae</strong></span> <span class='ocrx_word' id='word_1_359' title='bbox 1021 2987 1037 3021; x_wconf 90' lang='lat' dir='ltr'><strong>a</strong></span> <span class='ocrx_word' id='word_1_360' title='bbox 1054 2969 1130 3030; x_wconf 74' lang='lat' dir='ltr'><strong>sonte</strong></span> <span class='ocrx_word' id='word_1_361' title='bbox 1147 2970 1324 3022; x_wconf 80' lang='lat' dir='ltr'><strong>Macedoniae</strong></span> 
     </span>
     <span class='ocr_line' id='line_1_38' title="bbox 198 3037 1323 3106; baseline 0 -17"><span class='ocrx_word' id='word_1_362' title='bbox 198 3037 286 3089; x_wconf 81' lang='lat' dir='ltr'><strong>dictae</strong></span> <span class='ocrx_word' id='word_1_363' title='bbox 301 3044 413 3106; x_wconf 79' lang='lat' dir='ltr'><strong>prepter</strong></span> <span class='ocrx_word' id='word_1_364' title='bbox 442 3040 556 3105; x_wconf 81' lang='lat' dir='ltr'><strong>liquoris</strong></span> <span class='ocrx_word' id='word_1_365' title='bbox 573 3041 630 3089; x_wconf 86' lang='lat' dir='ltr'><strong>aius</strong></span> <span class='ocrx_word' id='word_1_366' title='bbox 637 3041 747 3089; x_wconf 89' lang='lat' dir='ltr'><strong>unicam</strong></span> <span class='ocrx_word' id='word_1_367' title='bbox 759 3038 942 3088; x_wconf 78' lang='lat' dir='ltr'><strong>subtilitatem.</strong></span> <span class='ocrx_word' id='word_1_368' title='bbox 960 3038 1103 3105; x_wconf 84' lang='lat' dir='ltr'><strong>Porphyrio</strong></span> <span class='ocrx_word' id='word_1_369' title='bbox 1116 3037 1201 3090; x_wconf 85' lang='lat' dir='ltr'><strong>Schol.</strong></span> <span class='ocrx_word' id='word_1_370' title='bbox 1211 3038 1323 3089; x_wconf 87' lang='lat' dir='ltr'><strong>adhunc</strong></span> 
     </span>
     <span class='ocr_line' id='line_1_39' title="bbox 196 3105 1322 3174; baseline -0.001 -17"><span class='ocrx_word' id='word_1_371' title='bbox 196 3106 283 3158; x_wconf 84' lang='lat' dir='ltr'><strong>Flacci</strong></span> <span class='ocrx_word' id='word_1_372' title='bbox 300 3107 398 3158; x_wconf 87' lang='lat' dir='ltr'><strong>locam:</strong></span> <span class='ocrx_word' id='word_1_373' title='bbox 416 3107 589 3174; x_wconf 82' lang='lat' dir='ltr'><strong>„Pimpleidos</strong></span> <span class='ocrx_word' id='word_1_374' title='bbox 606 3123 698 3157; x_wconf 86' lang='lat' dir='ltr'><strong>musae</strong></span> <span class='ocrx_word' id='word_1_375' title='bbox 716 3106 844 3156; x_wconf 76' lang='lat' dir='ltr'><strong>dictantur</strong></span> <span class='ocrx_word' id='word_1_376' title='bbox 863 3121 879 3156; x_wconf 91' lang='lat' dir='ltr'><strong>a</strong></span> <span class='ocrx_word' id='word_1_377' title='bbox 897 3107 1017 3173; x_wconf 82' lang='lat' dir='ltr'><strong>Pimplea</strong></span> <span class='ocrx_word' id='word_1_378' title='bbox 1026 3106 1102 3167; x_wconf 76' lang='lat' dir='ltr'><strong>fante</strong></span> <span class='ocrx_word' id='word_1_379' title='bbox 1110 3105 1290 3157; x_wconf 83' lang='lat' dir='ltr'><strong>Macedoniae</strong></span> <span class='ocrx_word' id='word_1_380' title='bbox 1297 3108 1322 3156; x_wconf 86' lang='lat'><strong>“.</strong></span> 
     </span>
     <span class='ocr_line' id='line_1_40' title="bbox 196 3173 1323 3243; baseline -0.002 -17"><span class='ocrx_word' id='word_1_381' title='bbox 196 3175 265 3226; x_wconf 88' lang='lat' dir='ltr'><strong>unde</strong></span> <span class='ocrx_word' id='word_1_382' title='bbox 283 3175 390 3241; x_wconf 80' lang='lat' dir='ltr'><strong>colligas</strong></span> <span class='ocrx_word' id='word_1_383' title='bbox 406 3177 475 3226; x_wconf 91' lang='lat' dir='ltr'><strong>hunc</strong></span> <span class='ocrx_word' id='word_1_384' title='bbox 492 3180 560 3226; x_wconf 86' lang='lat' dir='ltr'><strong>certe</strong></span> <span class='ocrx_word' id='word_1_385' title='bbox 578 3175 698 3241; x_wconf 81' lang='lat' dir='ltr'><strong>Pimplei‘</strong></span> <span class='ocrx_word' id='word_1_386' title='bbox 710 3174 797 3224; x_wconf 79' lang='lat' dir='ltr'><strong>drslcis</strong></span> <span class='ocrx_word' id='word_1_387' title='bbox 814 3174 875 3243; x_wconf 86' lang='lat' dir='ltr'><strong>olim</strong></span> <span class='ocrx_word' id='word_1_388' title='bbox 893 3173 992 3239; x_wconf 79' lang='lat' dir='ltr'><strong>legisse.</strong></span> <span class='ocrx_word' id='word_1_389' title='bbox 1027 3176 1082 3224; x_wconf 89' lang='lat' dir='ltr'><strong>Imo</strong></span> <span class='ocrx_word' id='word_1_390' title='bbox 1099 3179 1125 3226; x_wconf 92' lang='lat' dir='ltr'><strong>et</strong></span> <span class='ocrx_word' id='word_1_391' title='bbox 1133 3174 1190 3224; x_wconf 81' lang='lat' dir='ltr'><strong>fons</strong></span> <span class='ocrx_word' id='word_1_392' title='bbox 1199 3175 1240 3225; x_wconf 84' lang='lat' dir='ltr'><strong>vel</strong></span> <span class='ocrx_word' id='word_1_393' title='bbox 1249 3191 1323 3225; x_wconf 88' lang='lat' dir='ltr'><strong>mons</strong></span> 
     </span>
     <span class='ocr_line' id='line_1_41' title="bbox 197 3237 1325 3313; baseline -0.001 -19"><span class='ocrx_word' id='word_1_394' title='bbox 197 3244 253 3310; x_wconf 89' lang='lat' dir='ltr'><strong>ipse</strong></span> <span class='ocrx_word' id='word_1_395' title='bbox 270 3243 398 3311; x_wconf 76' lang='lat' dir='ltr'><strong>Pimpleia</strong></span> <span class='ocrx_word' id='word_1_396' title='bbox 415 3243 542 3294; x_wconf 87' lang='lat' dir='ltr'><strong>interdum</strong></span> <span class='ocrx_word' id='word_1_397' title='bbox 560 3243 672 3293; x_wconf 87' lang='lat' dir='ltr'><strong>dicitur:</strong></span> <span class='ocrx_word' id='word_1_398' title='bbox 690 3242 843 3308; x_wconf 79' lang='lat' dir='ltr'><strong>Apollonius</strong></span> <span class='ocrx_word' id='word_1_399' title='bbox 855 3242 970 3292; x_wconf 88' lang='lat' dir='ltr'><strong>Rhodius</strong></span> <span class='ocrx_word' id='word_1_400' title='bbox 988 3244 1008 3305; x_wconf 86' lang='grc' dir='ltr'><strong>Ι,</strong></span> <span class='ocrx_word' id='word_1_401' title='bbox 1027 3245 1069 3295; x_wconf 82' lang='grc'><strong>20.</strong></span> <span class='ocrx_word' id='word_1_402' title='bbox 1105 3237 1240 3313; x_wconf 79' lang='grc' dir='ltr'><strong><em>,,οἰἀγρῳ</em></strong></span> <span class='ocrx_word' id='word_1_403' title='bbox 1261 3257 1325 3293; x_wconf 82' lang='grc' dir='ltr'><strong>σκο-</strong></span> 
     </span>
     <span class='ocr_line' id='line_1_42' title="bbox 196 3306 1324 3379; baseline -0.003 -17"><span class='ocrx_word' id='word_1_404' title='bbox 196 3309 260 3372; x_wconf 71' lang='lat' dir='ltr'><strong>abac</strong></span> <span class='ocrx_word' id='word_1_405' title='bbox 277 3313 510 3362; x_wconf 81' lang='grc' dir='ltr'><strong><em>ΠΙΜΠΔΗΙΔΟΣ</em></strong></span> <span class='ocrx_word' id='word_1_406' title='bbox 527 3306 592 3378; x_wconf 77' lang='grc' dir='ltr'><strong>ἄγχι</strong></span> <span class='ocrx_word' id='word_1_407' title='bbox 609 3309 766 3362; x_wconf 78' lang='grc' dir='ltr'><strong>τεκέσθαι.“</strong></span> <span class='ocrx_word' id='word_1_408' title='bbox 799 3310 845 3360; x_wconf 90' lang='lat' dir='ltr'><strong>ubi</strong></span> <span class='ocrx_word' id='word_1_409' title='bbox 863 3310 1025 3374; x_wconf 65' lang='lat' dir='ltr'><strong>Scholiasta,</strong></span> <span class='ocrx_word' id='word_1_410' title='bbox 1043 3306 1188 3379; x_wconf 75' lang='grc' dir='ltr'><strong>Πιμπλιὰς,</strong></span> <span class='ocrx_word' id='word_1_411' title='bbox 1212 3309 1324 3378; x_wconf 78' lang='grc' dir='ltr'><em>χωρίον</em></span> 
     </span>
     <span class='ocr_line' id='line_1_43' title="bbox 196 3376 1323 3447; baseline 0.001 -20"><span class='ocrx_word' id='word_1_412' title='bbox 196 3376 393 3447; x_wconf 58' lang='lat' dir='ltr'><strong>serenaque.</strong></span> <span class='ocrx_word' id='word_1_413' title='bbox 406 3378 626 3444; x_wconf 79' lang='lat' dir='ltr'><strong>AusoniusEpist.</strong></span> <span class='ocrx_word' id='word_1_414' title='bbox 636 3377 698 3429; x_wconf 86' lang='lat' dir='ltr'><strong>XIV</strong></span> <span class='ocrx_word' id='word_1_415' title='bbox 705 3380 738 3441; x_wconf 83' lang='lat' dir='ltr'><strong>[r.</strong></span> <span class='ocrx_word' id='word_1_416' title='bbox 746 3380 780 3441; x_wconf 81' lang='lat'><strong>91.</strong></span> <span class='ocrx_word' id='word_1_417' title='bbox 808 3377 973 3443; x_wconf 79' lang='lat' dir='ltr'><strong>„Siriguam</strong></span> <span class='ocrx_word' id='word_1_418' title='bbox 983 3379 1060 3429; x_wconf 80' lang='lat' dir='ltr'><strong>laetis</strong></span> <span class='ocrx_word' id='word_1_419' title='bbox 1070 3378 1167 3429; x_wconf 85' lang='lat' dir='ltr'><strong>recolis</strong></span> <span class='ocrx_word' id='word_1_420' title='bbox 1174 3377 1323 3445; x_wconf 87' lang='lat' dir='ltr'><strong>Pimpleids</strong></span> 
     </span>
     <span class='ocr_line' id='line_1_44' title="bbox 196 3442 1324 3514; baseline 0.003 -18"><span class='ocrx_word' id='word_1_421' title='bbox 196 3448 305 3497; x_wconf 77' lang='lat' dir='ltr'><strong>mmis.“</strong></span> <span class='ocrx_word' id='word_1_422' title='bbox 339 3445 556 3514; x_wconf 80' lang='lat' dir='ltr'><strong>EtFtymologioi</strong></span> <span class='ocrx_word' id='word_1_423' title='bbox 568 3450 665 3508; x_wconf 86' lang='lat' dir='ltr'><strong>auctor,</strong></span> <span class='ocrx_word' id='word_1_424' title='bbox 683 3463 707 3498; x_wconf 83' lang='lat' dir='ltr'><strong>s.</strong></span> <span class='ocrx_word' id='word_1_425' title='bbox 725 3445 879 3514; x_wconf 77' lang='grc' dir='ltr'><strong><em>Μίμαντος,</em></strong></span> <span class='ocrx_word' id='word_1_426' title='bbox 898 3445 1018 3497; x_wconf 86' lang='lat' dir='ltr'><strong>alicunde</strong></span> <span class='ocrx_word' id='word_1_427' title='bbox 1035 3444 1131 3510; x_wconf 88' lang='lat' dir='ltr'><strong>laudet,</strong></span> <span class='ocrx_word' id='word_1_428' title='bbox 1148 3442 1324 3513; x_wconf 71' lang='grc' dir='ltr'><strong>Πιμπληΐδος</strong></span> 
     </span>
    </p>
   </div>
   <div class='ocr_carea' id='block_1_7' title="bbox 1406 0 1410 3559">
    <p class='ocr_par' dir='ltr' id='par_1_7' title="bbox 1406 0 1410 3559">
     <span class='ocr_line' id='line_1_45' title="bbox 1406 0 1410 3559; baseline 0 0"><span class='ocrx_word' id='word_1_429' title='bbox 1406 0 1410 3559; x_wconf 95' lang='lat' dir='ltr'><strong> </strong></span> 
     </span>
    </p>
   </div>
   <div class='ocr_carea' id='block_1_8' title="bbox 197 3506 1407 3584">
    <p class='ocr_par' dir='ltr' id='par_1_8' title="bbox 197 3506 1407 3584">
     <span class='ocr_line' id='line_1_46' title="bbox 197 3506 1407 3584; baseline 0.001 -21"><span class='ocrx_word' id='word_1_430' title='bbox 197 3506 286 3580; x_wconf 77' lang='grc' dir='ltr'><strong><em>ἄκρης.</em></strong></span> <span class='ocrx_word' id='word_1_431' title='bbox 323 3514 419 3565; x_wconf 79' lang='lat' dir='ltr'><strong>Furbst</strong></span> <span class='ocrx_word' id='word_1_432' title='bbox 437 3514 538 3580; x_wconf 87' lang='lat' dir='ltr'><strong>quidem</strong></span> <span class='ocrx_word' id='word_1_433' title='bbox 555 3514 707 3581; x_wconf 81' lang='lat' dir='ltr'><strong>Hesychius,</strong></span> <span class='ocrx_word' id='word_1_434' title='bbox 725 3515 770 3580; x_wconf 89' lang='lat' dir='ltr'><strong>qui</strong></span> <span class='ocrx_word' id='word_1_435' title='bbox 787 3514 864 3564; x_wconf 88' lang='lat' dir='ltr'><strong>habet</strong></span> <span class='ocrx_word' id='word_1_436' title='bbox 880 3511 1001 3572; x_wconf 78' lang='lat' dir='ltr'><strong>limitas,</strong></span> <span class='ocrx_word' id='word_1_437' title='bbox 1021 3509 1052 3565; x_wconf 84' lang='lat' dir='ltr'><strong>ai</strong></span> <span class='ocrx_word' id='word_1_438' title='bbox 1066 3514 1186 3584; x_wconf 70' lang='lat' dir='ltr'><strong>probans:</strong></span> <span class='ocrx_word' id='word_1_439' title='bbox 1204 3514 1250 3564; x_wconf 88' lang='lat' dir='ltr'><strong>sed</strong></span> <span class='ocrx_word' id='word_1_440' title='bbox 1269 3519 1323 3564; x_wconf 87' lang='lat' dir='ltr'><strong>tam</strong></span> <span class='ocrx_word' id='word_1_441' title='bbox 1406 3572 1407 3581; x_wconf 18' lang='grc' dir='ltr'><strong><em>ρ</em></strong></span> 
     </span>
    </p>
   </div>
   <div class='ocr_carea' id='block_1_9' title="bbox 191 3581 1324 4261">
    <p class='ocr_par' dir='ltr' id='par_1_9' title="bbox 197 3581 1028 3647">
     <span class='ocr_line' id='line_1_47' title="bbox 197 3581 1028 3647; baseline 0 -15"><span class='ocrx_word' id='word_1_442' title='bbox 197 3581 312 3647; x_wconf 88' lang='lat' dir='ltr'><strong>corrupti</strong></span> <span class='ocrx_word' id='word_1_443' title='bbox 329 3581 433 3644; x_wconf 86' lang='lat' dir='ltr'><strong>codicis,</strong></span> <span class='ocrx_word' id='word_1_444' title='bbox 451 3598 508 3632; x_wconf 87' lang='lat' dir='ltr'><strong>cum</strong></span> <span class='ocrx_word' id='word_1_445' title='bbox 527 3582 596 3632; x_wconf 87' lang='lat' dir='ltr'><strong>solus</strong></span> <span class='ocrx_word' id='word_1_446' title='bbox 613 3587 659 3645; x_wconf 88' lang='lat' dir='ltr'><strong>est,</strong></span> <span class='ocrx_word' id='word_1_447' title='bbox 677 3582 749 3633; x_wconf 88' lang='lat' dir='ltr'><strong>nulla</strong></span> <span class='ocrx_word' id='word_1_448' title='bbox 765 3581 882 3633; x_wconf 88' lang='lat' dir='ltr'><strong>habenda</strong></span> <span class='ocrx_word' id='word_1_449' title='bbox 899 3584 938 3632; x_wconf 87' lang='lat' dir='ltr'><strong>est</strong></span> <span class='ocrx_word' id='word_1_450' title='bbox 953 3582 1028 3632; x_wconf 86' lang='lat' dir='ltr'><strong>ratio.</strong></span> 
     </span>
    </p>

    <p class='ocr_par' dir='ltr' id='par_1_10' title="bbox 191 3647 1324 4261">
     <span class='ocr_line' id='line_1_48' title="bbox 266 3647 1321 3716; baseline -0.001 -15"><span class='ocrx_word' id='word_1_451' title='bbox 266 3652 306 3701; x_wconf 84' lang='lat' dir='ltr'><strong>lb.</strong></span> <span class='ocrx_word' id='word_1_452' title='bbox 324 3647 375 3700; x_wconf 86' lang='lat' dir='ltr'><strong>Nil</strong></span> <span class='ocrx_word' id='word_1_453' title='bbox 389 3652 447 3700; x_wconf 86' lang='lat' dir='ltr'><strong>sine</strong></span> <span class='ocrx_word' id='word_1_454' title='bbox 465 3654 490 3700; x_wconf 82' lang='lat' dir='ltr'><strong>te</strong></span> <span class='ocrx_word' id='word_1_455' title='bbox 506 3650 683 3701; x_wconf 80' lang='lat' dir='ltr'><strong>msiProsunt</strong></span> <span class='ocrx_word' id='word_1_456' title='bbox 701 3652 824 3712; x_wconf 81' lang='lat' dir='ltr'><strong>bonores]</strong></span> <span class='ocrx_word' id='word_1_457' title='bbox 850 3650 969 3701; x_wconf 83' lang='lat' dir='ltr'><strong>Prosunt</strong></span> <span class='ocrx_word' id='word_1_458' title='bbox 976 3650 1004 3701; x_wconf 90' lang='lat' dir='ltr'><strong>in</strong></span> <span class='ocrx_word' id='word_1_459' title='bbox 1012 3649 1141 3716; x_wconf 90' lang='lat' dir='ltr'><strong>plerisque</strong></span> <span class='ocrx_word' id='word_1_460' title='bbox 1150 3649 1225 3701; x_wconf 89' lang='lat' dir='ltr'><strong>libris</strong></span> <span class='ocrx_word' id='word_1_461' title='bbox 1235 3653 1321 3710; x_wconf 82' lang='lat' dir='ltr'><strong>extat;</strong></span> 
     </span>
     <span class='ocr_line' id='line_1_49' title="bbox 196 3716 1324 3797; baseline 0.001 -31"><span class='ocrx_word' id='word_1_462' title='bbox 196 3719 223 3767; x_wconf 91' lang='lat' dir='ltr'><strong>et</strong></span> <span class='ocrx_word' id='word_1_463' title='bbox 239 3716 301 3769; x_wconf 88' lang='lat' dir='ltr'><strong>lerri</strong></span> <span class='ocrx_word' id='word_1_464' title='bbox 324 3716 426 3797; x_wconf 74' lang='lat' dir='ltr'><strong>quidem</strong></span> <span class='ocrx_word' id='word_1_465' title='bbox 449 3721 547 3783; x_wconf 82' lang='lat' dir='ltr'><strong>potest:</strong></span> <span class='ocrx_word' id='word_1_466' title='bbox 571 3733 658 3768; x_wconf 74' lang='lat' dir='ltr'><strong>renim</strong></span> <span class='ocrx_word' id='word_1_467' title='bbox 675 3734 733 3769; x_wconf 89' lang='lat' dir='ltr'><strong>cum</strong></span> <span class='ocrx_word' id='word_1_468' title='bbox 750 3717 872 3769; x_wconf 91' lang='lat' dir='ltr'><strong>Lambini</strong></span> <span class='ocrx_word' id='word_1_469' title='bbox 889 3717 995 3784; x_wconf 79' lang='lat' dir='ltr'><strong>aliquot,</strong></span> <span class='ocrx_word' id='word_1_470' title='bbox 1019 3718 1170 3769; x_wconf 84' lang='lat' dir='ltr'><strong>Bersmanui</strong></span> <span class='ocrx_word' id='word_1_471' title='bbox 1191 3734 1271 3781; x_wconf 84' lang='lat' dir='ltr'><strong>unus,</strong></span> <span class='ocrx_word' id='word_1_472' title='bbox 1296 3722 1324 3769; x_wconf 88' lang='lat' dir='ltr'><strong>et</strong></span> 
     </span>
     <span class='ocr_line' id='line_1_50' title="bbox 195 3784 1324 3852; baseline 0.003 -17"><span class='ocrx_word' id='word_1_473' title='bbox 195 3784 402 3837; x_wconf 85' lang='lat' dir='ltr'><strong>Zalichemranus</strong></span> <span class='ocrx_word' id='word_1_474' title='bbox 419 3790 506 3836; x_wconf 88' lang='lat' dir='ltr'><strong>noster</strong></span> <span class='ocrx_word' id='word_1_475' title='bbox 522 3785 636 3836; x_wconf 83' lang='lat' dir='ltr'><strong>Possunt</strong></span> <span class='ocrx_word' id='word_1_476' title='bbox 652 3787 796 3849; x_wconf 79' lang='lat' dir='ltr'><strong>exhibeant,</strong></span> <span class='ocrx_word' id='word_1_477' title='bbox 814 3802 866 3836; x_wconf 89' lang='lat' dir='ltr'><strong>non</strong></span> <span class='ocrx_word' id='word_1_478' title='bbox 883 3802 1018 3852; x_wconf 87' lang='lat' dir='ltr'><strong>passumus</strong></span> <span class='ocrx_word' id='word_1_479' title='bbox 1034 3802 1087 3838; x_wconf 89' lang='lat' dir='ltr'><strong>nou</strong></span> <span class='ocrx_word' id='word_1_480' title='bbox 1104 3787 1170 3837; x_wconf 86' lang='lat' dir='ltr'><strong>hanc</strong></span> <span class='ocrx_word' id='word_1_481' title='bbox 1182 3786 1324 3838; x_wconf 86' lang='lat' dir='ltr'><strong>lectionem</strong></span> 
     </span>
     <span class='ocr_line' id='line_1_51' title="bbox 196 3852 1323 3921; baseline 0.002 -17"><span class='ocrx_word' id='word_1_482' title='bbox 196 3853 268 3905; x_wconf 86' lang='lat' dir='ltr'><strong>alteri</strong></span> <span class='ocrx_word' id='word_1_483' title='bbox 292 3852 427 3921; x_wconf 76' lang='lat' dir='ltr'><strong>praelarus.</strong></span> <span class='ocrx_word' id='word_1_484' title='bbox 463 3854 506 3905; x_wconf 79' lang='lat' dir='ltr'><strong>Sic</strong></span> <span class='ocrx_word' id='word_1_485' title='bbox 517 3853 643 3919; x_wconf 69' lang='lat' dir='ltr'><strong>Virgilius</strong></span> <span class='ocrx_word' id='word_1_486' title='bbox 652 3857 714 3906; x_wconf 83' lang='lat' dir='ltr'><strong>Aen.</strong></span> <span class='ocrx_word' id='word_1_487' title='bbox 725 3854 774 3917; x_wconf 82' lang='lat' dir='ltr'><strong>IX,</strong></span> <span class='ocrx_word' id='word_1_488' title='bbox 783 3857 841 3908; x_wconf 90' lang='grc'><strong>440.</strong></span> <span class='ocrx_word' id='word_1_489' title='bbox 876 3853 1041 3919; x_wconf 84' lang='lat' dir='ltr'><strong>„Fortunati</strong></span> <span class='ocrx_word' id='word_1_490' title='bbox 1056 3854 1143 3920; x_wconf 85' lang='lat' dir='ltr'><strong>amba,</strong></span> <span class='ocrx_word' id='word_1_491' title='bbox 1159 3854 1323 3919; x_wconf 80' lang='lat' dir='ltr'><strong>siquidmca</strong></span> 
     </span>
     <span class='ocr_line' id='line_1_52' title="bbox 196 3920 1323 3989; baseline 0.001 -17"><span class='ocrx_word' id='word_1_492' title='bbox 196 3924 319 3974; x_wconf 75' lang='lat' dir='ltr'><strong>carmina</strong></span> <span class='ocrx_word' id='word_1_493' title='bbox 330 3926 464 3989; x_wconf 68' lang='lat' dir='ltr'><strong>possunnu</strong></span> <span class='ocrx_word' id='word_1_494' title='bbox 481 3922 551 3973; x_wconf 88' lang='lat' dir='ltr'><strong>Idem</strong></span> <span class='ocrx_word' id='word_1_495' title='bbox 563 3920 654 3987; x_wconf 80' lang='lat' dir='ltr'><strong>Fclog.</strong></span> <span class='ocrx_word' id='word_1_496' title='bbox 667 3924 708 3974; x_wconf 88' lang='grc' dir='ltr'><strong>ΙΙΙ</strong></span> <span class='ocrx_word' id='word_1_497' title='bbox 719 3925 752 3986; x_wconf 81' lang='lat' dir='ltr'><strong>[s.</strong></span> <span class='ocrx_word' id='word_1_498' title='bbox 764 3924 816 3987; x_wconf 82' lang='lat'><strong>281.</strong></span> <span class='ocrx_word' id='word_1_499' title='bbox 843 3921 911 3988; x_wconf 84' lang='lat' dir='ltr'><strong>„Vis</strong></span> <span class='ocrx_word' id='word_1_500' title='bbox 928 3938 993 3987; x_wconf 78' lang='lat' dir='ltr'><strong>ergo</strong></span> <span class='ocrx_word' id='word_1_501' title='bbox 1003 3925 1075 3973; x_wconf 84' lang='lat' dir='ltr'><strong>inter</strong></span> <span class='ocrx_word' id='word_1_502' title='bbox 1084 3937 1140 3986; x_wconf 87' lang='lat' dir='ltr'><strong>nos,</strong></span> <span class='ocrx_word' id='word_1_503' title='bbox 1158 3922 1226 3987; x_wconf 82' lang='lat' dir='ltr'><strong>quid</strong></span> <span class='ocrx_word' id='word_1_504' title='bbox 1237 3922 1323 3988; x_wconf 87' lang='lat' dir='ltr'><strong>possit</strong></span> 
     </span>
     <span class='ocr_line' id='line_1_53' title="bbox 197 3989 1324 4058; baseline 0.002 -19"><span class='ocrx_word' id='word_1_505' title='bbox 197 3994 317 4057; x_wconf 70' lang='lat' dir='ltr'><strong>astuque,</strong></span> <span class='ocrx_word' id='word_1_506' title='bbox 335 3992 451 4042; x_wconf 82' lang='lat' dir='ltr'><strong>uicissim</strong></span> <span class='ocrx_word' id='word_1_507' title='bbox 468 3989 678 4056; x_wconf 76' lang='lat' dir='ltr'><strong>Emporiamur.“</strong></span> <span class='ocrx_word' id='word_1_508' title='bbox 695 3989 880 4045; x_wconf 78' lang='lat' dir='ltr'><strong>Nostercsrm.</strong></span> <span class='ocrx_word' id='word_1_509' title='bbox 893 3990 943 4053; x_wconf 90' lang='lat' dir='ltr'><strong>Ill,</strong></span> <span class='ocrx_word' id='word_1_510' title='bbox 956 3993 981 4053; x_wconf 83' lang='lat'><strong>4,</strong></span> <span class='ocrx_word' id='word_1_511' title='bbox 996 3992 1038 4043; x_wconf 79' lang='lat'><strong>58.</strong></span> <span class='ocrx_word' id='word_1_512' title='bbox 1073 3990 1146 4055; x_wconf 87' lang='lat' dir='ltr'><strong>„Sed</strong></span> <span class='ocrx_word' id='word_1_513' title='bbox 1162 3989 1230 4056; x_wconf 82' lang='lat' dir='ltr'><strong>quid</strong></span> <span class='ocrx_word' id='word_1_514' title='bbox 1248 3989 1324 4058; x_wconf 74' lang='lat' dir='ltr'><strong>Tby-</strong></span> 
     </span>
     <span class='ocr_line' id='line_1_54' title="bbox 191 4056 1323 4124; baseline 0.001 -16"><span class='ocrx_word' id='word_1_515' title='bbox 191 4058 296 4124; x_wconf 80' lang='lat' dir='ltr'><strong>pbasus</strong></span> <span class='ocrx_word' id='word_1_516' title='bbox 314 4063 340 4109; x_wconf 88' lang='lat' dir='ltr'><strong>st</strong></span> <span class='ocrx_word' id='word_1_517' title='bbox 356 4057 462 4110; x_wconf 82' lang='lat' dir='ltr'><strong>calidus</strong></span> <span class='ocrx_word' id='word_1_518' title='bbox 478 4056 577 4109; x_wconf 82' lang='lat' dir='ltr'><strong>Mimas</strong></span> <span class='ocrx_word' id='word_1_519' title='bbox 595 4057 694 4110; x_wconf 67' lang='lat' dir='ltr'><strong>Conna</strong></span> <span class='ocrx_word' id='word_1_520' title='bbox 710 4063 849 4111; x_wconf 83' lang='lat' dir='ltr'><strong>sonantem</strong></span> <span class='ocrx_word' id='word_1_521' title='bbox 865 4058 987 4110; x_wconf 63' lang='lat' dir='ltr'><strong>Pallada</strong></span> <span class='ocrx_word' id='word_1_522' title='bbox 1003 4057 1102 4124; x_wconf 80' lang='lat' dir='ltr'><strong>aegida</strong></span> <span class='ocrx_word' id='word_1_523' title='bbox 1116 4060 1225 4110; x_wconf 89' lang='lat' dir='ltr'><strong>Posssnt</strong></span> <span class='ocrx_word' id='word_1_524' title='bbox 1238 4073 1323 4109; x_wconf 76' lang='lat' dir='ltr'><strong>maen·</strong></span> 
     </span>
     <span class='ocr_line' id='line_1_55' title="bbox 197 4124 1321 4194; baseline 0.002 -19"><span class='ocrx_word' id='word_1_525' title='bbox 197 4127 270 4176; x_wconf 82' lang='lat' dir='ltr'><strong>tssl“</strong></span> <span class='ocrx_word' id='word_1_526' title='bbox 295 4125 424 4194; x_wconf 78' lang='lat' dir='ltr'><strong>nespas.</strong></span> <span class='ocrx_word' id='word_1_527' title='bbox 436 4127 456 4191; x_wconf 86' lang='lat'><strong>1,</strong></span> <span class='ocrx_word' id='word_1_528' title='bbox 474 4128 498 4190; x_wconf 81' lang='lat'><strong>2,</strong></span> <span class='ocrx_word' id='word_1_529' title='bbox 518 4128 557 4179; x_wconf 86' lang='lat' dir='ltr'><strong>l&#39;t.</strong></span> <span class='ocrx_word' id='word_1_530' title='bbox 587 4124 721 4192; x_wconf 76' lang='lat' dir='ltr'><strong>„Rursum</strong></span> <span class='ocrx_word' id='word_1_531' title='bbox 739 4126 916 4194; x_wconf 72' lang='lat' dir='ltr'><strong>arcidamus,</strong></span> <span class='ocrx_word' id='word_1_532' title='bbox 935 4132 961 4178; x_wconf 86' lang='lat' dir='ltr'><strong>st</strong></span> <span class='ocrx_word' id='word_1_533' title='bbox 977 4126 1044 4193; x_wconf 78' lang='lat' dir='ltr'><strong>quid</strong></span> <span class='ocrx_word' id='word_1_534' title='bbox 1058 4128 1191 4194; x_wconf 82' lang='lat' dir='ltr'><strong>sapientia</strong></span> <span class='ocrx_word' id='word_1_535' title='bbox 1208 4126 1321 4192; x_wconf 81' lang='lat' dir='ltr'><strong>possit“</strong></span> 
     </span>
     <span class='ocr_line' id='line_1_56' title="bbox 197 4192 1324 4261; baseline 0.002 -18"><span class='ocrx_word' id='word_1_536' title='bbox 197 4192 247 4244; x_wconf 78' lang='lat' dir='ltr'><strong>Sed</strong></span> <span class='ocrx_word' id='word_1_537' title='bbox 264 4192 293 4244; x_wconf 88' lang='lat' dir='ltr'><strong>in</strong></span> <span class='ocrx_word' id='word_1_538' title='bbox 312 4196 374 4249; x_wconf 73' lang='lat' dir='ltr'><strong>Arta</strong></span> <span class='ocrx_word' id='word_1_539' title='bbox 392 4194 493 4261; x_wconf 84' lang='lat' dir='ltr'><strong>quidem</strong></span> <span class='ocrx_word' id='word_1_540' title='bbox 510 4193 615 4247; x_wconf 76' lang='lat' dir='ltr'><strong>Pontica</strong></span> <span class='ocrx_word' id='word_1_541' title='bbox 632 4210 655 4251; x_wconf 78' lang='lat' dir='ltr'><strong>s.</strong></span> <span class='ocrx_word' id='word_1_542' title='bbox 668 4197 728 4249; x_wconf 83' lang='grc'><strong>410.</strong></span> <span class='ocrx_word' id='word_1_543' title='bbox 762 4209 830 4246; x_wconf 89' lang='lat' dir='ltr'><strong>nunc</strong></span> <span class='ocrx_word' id='word_1_544' title='bbox 856 4195 929 4261; x_wconf 81' lang='lat' dir='ltr'><strong>legis,</strong></span> <span class='ocrx_word' id='word_1_545' title='bbox 955 4209 1023 4260; x_wconf 61' lang='lat' dir='ltr'><strong>‚ego</strong></span> <span class='ocrx_word' id='word_1_546' title='bbox 1048 4211 1098 4246; x_wconf 86' lang='lat' dir='ltr'><strong>nec</strong></span> <span class='ocrx_word' id='word_1_547' title='bbox 1122 4194 1240 4246; x_wconf 81' lang='lat' dir='ltr'><strong>studium</strong></span> <span class='ocrx_word' id='word_1_548' title='bbox 1261 4197 1324 4246; x_wconf 82' lang='lat' dir='ltr'><strong>sina</strong></span> 
     </span>
    </p>
   </div>
   <div class='ocr_carea' id='block_1_10' title="bbox 0 0 1414 4758">
    <p class='ocr_par' dir='ltr' id='par_1_11' title="bbox 0 0 1414 4758">
     <span class='ocr_line' id='line_1_57' title="bbox 0 0 1414 4758; baseline 0 0"><span class='ocrx_word' id='word_1_549' title='bbox 0 0 1414 4758; x_wconf 95' lang='lat' dir='ltr'><strong> </strong></span> 
     </span>
    </p>
   </div>
  </div>
 </body>
</html>
