2818 4758
200 224 261 287 104
579 232 610 291 q.
632 224 775 278 nonsnn
795 227 921 275 nascor

284 370 307 436 S
332 373 401 433 erat
421 366 558 444 infestis,
579 363 695 430 metuit
715 361 864 428 secundis

284 391 429 518 Aiteram
452 457 570 517 sortem
590 451 672 514 bene
693 452 922 544 praeparatum

244 553 274 602 15
287 541 415 605 Pectus.
437 534 584 601 informis
606 534 730 598 hiemes
752 531 876 597 reduort

438 618 597 706 Iuppiter3
619 618 705 683 idem

287 708 476 775 Submovet:
499 724 571 776 non,
596 703 623 768 si
645 702 729 766 male
751 719 844 776 nuno,
868 704 900 762 et
921 696 997 763 olim

287 793 340 860 Sic
362 792 436 857 erit:
459 789 620 872 quondam
642 787 784 851 citharae
805 788 963 848 tacentem

288 876 430 943 Suscitat
449 894 585 951 musam,
608 890 713 952 neque
735 890 863 954 semper
883 888 993 933 arcum

244 974 276 1024 no
441 958 559 1024 Tendit
579 957 705 1042 Apollo.

287 1046 396 1111 Rebus
418 1043 566 1125 angustis
588 1041 752 1106 animosus
774 1044 873 1120 atque

287 1130 393 1195 Fortis
415 1147 552 1213 appare:
583 1125 745 1224 sapienter
765 1122 851 1187 idem

289 1214 466 1280 Contrahes
487 1218 582 1278 vento
604 1211 736 1274 nrmium
760 1207 900 1274 secundo

442 1297 587 1379 Turgida
607 1297 689 1362 vela.

736 1444 794 1508 XI.

551 1566 621 1629 AD
657 1563 972 1643 QUINTIUM.

291 1683 376 1761 Quid
399 1683 569 1748 bellicosus
592 1681 762 1758 Cantaber,
785 1686 818 1744 et
839 1680 985 1765 Scythes,

287 1767 421 1851 Hirpine
444 1767 563 1845 Quinti,
585 1767 704 1848 cogitet
724 1765 847 1829 Hadria

331 1851 464 1918 Divisus
486 1853 619 1927 obiecto,
642 1850 787 1915 remittas

376 1936 553 2017 Quaerere3
575 1956 635 2000 neo
657 1934 798 2019 trepides
819 1933 854 1997 iu
876 1953 973 1999 usum

262 2024 456 2090 5Posoentis
479 2023 552 2087 aevi
573 2041 687 2105 pauca.
711 2019 796 2100 fugit
817 2024 902 2083 retro

288 2110 385 2175 Levis
406 2108 553 2174 inventas
576 2112 608 2172 et
630 2106 734 2181 decor,
757 2103 848 2167 arida

330 2194 474 2260 Pellente
496 2191 633 2257 lascivos
655 2208 781 2254 amores
870 2204 872 2208 ⁴

374 2276 507 2350 Canitie,
530 2276 721 2357 facilemque
744 2293 900 2339 somnum.

528 2411 551 2445 v.
572 2396 610 2446 18.
630 2392 706 2456 Vulg.
726 2390 844 2442 Cithara.

202 2530 265 2580 risse
283 2533 443 2580 asseveraret.
478 2529 522 2590 Id,
540 2529 589 2578 etsi
606 2526 757 2577 incredibile
775 2530 826 2586 est,
851 2523 980 2574 credamus
998 2523 1073 2583 lieet3
1096 2524 1140 2574 sed
1163 2529 1249 2574 tamen
1267 2525 1327 2575 San·

203 2604 273 2647 ctum
296 2596 493 2661 Hieronymum,
521 2594 638 2645 omnibus
668 2594 772 2643 Horatii
800 2591 946 2651 codicibus,
975 2596 1102 2656 quotquot
1128 2593 1205 2642 hodie
1233 2598 1327 2654 extant,

204 2663 374 2727 antiquiorem
391 2663 498 2712 alterum
515 2661 582 2711 illud
599 2663 627 2711 in
645 2663 697 2710 suis
714 2661 789 2710 libris
813 2659 940 2710 invenisse
959 2663 1074 2720 constat;
1098 2661 1135 2709 sic
1153 2661 1222 2710 enim
1240 2660 1285 2710 ills
1301 2662 1329 2711 in

202 2729 346 2795 Epitaphio
369 2730 510 2795 Nepotiani
534 2729 582 2791 [ed.
608 2731 669 2778 Ben.
688 2730 740 2789 IV,
763 2731 779 2780 2
804 2745 830 2792 p.
855 2730 929 2789 2741:
964 2727 1064 2790 „Dicat
1087 2728 1202 2792 aliquia,
1228 2727 1328 2793 Regnum

204 2798 267 2849 talia
285 2797 403 2847 conditio
422 2801 475 2859 θείς
493 2797 648 2860 feriuntque
664 2812 778 2846 summos
795 2796 898 2859 fulgura
914 2797 1048 2857 montes“:
1067 2799 1092 2845 et
1109 2796 1203 2845 iterum
1220 2797 1249 2845 in
1266 2798 1328 2862 Epi·

204 2864 293 2930 taphio
311 2865 405 2915 Paulae
425 2863 496 2927 [ibid.
514 2881 539 2930 p.
559 2867 634 2927 6791:
671 2864 798 2929 „Semper
816 2863 921 2928 quidem
938 2865 1051 2912 uirtutes
1067 2866 1189 2927 sequitur
1209 2864 1328 2927 Incidiu;

203 2934 359 2997 feriuntque
375 2947 490 2983 munros
508 2934 610 2998 fulgura
626 2934 760 2982 montea“:
785 2931 894 2995 denique
918 2930 946 2979 in
963 2931 1095 2980 Prooemio
1113 2931 1145 2980 ad
1163 2931 1328 2986 Quaestiones

203 3000 345 3051 Hebraicas
369 3001 425 3064 [snb
451 3001 534 3065 init.]:
576 3000 704 3065 „Sempcr
727 3002 797 3049 enirn
826 3002 855 3047 in
878 2999 1023 3063 propatulo
1052 2998 1186 3060 fortitudo
1210 3002 1329 3051 annulos
1389 3030 1390 3033 =

204 3071 297 3119 habet:
327 3070 483 3135 feriuntque
510 3085 626 3119 auruncos
650 3068 752 3131 fulgura
785 3068 913 3116 montaf‘
954 3066 1117 3129 Recipiamus
1144 3068 1233 3131 itaque
1265 3069 1329 3118 hane

203 3137 352 3188 lectionem:
379 3155 438 3188 nam
461 3136 559 3202 fulgur
576 3136 643 3186 idem
661 3151 734 3199 saepe
752 3139 843 3183 notare
862 3133 929 3197 qnod
945 3133 1047 3194 fulmen
1065 3134 1133 3197 apud
1152 3136 1264 3199 optimos
1281 3137 1329 3186 La·
1389 3146 1390 3161 ¹

203 3205 315 3255 tinitatis
334 3211 463 3267 auctores,
481 3205 634 3268 Virgilium,
652 3203 779 3264 Plinium,
797 3202 928 3263 Tacitum,
947 3202 1098 3251 Suetonium
1115 3202 1245 3268 aliosque,
1270 3205 1330 3255 adeo
1389 3220 1390 3267 1

203 3278 290 3323 notum
309 3278 354 3334 est,
371 3279 401 3323 ut
418 3272 539 3337 exemplis
556 3272 584 3321 id
600 3270 714 3336 probare.
724 3270 828 3320 minime
845 3271 887 3320 hie
904 3285 1005 3319 necesse
1023 3267 1066 3318 sit.
1389 3324 1390 3331 χ

274 3342 314 3390 18.
333 3340 474 3403 Quondam
491 3341 597 3389 eithara
616 3345 743 3390 tacentem
762 3338 881 3389 Suacitut
902 3340 1014 3399 murum]
1037 3339 1079 3388 Ita
1102 3337 1205 3401 quidem
1227 3339 1329 3390 'codices

202 3405 333 3471 plerique,
351 3412 376 3457 et
394 3408 519 3457 editiones
537 3407 612 3456 oredo
628 3423 714 3455 omnes
733 3408 853 3456 nidero:
877 3404 921 3454 sed
938 3404 1014 3469 longe
1032 3405 1174 3468 elegantior
1190 3405 1269 3457 lectio
1286 3412 1329 3468 est,
1389 3444 1390 3469 ,

204 3487 279 3537 quam
297 3474 359 3523 olim
375 3474 403 3523 in
422 3491 468 3523 suo
486 3473 573 3523 codiee
591 3476 769 3534 Bersmannus,
789 3478 814 3523 et
831 3489 877 3522 nos
894 3474 923 3522 in
941 3472 1083 3522 Graeciano
1100 3478 1187 3522 nostro
1204 3479 1289 3525 vetere
1306 3480 1330 3525 ct
1389 3480 1390 3529 l

203 3540 343 3590 Bodleiano
362 3541 441 3591 altero
459 3542 611 3602 invenimus,
630 3544 758 3591 citherae.
793 3542 852 3591 Non
869 3541 937 3590 enim
954 3542 1004 3590 hoc
1022 3541 1078 3590 vult
1094 3542 1234 3606 Horatius,
1253 3543 1328 3607 Apol·

202 3609 282 3658 linem
306 3609 392 3658 nescio
416 3625 490 3673 quam
513 3625 544 3659 ex
566 3625 655 3658 novem
677 3609 806 3659 sororibus
828 3613 953 3659 tacentem
976 3609 1016 3658 vel
1040 3608 1208 3659 dormientem
1231 3611 1330 3661 cithara
1389 3616 1390 3669 Ξ

204 3692 251 3727 aua
274 3678 412 3735 suscitare;
440 3677 506 3741 quod
532 3693 562 3726 ex
588 3677 692 3742 vulgata
714 3678 825 3727 lectione
852 3678 979 3726 excudunt
1002 3677 1167 3742 interpretes:
1195 3678 1240 3728 sed
1267 3677 1328 3729 illud
1389 3672 1390 3729 Ξ

204 3743 326 3794 nimirum
349 3744 427 3805 dicit,
452 3745 613 3810 Apollinem,
636 3746 709 3794 cuius
732 3745 874 3810 gestamina
898 3748 958 3793 sunt
980 3746 1061 3793 Areus
1085 3749 1111 3794 ct
1134 3743 1257 3811 Cithara,
1280 3762 1328 3796 non
1389 3738 1390 3793 i

204 3828 304 3877 semper
321 3828 416 3874 mcum,
434 3812 477 3861 sed
496 3812 633 3875 aliquando
650 3818 675 3863 st
691 3814 813 3863 citharam
831 3812 947 3862 tendere:
965 3812 1031 3862 illud
1049 3816 1133 3862 autem
1150 3812 1232 3863 iratus
1250 3814 1328 3865 facero
1389 3818 1390 3877 l

204 3880 277 3943 solet,
295 3882 344 3931 hoo
360 3880 443 3929 laetus
461 3885 486 3929 et
504 3879 639 3945 propitius
676 3879 753 3930 Musa
771 3897 830 3944 ergo
851 3879 976 3930 Citharae
994 3884 1032 3930 est
1049 3881 1106 3944 ipsa
1124 3879 1237 3944 Cithara,
1257 3898 1328 3947 quam
1389 3896 1390 3925 1

205 3953 335 3998 tacentem
352 3950 465 3997 suscitat
480 3948 604 3997 Phoebus.
639 3946 716 3997 Musa
735 3953 819 3998 autem
839 3946 976 4009 citharae,
996 3953 1024 3999 ut
1041 3948 1105 3998 alibi
1122 3949 1231 4012 Noster,
1250 3949 1325 4000 Carra

203 4015 240 4077 II,
261 4019 282 4078 1,
300 4018 324 4068 9.
360 4013 504 4078 „Paullum
518 4031 624 4065 aeonae
641 4032 713 4065 musa
729 4015 885 4080 Tragoedias
896 4016 974 4065 Desit
991 4018 1128 4066 theonisf‘
1156 4016 1251 4067 Noster
1268 4017 1327 4068 alibi
1389 4038 1390 4063 ;

204 4080 286 4132 Carni.
305 4084 358 4144 ΙΙΙ,
388 4084 433 4142 19,
457 4085 499 4135 20.
540 4081 613 4145 „Cur
635 4083 734 4148 pendet
758 4085 836 4134 tacita
859 4083 951 4145 fistulo
976 4099 1036 4133 curn
1059 4083 1148 4150 lyra?“
1189 4086 1263 4135 Ovid.
1280 4087 1325 4151 Ep.
1389 4086 1390 4137 l

205 4150 324 4216 Sapphus
343 4149 408 4213 [XV‚
424 4152 491 4212 1981.
518 4150 636 4213 „Plectra
654 4150 746 4201 dolore
763 4156 857 4211 tacent,
874 4156 945 4201 muta
962 4151 1054 4202 dolore
1070 4152 1125 4217 lyra
1143 4154 1206 4202 eat.“
1233 4153 1326 4205 Statius
