2842 4758
213 230 275 293 348
622 243 653 303 o
666 243 820 290 uersum
839 242 963 289 nusum

277 380 371 443 Hunc
394 377 421 441 si
443 376 648 475 perconteris,
675 377 727 442 avi
749 396 806 441 cur
827 383 924 458 atque
941 383 1059 475 parent
1059 376 1088 442 is
1209 448 1214 455 ,

279 463 479 528 Praeclaram
503 461 632 542 ingrata
654 461 791 543 stringat
812 462 917 526 malus
939 461 1081 561 ingluvie
1103 481 1184 540 rem,

278 546 392 614 Omnia
415 547 580 611 conductis
602 552 750 645 coe'mens
773 546 907 612 obsonia
929 547 1082 611 nummis.

237 647 266 697 ro
281 632 446 709 Sordidus,
470 637 567 714 atque
589 630 688 695 animi
710 632 796 714 quod
818 631 908 716 parvi
931 631 1011 695 nolit
1031 631 1153 707 haberi,

277 718 470 802 Respondet.
448 716 657 780 tlaudatur
678 717 720 780 ab
741 715 802 794 his,
825 716 898 800 culp
901 721 973 780 atur
995 717 1036 781 ab
1057 715 1130 782 illis.

277 803 423 868 Fufidius
444 821 570 900 vappae
593 802 712 865 tamam
735 800 826 865 timet
847 821 885 865 ao
878 739 1085 877 pnebulonis,

276 889 377 953 Dives
399 886 497 968 agris,
520 886 611 951 dives
633 884 776 970 positis
767 906 800 949 ιιι
822 886 932 951 fenore
954 886 1101 952 nummis

278 972 401 1051 Quinas
424 971 476 1036 hio
497 971 594 1055 capiti
616 971 780 1036 mercedes
803 976 947 1049 exsecat3
971 977 1068 1068 atque

237 1073 264 1120 15
280 1058 406 1135 Quanto
428 1056 583 1141 perditior
604 1055 740 1138 quisque
763 1061 933 1133 estuante
955 1056 1060 1120 acrius
1083 1060 1219 1136 urguet:

277 1143 416 1206 Nomina
438 1146 540 1205 sectat
542 1162 587 1217 ur,
611 1140 705 1204 modo
729 1146 836 1205 sumta
857 1146 946 1206 veste
915 1139 1053 1205 tvirili

278 1227 345 1292 Sub
367 1226 513 1311 patribus
535 1191 634 1302 duiis,
658 1226 806 1289 tironum.
849 1226 997 1301 Maxime,
1021 1224 1093 1307 quis
1116 1244 1190 1303 non,

277 1249 388 1396 Iuppit
388 1331 431 1388 er,
455 1311 622 1387 exclamat,
646 1311 797 1376 simult
763 1316 861 1392 atque
883 1276 1027 1375 audivit?
1055 1309 1127 1375 At
1118 1330 1151 1373 1n
1175 1328 1212 1374 se

277 1399 339 1462 Pro
363 1402 500 1478 quaestu
523 1401 663 1460 sumtum
685 1396 762 1460 lacit
783 1394 845 1460 hio
889 1395 952 1460 Vix
974 1395 1102 1460 credere
1124 1394 1233 1480 possis

235 1494 267 1544 ιο
282 1482 386 1559 Quam
409 1480 470 1545 sibi
492 1500 554 1544 non
578 1480 620 1544 sit
641 1480 781 1545 amicus:
804 1480 849 1544 ita
872 1484 907 1544 ut
928 1486 1021 1565 pater
1042 1479 1106 1557 ille,
1131 1482 1268 1546 Terenti

278 1566 404 1630 Fabula
426 1585 520 1648 quem
542 1565 695 1631 miserum
719 1570 816 1663 gnato
838 1564 960 1630 vixisse
982 1566 1094 1646 fugato

278 1649 414 1727 inducit,
436 1670 499 1714 non
523 1671 557 1715 se
579 1651 673 1736 peius
695 1650 883 1716 cruciaverit
904 1655 1001 1731 atque
1023 1649 1083 1715 hic.

279 1736 312 1802 Si
336 1735 408 1818 quis
430 1756 514 1800 nunc
536 1741 679 1834 quaerat,
703 1735 773 1812 Quo
796 1755 849 1800 res
871 1735 952 1800 haec
973 1734 1132 1820 pertinet?
1117 1734 1258 1800 lellluo

277 1824 363 1887 Dum
386 1819 488 1885 vitant
475 1821 599 1885 tstulti
621 1818 708 1897 vitia,
731 1820 764 1884 in
787 1819 946 1885 contraria
969 1826 1108 1885 currunt.

235 1920 266 1969 25
280 1904 459 1971 Malchinus
482 1905 597 1970 tunicis
620 1871 769 1970 demissis
791 1904 950 1970 ambulat:
974 1911 1023 1970 est
1045 1905 1100 1988 qui

277 1993 402 2072 Inguen
424 1991 466 2054 ad
489 1992 682 2055 obscaenum
705 1989 871 2055 subductis
893 2009 997 2072 usque
1019 1990 1158 2056 facetus:

604 2107 627 2141 v.
646 2093 686 2142 25.
705 2089 780 2154 Vulg
798 2089 954 2143 Moltlrinus.

218 2210 324 2261 videtur.
368 2209 519 2275 Propellere
544 2207 645 2288 quidem
668 2207 759 2269 famen
784 2213 835 2258 out
861 2209 952 2273 frigus
977 2224 1030 2258 nou
1055 2208 1158 2258 memini
1182 2208 1292 2275 legisse:
1319 2217 1349 2262 at

215 2278 392 2344 propulsare,
412 2277 479 2342 quod
496 2277 611 2342 proxime
630 2276 742 2339 accedit,
757 2292 808 2325 non
827 2277 904 2326 semel
922 2277 1041 2327 occurrit.
1078 2275 1166 2326 Cicero
1184 2277 1215 2327 de
1234 2279 1348 2331 Finibus

215 2347 260 2410 IV,
279 2349 319 2398 25.
341 2346 366 2411 [g
377 2347 454 2408 69]
457 2344 604 2409 ,Vacemus
624 2361 657 2395 an
678 2346 837 2408 cruciemur,
856 2345 963 2405 dolore,·
981 2344 1070 2408 frigus,
1089 2345 1180 2394 famem
1192 2348 1347 2412 propulsare

216 2430 298 2464 necne
323 2416 489 2478 ιιοιιίιιιιιι.ιι
514 2412 619 2462 Tacitus
636 2411 727 2462 Annal.
746 2411 816 2472 XlV,
841 2415 882 2464 24
917 2381 1022 2475 „dorne
1041 2413 1175 2477 pecudum
1193 2415 1348 2480 propulsare

216 2482 308 2532 famem
327 2481 443 2531 ιιᾱιιιιιιι
470 2481 616 2531 Praeststt
577 2486 688 2531 ttamen
707 2485 746 2529 ret
747 2480 817 2529 inere
836 2450 975 2545 depellere,
993 2479 1061 2545 quod
1078 2480 1239 2545 postAldum
1257 2500 1348 2534 omnes

216 2551 268 2600 fere
285 2548 357 2599 Edit'
339 2555 421 2599 trones
439 2554 539 2598 secutae
557 2555 631 2609 sunt3
607 2552 676 2598 tet
692 2548 730 2597 ita
746 2564 793 2598 nos
811 2549 839 2597 iu
857 2549 1012 2609 Graeviano,
1032 2547 1237 2613 Magdalenensi,
1255 2553 1347 2602 Batte·

215 2618 300 2679 liano,
329 2622 354 2666 et
377 2615 440 2667 coll.
466 2616 601 2666 Trinitatis
626 2616 773 2680 reperimus.
809 2615 897 2666 Cicero
921 2616 951 2666 de
976 2616 1080 2666 Oratore
1098 2618 1151 2679 III,
1175 2619 1215 2670 38
1236 2618 1262 2684 [§
1285 2623 1346 2683 155]

216 2684 270 2749 „Ut
292 2687 372 2734 vertis
396 2684 499 2748 frigoris
523 2684 667 2749 depellendi
692 2700 785 2734 caussa
805 2686 937 2748 repertae
973 2684 1068 2733 Seneca
1085 2685 1169 2750 Epist
1152 2686 1233 2737 ItV.
1253 2686 1280 2751 [ξ
1303 2691 1346 2751 10]

216 2723 271 2817 :im
287 2752 378 2802 famem
395 2755 519 2816 sitimque
536 2752 675 2816 depellas.
702 2750 878 2808 Quintilianus
897 2751 1006 2802 Declam.
1025 2751 1056 2801 V
1076 2755 1106 2815 [o.
1125 2755 1150 2815 6]
1180 2752 1271 2817 9,,ιιίά
1290 2760 1346 2805 tam

215 2820 367 2886 publicum,
386 2834 465 2884 patum
483 2825 513 2868 ut
531 2820 646 2869 alicuius
664 2819 755 2870 famem
773 2824 914 2885 promimus
932 2822 1042 2885 quisque
1060 2791 1206 2885 depellati“
1235 2821 1344 2873 Tacitus

216 2887 310 2937 Annei
328 2886 384 2937 XV
405 2889 444 2938 12
471 2885 525 2950 „Ut
541 2887 622 2937 simul
639 2889 738 2937 nostem
755 2887 896 2951 famemque
914 2887 1077 2952 depelleret.“
1103 2888 1173 2938 Idem
1185 2889 1300 2955 Hist.‚V
1319 2894 1345 2943 4.

217 2956 351 3020 „Effigies
369 2955 507 3015 animalis,
533 2970 584 3020 quo
608 2961 773 3006 monstrante
797 2971 914 3005 errorem
938 2954 1057 3019 sitimque
1082 2955 1262 3021 depulerunt.u
1299 2959 1344 3009 Sic

217 2995 328 3088 denique
346 3025 414 3073 hunc
431 3039 531 3073 versum
549 3024 613 3072 citat
626 3023 781 3073 scholiastes
799 3023 928 3073 Iuvenalis
947 3023 978 3073 ad
997 3023 1049 3072 Sat.
1059 3022 1129 3088 XIV,
1148 3026 1205 3077 273
1224 3025 1346 3092 „Frigus

218 3107 270 3158 quo
290 3093 438 3156 durumque
455 3091 553 3150 famem
571 3091 696 3155 depellere
712 3094 823 3156 ροιιιιιι

286 3161 327 3211 25
365 3158 513 3210 ΜαὶιΙιιιιιιι
542 3161 647 3220 tunicis]
678 3160 718 3208 Ita
745 3159 835 3208 Editio
860 3160 958 3209 Veneta
984 3160 1081 3225 prims.
1109 3160 1151 3209 sed
1178 3160 1259 3210 altera
1284 3177 1345 3212 cum

218 3226 561 3277 LoscherianaMclclrinus.
591 3228 641 3276 Par
659 3242 759 3291 quoque
776 3227 803 3275 in
822 3228 974 3278 membranis
992 3227 1132 3277 diversitas.
1162 3227 1249 3278 Codex
1263 3230 1344 3280 Grae-

218 3296 317 3358 vianus,
335 3294 404 3345 Mau
405 3296 496 3354 binata,
518 3294 658 3356 Leidensis,
671 3295 854 3344 Torrentiauus
870 3300 896 3345 et
909 3295 1176 3346 Bsrthiauusridvers.
1193 3296 1344 3360 XXXVIII,

217 3366 241 3415 6.
261 3361 404 3423 Μαὶιιιιιιις
427 3331 580 3425 Reginensis
605 3379 661 3412 cum
685 3363 802 3427 pluribus
820 3363 887 3425 aliis,
912 3363 1079 3422 Malchinus,
1106 3363 1156 3413 duo
1174 3362 1342 3416 Muleiimus.

218 3430 269 3485 Qui
294 3398 426 3479 Maltinus
449 3431 578 3491 scribunt,
604 3431 696 3481 deduct
686 3436 739 3480 tum
764 3431 852 3480 volunt
876 3447 891 3480 a
914 3436 998 3481 vetere
1020 3429 1143 3480 vocabulo
1167 3430 1267 3496 Malta,
1291 3449 1343 3497 qao

217 3497 305 3547 mollis
323 3497 498 3561 significatur,
523 3502 553 3547 ut
570 3498 687 3548 Lucilius
705 3498 812 3548 XXVII.
850 3499 891 3562 [fr.
870 3502 940 3551 ι25
959 3501 1080 3563 Donsa],
1082 3499 1218 3560 ,Insanum
1235 3507 1343 3566 vocant,

217 3581 294 3631 quern
312 3565 415 3615 maltam
434 3565 611 3645 sesaminum
631 3566 818 3616 ιιιίιύιίιιιιιιι
853 3568 923 3631 Ergo
948 3567 970 3616 si
988 3565 1073 3618 Malla
1098 3568 1166 3616 iuter
1189 3570 1343 3633 cognomine

217 3637 272 3684 erat
291 3634 368 3697 (quod
386 3649 437 3683 non
455 3634 558 3683 memini
577 3650 616 3684 me
633 3634 735 3698 legisse)
754 3635 803 3684 erit
818 3651 832 3684 a
853 3633 938 3685 Malta
952 3634 1090 3697 Maltinus,
1115 3638 1145 3684 ut
1162 3634 1193 3685 ab
1204 3637 1341 3716 Agrippa

216 3702 395 3767 Agrippiana.
415 3702 513 3757 Quibus
526 3705 609 3752 autern
625 3697 774 3752 Melitonus
790 3704 872 3767 magis
889 3703 1025 3766 arridet,
1018 3703 1038 3752 ri
1057 3718 1072 3752 s
1088 3700 1231 3769 μαλθακὸς
1254 3704 1342 3755 mollis

216 3786 308 3821 nomen
333 3770 468 3820 formatum
494 3775 600 3836 putant:
629 3786 714 3820 verum
737 3772 799 3821 haec
829 3773 938 3821 sentent
930 3786 956 3819 ra
985 3771 1029 3819 vix
1051 3770 1130 3820 ullam
1154 3771 1208 3821 veri
1232 3774 1342 3837 speciem

216 3839 303 3890 babet.
337 3838 404 3887 Mihi
428 3838 530 3902 quidem
553 3834 633 3889 tutius
657 3838 699 3888 hio
725 3839 837 3900 videtur,
862 3840 890 3888 iu
915 3855 942 3888 re
967 3839 1028 3888 adeo
1052 3838 1151 3888 incerta
1173 3840 1342 3903 plurimorum

217 3907 334 3956 codicum
352 3907 468 3971 vestigiis
486 3907 618 3967 insistere,
642 3911 671 3955 ut
689 3905 840 3957 Mslclrinus
865 3922 1004 3970 cognomen
1029 3907 1063 3955 sit
1081 3923 1095 3956 a
1114 3905 1220 3958 Malcho
1245 3909 1342 3958 deriva-

217 3980 277 4024 tum.
305 3975 428 4024 Gruterus
446 3976 547 4035 3157.
583 3974 610 4023 T.
629 3974 707 4025 AEL.
725 3974 849 4024 MnLco.
867 3974 1015 4025 LICTORI.
1034 3976 1075 4034 93,
1093 3977 1116 4025 5.
1153 3976 1224 4025 SUB.
1244 3976 1340 4028 CURA.

216 4042 252 4090 M.
265 4042 368 4091 ULPII.
386 4041 529 4091 Molioni.
549 4042 614 4092 unde
633 4047 659 4092 ιι
675 4044 733 4105 627,
754 4046 792 4094 13.
819 4045 848 4093 P.
862 4043 993 4092 ΜΕΤΤΙΟ
1014 4042 1219 4095 MALGHIONI.
1243 4047 1301 4106 sie,
1318 4047 1341 4096 2.

218 4109 247 4160 T.
272 4109 449 4159 STATILIUS
474 4109 637 4161 MALGHIO.
670 4112 690 4157 A
716 4110 821 4161 Maleto
848 4115 932 4160 autem
956 4109 1124 4171 Matutinus,
1153 4117 1181 4160 ut
1207 4128 1223 4162 a
1247 4113 1345 4163 Paullo

219 4176 369 4239 Paullinus,
387 4192 403 4227 o
422 4176 492 4238 Rufo
510 4175 632 4241 Rufinus,
651 4193 668 4226 a
685 4177 769 4228 Balbo
787 4178 925 4243 Balbinus,
943 4183 969 4229 et
987 4179 1038 4229 slis.
1055 4177 1164 4231 infinita.
