2810 4764
25 600 27 707 t

25 720 27 771 1

25 788 27 831 l

25 850 27 889 e

390 257 570 306 caumont
589 257 656 304 ms.
676 257 726 303 111.
748 250 789 305 27.
810 253 848 306 28.

142 395 231 462 Uxor
252 390 361 459 invicti
382 389 468 458 Iovis
489 411 561 458 esse
582 392 710 459 nesciet

141 479 232 544 Mitte
255 477 430 561 singultum
453 477 535 543 bene
556 477 641 545 ferre
660 498 812 561 magnam

104 577 131 627 rs
144 563 242 630 Disce
264 564 439 629 fortunam:
463 569 519 628 tua
541 569 647 630 scotus
670 565 756 630 orbis

264 650 402 717 Nomina
424 648 528 715 ducet.

542 867 691 935 XXVIII.

453 984 527 1052 AD
563 987 777 1054 LYDEN,

142 1122 239 1191 Festo
261 1118 342 1205 quid
362 1119 471 1207 potius
492 1119 545 1189 die

219 1205 363 1292 Neptuni
385 1204 506 1273 iacias?
550 1226 638 1272 rome
660 1207 867 1288 reconditum,

141 1292 243 1380 Lyde,
266 1296 397 1357 strenua
418 1227 618 1370 Caecubum

223 1375 430 1459 Munitaeque
451 1375 569 1442 adhibe
591 1376 656 1443 vim
679 1376 867 1464 sapientiae.

115 1461 300 1530 slnelinare
321 1460 486 1527 meridiem

224 1543 348 1624 Sentis3
371 1566 409 1612 ac
429 1545 528 1612 veluti
551 1553 614 1613 stet
635 1546 774 1615 volucris
796 1546 876 1627 dies,

142 1633 252 1699 Parcis
275 1631 421 1718 deripere
442 1630 556 1697 horreo

201 1717 413 1789 uersantem
435 1715 542 1782 Bibuli
565 1718 705 1784 consulis
726 1718 923 1805 amphoram.

141 1803 209 1869 Nos
232 1802 434 1883 cantabImus
454 1801 591 1867 iancem

102 1901 131 1951 10
224 1886 420 1973 Neptunum,
443 1894 476 1952 ct
495 1886 607 1955 virIdis
628 1885 805 1955 Nereidum
827 1906 952 1964 comas:

142 1975 192 2038 Tu
214 1992 313 2038 curra
333 1972 457 2045 recines
478 1972 550 2056 lyra

222 2059 389 2138 Latonam,
412 2063 445 2124 et
466 2056 579 2123 celeris
602 2055 726 2155 spicula
748 2055 920 2144 Cynthiae:

142 2143 275 2209 Summo
297 2143 445 2219 carmine,
469 2163 553 2226 quae
576 2141 700 2209 Cnidon
804 2211 806 2216 ,

221 2227 454 2312 Fulgentieque
477 2234 564 2294 tenet
586 2226 755 2314 Cycladas,
778 2232 810 2293 et
830 2224 977 2312 Paphum

369 2379 390 2412 v.
406 2365 431 2415 2.
448 2362 525 2428 anp.
539 2362 657 2415 Faciam.
689 2365 729 2415 14.
747 2363 867 2429 Paphon.

56 2500 195 2550 'monstri.“
230 2498 313 2557 Quid,
338 2497 438 2564 inquit,
463 2499 531 2559 irata
546 2503 635 2565 optas,
657 2502 688 2549 ut
711 2497 788 2550 dedat
810 2497 859 2548 tibi
883 2497 977 2562 aliquis
994 2501 1095 2548 taurum
1111 2496 1178 2549 t'crro

63 2563 217 2617 bernadum
241 2572 267 2618 et
290 2566 410 2618 cornibus
427 2568 615 2619 truncandum?
652 2566 720 2623 Quin
743 2565 798 2617 noli
815 2565 878 2616 adeo
894 2564 1087 2628 excandescere,
1111 2566 1180 2630 quod

63 2633 167 2685 inultum
190 2635 238 2685 hoc
263 2632 404 2685 abstulerit.
439 2637 507 2687 Ecce
531 2635 579 2687 tibi
604 2636 721 2686 inlaesus
745 2639 771 2685 et
788 2640 878 2700 sponte
902 2650 947 2684 sua
965 2650 991 2684 sc
1009 2633 1106 2695 tradet,
1131 2649 1179 2699 pro

62 2699 133 2752 libitu
151 2702 311 2753 tractandum
328 2708 354 2754 et
370 2704 535 2769 puniendum.
569 2703 647 2755 Vetus
665 2706 733 2755 enim
750 2709 776 2753 et
794 2703 947 2753 exercitatus
964 2706 1003 2753 cst
1020 2705 1130 2767 ametor,
1154 2707 1180 2752 et

63 2771 192 2821 saevientis
210 2772 328 2822 domiuec
346 2770 449 2822 uerbera
460 2773 542 2823 laetus
554 2772 694 2837 lubensque
709 2772 834 2837 patietur3
852 2787 955 2836 prorsus
969 2770 1000 2821 ad
1014 2775 1179 2843 praeceptum

62 2842 84 2888 et
98 2843 185 2890 votum
202 2840 381 2905 magistrorum
398 2841 505 2903 Amoris,
524 2839 648 2910 [Propert.
658 2841 700 2891 111
708 2839 772 2906 (IV),
788 2842 857 2905 618),
866 2843 892 2903 5]
916 2837 978 2904 „ta
995 2854 1057 2891 uero
1075 2844 1180 2892 noctrce

63 2907 151 2959 aucae
166 2908 266 2958 incude
283 2908 410 2974 capillos,
427 2907 465 2958 Et
480 2925 538 2959 mea
555 2908 681 2970 formeris
698 2910 834 2974 uepribus
851 2923 901 2958 cro
918 2909 1009 2960 nota.“
1043 2909 1080 2957 Et
1097 2907 1179 2970 [Ovid.

60 2976 111 3028 Art.
127 2976 183 3028 Am.
200 2977 237 3038 11,
255 2976 325 3039 4511,
359 2975 426 3040 „illc
443 2991 492 3041 ego
512 2979 576 3040 rim,
595 2979 671 3027 cuius
689 2975 773 3026 laniet
788 2976 894 3037 furiosa
912 2975 1039 3042 capillos.-
1064 2975 1113 3026 mc
1130 2990 1179 3039 ego

60 3044 114 3106 sim,
134 3049 238 3094 teneras
256 3046 302 3094 eui
316 3049 392 3110 petat
408 3060 499 3109 ungue
514 3047 625 3109 gerres.“
659 3044 746 3107 Hace,
763 3043 816 3093 nisi
832 3043 914 3105 t'sllcr,
932 3059 984 3092 non
1001 3043 1109 3108 illepide
1124 3043 1179 3092 Iro·

60 3110 101 3161 nia
118 3115 164 3175 cst,
181 3127 228 3162 uec
245 3111 376 3163 Venusino
393 3118 481 3162 nostro
497 3111 612 3176 indigne.
646 3112 767 3163 laturam
784 3116 869 3163 anton
885 3111 936 3161 leri
953 3109 993 3162 vel
1010 3110 1082 3161 nulla
1097 3114 1179 3160 muta-

60 3178 125 3230 tione
143 3181 255 3245 reposui,
273 3197 320 3245 pro
339 3183 453 3241 inuicem
479 3180 549 3246 quod
566 3179 655 3230 durius
673 3178 839 3247 acerbiusque
855 3177 1006 3230 vocabulum
1028 3183 1080 3241 est,
1104 3193 1179 3243 quem

59 3250 86 3296 ut
102 3252 147 3297 eut
163 3252 239 3299 tauro
256 3249 334 3301 modo
352 3248 465 3300 multum
484 3254 582 3312 amoto,
600 3253 645 3299 aut
661 3246 755 3298 Veneri
772 3249 870 3299 iocanti
886 3246 1028 3299 conveniet.
1060 3246 1180 3297 Inimeue

59 3315 199 3367 nereidem
216 3316 284 3382 quod
300 3322 395 3383 rpentc
413 3323 438 3367 ct
454 3317 541 3369 ultro:
559 3320 588 3366 ut
605 3316 699 3366 Noster
715 3317 797 3381 Epod.
816 3316 885 3378 XVI,
903 3317 944 3368 49.
968 3314 1047 3380 „illic
1064 3314 1175 3364 iniussae

60 3386 162 3437 venient
179 3386 216 3435 cd
232 3386 348 3436 mulctra
365 3384 504 3450 cupellac.“
538 3384 630 3449 Virgil.
650 3386 741 3451 Georp.
759 3387 781 3449 1,
791 3387 832 3437 55.
867 3384 1001 3448 ,Arborei
1017 3385 1087 3444 fctus
1104 3382 1177 3447 alibi,

60 3455 136 3518 atquc
152 3453 252 3504 iniussa
269 3455 404 3503 virescunt
420 3452 566 3502 Gramina.“

124 3522 147 3573 2.
165 3519 244 3572 Festo
268 3520 334 3584 quid
347 3521 440 3585 potine
463 3520 506 3570 dic
523 3518 646 3587 Neptuni
661 3520 772 3582 faciam]
806 3521 921 3585 Apparet
936 3518 1003 3569 hene
1021 3518 1110 3586 Lyden
1127 3534 1180 3569 non

60 3588 190 3650 ancillam,
213 3586 256 3637 sed
274 3586 381 3639 amicam
404 3587 483 3638 fuisse
500 3588 600 3650 Flacci3
625 3593 701 3654 etque
724 3588 786 3638 adso
810 3589 838 3637 in
855 3587 941 3655 Lydae
965 3587 1053 3649 domo,
1078 3603 1129 3637 non
1145 3588 1179 3637 ¹iu

58 3653 151 3718 Flacci,
169 3654 371 3706 comissationem
388 3655 454 3706 benc
472 3655 585 3707 habitem
604 3673 664 3707 esse.
700 3656 783 3713 Quare
802 3656 905 3706 omnino
922 3657 1039 3723 ineptum
1050 3660 1095 3717 est,
1114 3655 1180 3720 quod

60 3737 141 3774 omnes
165 3725 208 3773 hic
232 3723 357 3774 editiones
380 3723 515 3789 exhibent,
549 3724 621 3788 Quid
642 3725 788 3787 faciam:
815 3726 888 3789 qnasi
912 3725 968 3790 ipsc
990 3740 1021 3774 ex
1044 3738 1089 3772 suo
1112 3737 1179 3786 penu

61 3787 206 3845 saccutum
221 3790 360 3856 praeberet.
385 3792 423 3842 Tu
437 3808 504 3854 vero,
521 3793 562 3843 vel
579 3799 680 3843 centum
698 3793 829 3844 codicibus
846 3792 944 3855 inritis,
962 3808 1013 3842 non
1031 3795 1180 3841 cunctanter

58 3858 357 3978 :tttrdtttttt
371 3859 524 3993 plilieffii
540 3859 776 3981 bilbili?
792 3876 886 3980 tt't
897 3856 1178 3990 &iidiffii'tlissl’

59 4007 132 4045 cuum
149 3995 267 4049 mendum
285 3996 394 4063 effugere
411 3997 534 4062 potuisse.
761 3945 792 3996 lp

130 4065 169 4116 14.
189 4062 321 4131 cycladas
340 4069 365 4114 ct
381 4065 501 4130 Paphon]
538 4064 643 4117 Codices
667 4066 748 4117 nostri
770 4064 919 4126 Leidensis,
943 4062 1082 4115 Zalichem.
1106 4059 1182 4125 Regi·

60 4131 154 4195 nensis,
171 4132 308 4196 Petrcnsis,
326 4131 438 4200 Msgdsl.
459 4138 485 4185 ct
501 4133 548 4185 alii
566 4150 624 4186 cum
640 4134 787 4186 melioribus
800 4133 937 4196 Torrentii,
955 4131 1083 4197 Paphum.
1108 4127 1182 4185 Quod

58 4197 151 4266 placet,
168 4206 197 4251 ut
214 4200 325 4278 evitetur
343 4195 548 4270 ὁμοιοτέλευτον
564 4203 592 4253 in
609 4203 660 4254 line
676 4217 801 4264 versuum,
821 4200 932 4265 Gnidon,
950 4200 1069 4268 Paphon.
