2810 4764
231 263 291 325 192
633 272 664 332 q.
687 271 972 321 nonnumsuuccr

311 409 513 490 Quamquam
535 424 594 471 nec
617 404 772 471 Calabrae
794 407 890 471 mella
911 405 1017 472 ierunt
1038 427 1127 494 apes,

311 496 379 560 Neo
399 490 633 576 Laestrygonia
653 489 798 557 Bacchus
820 490 853 555 iu
875 511 928 556 am
950 491 1030 558 hora

269 592 299 644 ³5
313 574 509 660 languescit
528 574 616 653 mibi,
638 593 696 640 nec
716 574 851 660 pinguia
871 513 1002 644 Gallicis

396 662 551 729 Crescunt
572 659 693 725 vellera
712 660 858 746 pascuis;

309 750 486 833 Inportuna
507 752 613 812 tamen
634 746 807 831 pauperies
828 746 935 812 abest:

310 836 387 911 Nec,
411 830 438 898 si
458 831 553 916 plura
573 829 679 910 velim,
701 837 736 895 tu
759 831 835 897 dare
857 830 1008 913 deneges.

312 917 481 983 Contracto
502 916 616 982 melius
638 934 739 1001 parva
760 915 908 1001 cupidine

266 1016 298 1085 qo
395 1000 574 1083 Vectigalia
595 1000 766 1086 porrigam,

311 1087 415 1166 Quam
437 1086 465 1152 si
485 1084 667 1171 Mygdoniis
689 1104 822 1167 regnum
843 1082 986 1168 Alyattei

311 1171 441 1258 Campis
462 1168 651 1237 continuem.
694 1169 795 1235 multa
814 1169 996 1254 petentibus

309 1258 436 1323 Desunt
457 1257 566 1321 multa.
609 1257 691 1321 bene
712 1262 771 1334 est,
794 1254 843 1319 cui
866 1254 955 1319 Deus
977 1254 1091 1320 obtulit

395 1343 497 1408 Parca
519 1340 604 1423 quod
626 1341 706 1407 satis
727 1347 777 1406 est
798 1359 903 1404 manu.

613 1458 637 1491 v.
654 1443 696 1494 41.
714 1440 791 1506 Vulg.
808 1440 948 1507 Alyattiei.

226 1561 370 1626 Imperium
393 1561 563 1626 praetorium,
589 1559 736 1622 consulare,
762 1575 809 1626 pro
832 1561 994 1624 magistratu
1024 1536 1118 1624 passim
1140 1559 1252 1609 occurrit
1276 1559 1345 1625 apud

224 1628 382 1679 Historicosz
398 1629 489 1692 utique
505 1627 574 1693 apud
589 1629 687 1680 Po’etas.
723 1627 811 1694 Neque
827 1630 996 1693 perceperunt
1012 1627 1128 1691 omnino,
1140 1626 1201 1691 quid
1216 1625 1253 1676 ibi
1272 1632 1345 1679 notet

224 1701 309 1747 sorte:
327 1696 419 1747 alludit
436 1696 504 1746 enim
522 1697 554 1746 sd
571 1712 664 1746 morem
682 1696 830 1757 Romanurn,
848 1711 899 1759 quo
916 1695 1066 1745 Provinciae
1083 1700 1154 1745 sorte
1171 1693 1342 1746 ducebantur:

226 1764 313 1814 Cicero
331 1765 363 1814 ud
381 1763 504 1820 Quintum
513 1765 689 1825 FratremLi.
700 1763 727 1828 [ξ
737 1765 763 1826 9]
789 1762 887 1827 „Quod
902 1766 927 1812 si
945 1769 969 1813 te
986 1778 1039 1813 sors
1056 1762 1133 1823 Afris,
1151 1762 1343 1828 uutHupania,

226 1837 274 1882 aut
293 1830 376 1883 Gallis
390 1833 588 1898 praeteruect.“
621 1834 671 1882 Pro
688 1831 801 1895 Ligario,
821 1833 845 1883 8.
863 1831 942 1896 [§23]
978 1829 1028 1894 „Si
1042 1830 1209 1896 responderit
1229 1828 1344 1895 Tubero,

224 1900 337 1950 Africam
355 1915 406 1965 quo
424 1899 538 1951 Senatus
555 1914 614 1950 eura
631 1915 734 1963 sorsque
751 1902 873 1962 acuunt,
894 1899 944 1948 tibi
956 1904 1064 1963 putrem
1080 1914 1158 1949 suum
1176 1897 1344 1950 auditurum

225 1966 334 2029 suueef‘
368 1968 505 2018 Suetonius
521 1967 625 2033 Vespas.
643 1967 687 2017 IV.
723 1967 814 2032 ‚Auia
831 1966 936 2018 sortitus
953 1966 1077 2030 Aditum,
1095 1969 1277 2031 integerrime,
1295 1983 1344 2018 nec

225 2038 282 2086 sine
304 2050 405 2101 magna
429 2036 585 2100 dignatione
607 2034 832 2087 administravit.“
866 2034 969 2084 Tacitus
992 2034 1127 2099 Agricola,
1144 2035 1186 2085 42.
1221 2035 1345 2097 ,Aderat

225 2107 280 2154 iam
304 2119 404 2168 annua,
432 2120 483 2168 qao
508 2103 726 2154 hoccnmlatum
748 2103 830 2154 Asiae
851 2108 878 2152 et
900 2101 999 2152 Africae
1022 2103 1112 2152 sortire
1155 2104 1180 2151 .“
1218 2102 1259 2152 Ita
1285 2118 1345 2153 sorr

225 2173 321 2235 Asiae,
350 2188 409 2222 aare
431 2171 617 2234 Macedoniae,
646 2186 704 2221 aare
726 2172 929 2221 Provinciamm
951 2170 1047 2235 passim
1068 2174 1210 2220 occurrunt.
1247 2170 1345 2226 Quam·

226 2238 319 2302 obrem,
336 2240 377 2290 his
394 2245 461 2290 recte
478 2239 633 2301 constitutis,
651 2255 681 2289 ea
698 2238 796 2289 demum
813 2238 896 2302 surgit
907 2237 1041 2301 sententia,
1059 2238 1133 2302 Ager
1144 2253 1216 2288 merra
1225 2236 1345 2290 Sabinus

222 2323 374 2373 patararum
404 2309 527 2372 iugerum
556 2306 631 2368 fallit
653 2306 840 2358 Pracomulem
862 2305 973 2366 Africae
997 2311 1069 2356 rorte
1095 2308 1203 2357 beatior.
1239 2305 1345 2362 Quanto

225 2375 330 2426 meliora
347 2376 493 2437 sunt-haec,
512 2391 587 2440 qnam
605 2391 668 2441 quae
685 2375 841 2441 Interpretes
858 2374 886 2423 in
904 2373 1014 2424 tenebris
1032 2374 1170 2438 caligantes
1188 2374 1230 2423 hic
1249 2378 1344 2426 temere

226 2443 381 2493 effuderuntl
415 2443 504 2507 Neque
527 2449 610 2494 tamen
634 2459 664 2495 es
686 2442 717 2493 de
740 2458 829 2494 caussa
853 2441 1002 2492 crediderim
1025 2441 1065 2491 vel
1088 2441 1118 2491 ab
1135 2441 1239 2499 Horatii
1263 2459 1345 2494 manu

225 2512 286 2563 haec
304 2527 371 2572 esse,
393 2511 432 2560 vel
451 2511 529 2576 digna
546 2527 609 2576 quae
626 2512 672 2562 sub
692 2510 746 2561 eius
763 2511 865 2562 nomine
882 2510 1003 2560 terantur.
1038 2509 1103 2560 Vide
1121 2511 1201 2570 euim,
1227 2511 1291 2574 quid
1316 2512 1344 2562 in

225 2580 272 2628 hac
288 2579 413 2629 sententia
430 2578 485 2628 iure
503 2580 641 2644 culpemus.
676 2580 750 2644 Ager,
768 2579 866 2643 inquit,
883 2593 968 2640 meua,
986 2580 1055 2627 cerie
1072 2578 1133 2627 fides
1149 2579 1242 2643 segetis
1259 2594 1344 2643 aneae,

224 2647 357 2711 ignoratur
374 2647 405 2696 ab
423 2646 523 2696 Africae
540 2646 690 2712 proconsule
707 2663 759 2697 esse
777 2650 843 2697 sorte
860 2645 972 2696 beatior:
996 2646 1078 2696 nescit
1101 2644 1146 2695 ille
1168 2661 1207 2696 me
1230 2645 1258 2695 in
1276 2647 1344 2698 valle

225 2713 321 2763 Sabina
344 2714 433 2778 degere
456 2730 482 2763 se
499 2713 643 2764 beatiorem.
679 2714 737 2764 Non
755 2715 853 2779 places,
875 2713 974 2765 Flacca.
1007 2712 1081 2764 Unde
1103 2712 1171 2763 enim
1195 2719 1238 2763 tua
1262 2731 1343 2781 seges,

225 2785 269 2831 aut
286 2784 372 2831 curtus
389 2781 434 2831 ille
451 2781 547 2845 agellus
564 2781 713 2831 Proconsuli
730 2783 830 2833 Africae
847 2787 923 2832 notus
940 2782 987 2844 sit,
1010 2782 1103 2831 nedum
1119 2781 1206 2846 regulo
1223 2782 1286 2832 Afro
1306 2787 1344 2845 (ut

227 2848 313 2898 volunt
335 2849 495 2914 interpretes)
519 2850 587 2899 ultra
609 2850 774 2899 Garamantas
798 2850 957 2900 senescenti?
991 2849 1103 2911 Deinde,
1128 2849 1190 2913 quid
1211 2850 1262 2900 sibi
1287 2851 1345 2902 vult

226 2917 344 2967 headan?
362 2917 407 2967 ubi
424 2933 514 2967 nomon
533 2922 578 2980 est,
597 2932 654 2967 cum
672 2934 721 2982 quo
734 2919 890 2983 comparatio
903 2918 1070 2968 instituatur?
1089 2932 1123 2966 au
1137 2920 1239 2968 beatior
1251 2920 1343 2970 sorte?

150 3036 153 3042 ,
225 2984 292 3034 nihil
314 2985 381 3035 enim
404 2984 475 3035 aliud
498 2990 543 3035 est.
579 2985 651 3035 Sorte
674 2985 772 3035 scilicet
789 2987 914 3050 Africae,
938 2990 983 3035 aut
1000 2985 1146 3035 conditione
1163 2987 1343 3038 horamatis.

224 3051 304 3117 Atqui
321 3069 350 3103 ea
367 3053 523 3103 extrinsecus
540 3050 672 3104 subaudiri
689 3060 830 3119 nequeunt,
857 3053 900 3104 sed
923 3069 970 3119 pro
987 3053 1103 3119 Linguae
1121 3053 1230 3103 Latinae
1255 3053 1343 3105 indole

225 3121 326 3172 disertis
344 3121 426 3172 verbis
444 3120 606 3186 exprimenda
623 3127 703 3174 erant.
739 3122 807 3178 Quid
823 3121 921 3171 multa?
943 3121 1015 3183 vide,
1040 3137 1124 3171 annon
1141 3137 1192 3170 una
1208 3121 1285 3172 litera
1303 3122 1344 3173 vel

226 3205 276 3239 uno
293 3190 379 3255 potius
396 3189 469 3254 spica
486 3193 594 3251 semoto,
618 3191 654 3240 sic
672 3190 762 3240 melius
779 3190 890 3255 legatur:
925 3190 1031 3252 „Parae
1047 3192 1121 3239 rivus
1140 3204 1237 3254 aquae,
1261 3190 1344 3241 silua·

226 3272 277 3322 que
299 3260 422 3324 iugerum
445 3257 608 3321 Paucorum,
634 3262 660 3307 et
680 3262 776 3323 segetis
800 3263 872 3308 certa
895 3256 961 3317 fides
983 3273 1057 3308 meae
1078 3257 1203 3322 Fulgeute
1227 3259 1342 3323 imperio

224 3322 324 3385 fertilis
341 3326 452 3387 Africae
468 3323 553 3375 Fallit
567 3330 639 3375 rorte
657 3326 783 3376 beauorf‘
818 3325 955 3390 perspicua
972 3325 1112 3386 sententid3
1135 3324 1226 3386 Fallit,
1245 3325 1342 3391 inquit,

225 3397 296 3442 sorte
313 3392 480 3458 (sive-plene,
499 3391 527 3442 in
545 3408 590 3443 sua
607 3397 682 3453 sorte)
701 3394 803 3444 beator
817 3394 1012 3459 proconsulatu
1027 3393 1153 3453 Africae:
1179 3409 1267 3443 revera
1284 3394 1342 3445 feli·

225 3459 280 3509 cior
296 3460 410 3509 conditio
427 3464 473 3523 est,
491 3461 604 3524 quamvis
621 3460 649 3511 id
667 3475 681 3510 a
697 3461 825 3527 plerisque
842 3462 982 3526 ignoretur.
998 3460 1084 3511 Fallit
1093 3459 1207 3511 absolute
1218 3461 1341 3526 positum,

225 3530 254 3576 ut
276 3524 371 3577 λαθεῖν
393 3526 480 3578 eodem
500 3544 576 3579 sensu
598 3529 694 3594 passim
716 3529 784 3594 apud
801 3530 922 3579 Graecos:
947 3529 983 3579 sic
1007 3529 1062 3595 ipse
1079 3529 1163 3593 Epist
1181 3529 1202 3590 1,
1223 3530 1262 3592 18,
1283 3533 1340 3584 103.

225 3595 285 3657 „Aa
307 3599 436 3645 caueatur
453 3599 520 3658 iter,
547 3602 574 3647 et
589 3596 701 3647 fallentis
723 3599 816 3648 semita
840 3598 935 3648 uitae.⁴‘
968 3596 1100 3662 Fulgente
1116 3600 1200 3647 autem
1217 3599 1342 3664 imperia,

224 3667 255 3712 ut
271 3661 351 3712 Silius
365 3662 473 3713 Italicus
489 3664 563 3715 XIII.
583 3667 615 3726 [v.
634 3666 693 3727 285]
729 3664 800 3729 „Sed
816 3670 916 3715 emtum
938 3670 1041 3716 servate
1063 3664 1158 3727 lidan:
1180 3663 1341 3729 fulgentibus

225 3735 296 3781 ostro
318 3730 390 3780 Haec
412 3734 502 3796 patiar
525 3733 636 3796 regnis.“
676 3733 770 3783 Seneca
793 3732 883 3783 Troad.
908 3734 965 3784 275.
1005 3732 1082 3798 „ligo
1113 3748 1167 3782 eece
1196 3735 1258 3798 quio
1276 3750 1341 3785 uum

224 3802 337 3865 sceptra,
361 3801 415 3848 nisi
431 3814 498 3849 uano
515 3805 604 3864 putem
620 3800 730 3865 Fulgore
748 3807 842 3851 tectum
860 3815 968 3863 namen,
992 3806 1019 3851 ct
1033 3799 1103 3862 falsa
1122 3814 1223 3850 curnam
1268 3802 1340 3853 incia

226 3867 393 3917 dormieram
426 3870 478 3929 Aut
500 3882 554 3931 ego¹
570 3866 641 3917 valde
663 3868 752 3932 fallor,
776 3873 820 3919 aut
843 3869 904 3918 haec
930 3868 1071 3920 emendatio
1095 3884 1146 3918 uon
1164 3867 1232 3918 fallit
1249 3869 1341 3921 melior

226 3950 278 3984 esse
297 3938 321 3984 et
339 3933 478 3998 elegantior
494 3939 595 4000 recepta
612 3934 727 3985 lectione.

292 4004 334 4053 41.
352 3999 472 4067 Regnum
490 4002 629 4067 Alyatticz]
647 4003 779 4070 Alyattici
794 4003 889 4053 habeut
904 4002 1001 4054 Veneta
1018 4008 1044 4054 st
1060 4004 1244 4065 Lasoheriana,
1272 4006 1340 4057 unde

225 4085 310 4120 omnes
328 4071 440 4120 omnium
457 4069 582 4119 editiones
600 4069 690 4123 tenuit.
726 4070 799 4126 Quod
816 4072 839 4121 si
856 4072 1009 4136 interroges,
1029 4072 1085 4137 quis
1103 4073 1137 4123 sit
1154 4072 1202 4122 iste
1220 4072 1341 4139 Alyattr'·

226 4151 284 4196 cue3
303 4136 421 4187 Croesum
438 4153 491 4188 esse
508 4137 674 4205 respondent,
698 4153 712 4188 a
729 4145 800 4203 patre
817 4140 918 4205 Alyatte
941 4141 978 4190 sic
1001 4139 1098 4191 dictum
1114 4142 1339 4219 πατρωνυμικῶς.

225 4203 292 4255 Mira
309 4221 380 4267 vero,
407 4220 470 4270 quse
497 4205 537 4255 his
554 4206 698 4257 hominibus
724 4207 847 4272 placeant.
883 4210 917 4258 At
934 4224 985 4258 non
1009 4208 1071 4259 adeo
1089 4208 1178 4260 obesae
1195 4224 1265 4259 naris
1284 4214 1340 4260 erat
