2834 4758
220 243 282 306 278
615 256 647 315 o.
668 256 810 304 noanrn
830 257 955 307 mecm

309 392 352 456 At
374 411 445 455 cum
468 390 608 465 tonantis
630 409 734 456 annus
756 390 909 459 bibemus
930 393 1016 460 Iovis

265 488 297 539 eo
351 475 468 542 Imbris
490 474 645 558 nivesque
667 482 830 560 conparat,

307 563 373 627 Ant
395 559 495 625 trudit
516 559 600 626 acris
622 559 696 625 hinc
718 568 750 625 et
770 561 844 626 hiric
864 562 967 629 multa
987 583 1065 631 cane

348 649 455 731 Apros
477 645 510 709 in
533 644 690 711 obstantis
712 645 846 730 plagam

306 732 372 797 Aut
394 729 491 796 amite
513 729 585 795 levi
598 749 672 795 rara
693 730 796 796 tendit
816 730 907 810 retia,

348 815 466 881 Turdis
488 815 641 881 edacibus
663 814 754 880 dolos
760 838 769 895 ;

263 914 294 965 35
307 900 504 968 Pavidnmve
526 900 677 986 leporem,
701 906 733 965 et
753 899 911 967 advenam
933 901 1050 985 laqueo
1071 921 1194 986 gruem,

347 985 491 1051 Iocunda
511 1004 550 1050 ca
574 991 621 1050 tat
641 984 794 1071 praemia.

307 1071 387 1150 Quis
409 1090 472 1135 non
494 1007 662 1147 malarum,
685 1089 767 1152 quas
788 1090 879 1135 amor
899 1090 994 1138 curas
1017 1071 1123 1158 babet,

348 1157 437 1222 Haec
457 1155 542 1220 inter
563 1153 783 1220 obliviscitur?

288 1170 399 1326 τδιιοᾱ
421 1239 449 1305 si
470 1239 590 1325 pudica
610 1239 725 1305 mulier
745 1239 778 1303 in
800 1245 926 1325 partem
946 1241 1034 1309 iuvet

265 1339 297 1388 40
353 1327 492 1390 Domum
514 1330 612 1407 atque
634 1324 737 1390 dirlcis
758 1324 887 1403 liberos,

307 1409 430 1477 Sabina
452 1408 557 1490 qualis
579 1416 637 1475 aut
657 1416 791 1495 perusta
812 1410 934 1477 solibus

347 1493 490 1560 Pernicis
513 1513 593 1559 uxor
614 1493 754 1579 Appuli;

305 1579 439 1644 Sacrum
459 1578 594 1645 vetustis
617 1585 762 1644 exstruat
781 1577 878 1661 lignis
900 1577 1017 1659 focum,

346 1662 441 1729 Lassi
464 1665 524 1729 sub
546 1663 719 1729 adventum
741 1662 816 1742 viri3

262 1760 294 1811 45
309 1746 535 1832 Olaudensque
557 1749 653 1814 textis
676 1748 817 1814 cratibus
838 1748 959 1814 laetum
980 1765 1089 1834 pecus·

346 1833 496 1899 Distento
517 1833 616 1899 siccet
638 1834 753 1913 ubera3

302 1919 344 1983 ut
365 1918 466 1984 boma
488 1917 574 1982 dulci
595 1918 670 1983 vina
691 1938 841 2004 promens
863 1916 958 1992 dolio,

345 2004 456 2089 Dapes
476 2004 613 2070 inemtas
635 2002 786 2089 adparet;

303 2088 376 2152 non
397 2107 448 2153 me
470 2088 609 2154 Lucana
629 2087 767 2154 iuverint
789 2067 1008 2185 concana]r

261 2185 292 2236 50
347 2172 494 2255 Magisve
516 2173 669 2240 rhombus
692 2172 863 2250 autmari,

304 2256 340 2323 Si
362 2277 444 2340 quos
465 2259 542 2325 Eois
565 2258 710 2323 intonata
730 2257 880 2324 fluctibus

344 2342 457 2408 Hiems
479 2343 603 2409 adhoc
624 2348 729 2409 vertat
749 2362 848 2409 mare.

302 2428 375 2493 Non
397 2427 477 2493 Atra
498 2427 568 2496 avis
591 2427 766 2493 descendat
785 2427 818 2492 in
840 2432 984 2494 ventrem
1005 2443 1123 2505 meum,

345 2513 418 2579 Non
440 2519 573 2595 attagen
594 2512 722 2580 Ionicus

260 2609 290 2658 55
304 2595 483 2673 Iocundior‚
505 2617 603 2680 quam
624 2599 707 2663 lecta
729 2596 769 2663 de
791 2593 1012 2683 pinguissimis

347 2681 442 2747 Oliva
463 2682 561 2747 ramis
584 2684 744 2759 arborum,

303 2764 369 2828 Ant
390 2764 490 2829 herba
511 2765 634 2852 lapathi
656 2772 749 2852 prata
771 2764 920 2845 amanus,
943 2769 976 2831 et
996 2762 1090 2848 graui

345 2849 471 2916 Malvae
494 2851 640 2916 salubres
663 2850 796 2936 corpori,

304 2933 365 2999 Vel
387 2954 473 3016 agna
495 2936 586 3002 lestis
609 2956 705 3003 caesa
726 2934 974 3014 Terminalibus,

259 3028 291 3082 sc
347 3020 406 3085 Vel
427 3019 551 3087 hoedus
574 3028 705 3107 ereptus
726 3021 813 3106 lupo.

303 3105 372 3170 Has
393 3105 477 3172 inter
498 3106 621 3192 epulas,
645 3113 680 3171 ut
699 3106 791 3172 iuvat
811 3111 923 3191 pastas
946 3104 1015 3172 ovis

347 3190 463 3257 Videre
485 3191 687 3277 properantis
711 3191 855 3257 domuml

582 3294 605 3324 v.
625 3276 759 3340 35.Vu1g.
779 3275 967 3340 Paridemque.

217 3373 365 3434 fluentium,
390 3389 470 3438 qaam
495 3379 581 3425 tenuis
605 3391 693 3441 aquae
711 3383 737 3427 et
754 3379 857 3427 obiectu
876 3377 1032 3441 lapillorum
1050 3373 1233 3426 resultantief‘
1266 3370 1336 3424 Vale·

217 3439 271 3519 rius
288 3439 401 3535 Flacens‘
412 3442 456 3504 IV,
474 3444 531 3494 402.
557 3444 636 3507 ‚rode
658 3460 708 3510 per
725 3445 804 3495 urbes
821 3443 956 3509 Raptatus·
975 3443 1080 3507 Graiae,
1098 3449 1178 3509 atque
1195 3441 1275 3492 ardua
1291 3440 1336 3503 lla·

216 3520 291 3556 mana
308 3522 381 3570 nprs.

285 3575 325 3624 52.
358 3574 400 3624 Ad
423 3576 473 3625 boc
496 3582 584 3628 certat
605 3581 689 3641 marc]
725 3578 917 3629 lllnstrissimns
940 3579 997 3630 Nic.
1016 3578 1140 3630 Heinsius
1163 3579 1191 3628 in
1215 3575 1278 3627 libri
1300 3571 1337 3624 sni

215 3640 338 3706 margine,
356 3641 444 3708 Forte,
455 3643 549 3708 inquit,
569 3645 718 3710 legendam,
736 3646 806 3711 „Vel
821 3662 886 3713 quos
896 3647 961 3698 Eois
979 3650 1103 3698 intonata
1114 3647 1239 3709 flactibus
1251 3645 1335 3694 Hiems

217 3709 254 3759 ad
271 3710 321 3760 loc
338 3716 422 3760 vemat
439 3717 541 3763 rnare.“
568 3714 618 3763 Sed
635 3719 820 3779 praeterquam,
839 3715 907 3778 quod
925 3731 1011 3766 omnes
1020 3715 1108 3765 Flacci
1125 3713 1225 3765 codices
1244 3723 1336 3762 summo

216 3792 340 3828 consensu
369 3784 457 3829 vertat
484 3779 526 3829 bic
551 3787 707 3846 agnoscunt;
737 3783 814 3832 etiam
845 3783 913 3848 apud
937 3783 1099 3834 Prisciannm
1122 3783 1163 3832 bis
1186 3781 1224 3832 ita
1245 3779 1336 3845 legitur

215 3860 241 3909 p.
260 3847 317 3898 863.
336 3850 361 3896 et
379 3849 436 3899 930.
455 3863 537 3914 neque
564 3851 666 3899 variam
683 3850 728 3911 ibi,
753 3867 815 3915 quos
833 3851 958 3914 consului,
985 3856 1095 3916 quatuor
1112 3850 1210 3916 scripti.
1246 3852 1335 3899 Anam
1401 3900 1402 3907 ,

215 3913 326 3963 Heinsio
351 3916 517 3966 correctionis
544 3917 609 3967 illud
636 3917 737 3968 videtur
760 3917 916 3983 porrexisse,
942 3920 1009 3985 quod
1033 3919 1141 3970 habetur
1164 3916 1334 3979 Serm.11,3.
1401 3972 1402 3981 ἵ

215 3995 238 4029 v.
257 3983 314 4033 235.
334 3987 382 4046 „lu
397 3985 484 4048 pisces
510 3983 618 4036 hiberno
639 4001 674 4036 ccc
698 4001 814 4050 aequore
837 3987 945 4037 verris.“
987 3988 1082 4038 Verum
1106 3987 1177 4037 aliud
1195 3985 1270 4051 longe
1293 3984 1333 4041 eal,

214 4047 368 4110 piscatorem
392 4065 449 4100 cnm
472 4052 522 4101 reti
546 4057 571 4102 et
594 4053 734 4104 everriculo
756 4054 839 4117 pisces
863 4070 897 4104 cx
921 4059 994 4106 mari
1017 4071 1123 4106 nemore
1141 4054 1254 4120 (proprie
1272 4050 1334 4104 enim

216 4114 265 4164 hoc
288 4116 384 4166 dictum
408 4121 456 4181 est)
480 4120 558 4180 aliud,
583 4122 693 4171 hiemem
717 4126 743 4170 et
768 4126 944 4187 tempestatem
966 4125 1049 4189 pisces
1073 4123 1200 4173 edmero
1225 4133 1334 4172 uerrere

217 4180 287 4231 Talis
304 4184 372 4233 enim
389 4185 486 4235 locutio
503 4187 610 4250 nullum,
629 4189 713 4251 credo,
731 4189 808 4239 habet
825 4196 961 4241 auctorem.
997 4191 1081 4248 Quare
1098 4190 1166 4242 nihil
1183 4188 1333 4241 mutandum.
