2818 4758
451 241 630 290 CARMINUM
651 241 718 288 LIB.
741 241 789 289 111.
813 236 838 288 2.

208 380 276 446 Neo
298 378 395 446 sumit
417 384 474 443 aut
494 374 585 461 ponit
606 375 728 441 securis

119 477 154 527 20
253 464 395 530 Arbitrio
416 460 583 549 populeris
604 480 713 525 aurae.

165 550 285 628 Virtus,
307 549 476 614 recludens
497 544 653 612 inmeritis
675 544 755 610 mori

166 634 310 713 Caelum,
333 639 453 715 uegeta
474 636 577 697 tentat
596 630 658 695 iter
678 629 747 709 via;

211 718 395 801 (laetusque
416 715 571 799 vulgaris,
595 720 627 780 et
648 714 746 780 udam

251 804 380 889 Spernit
400 803 533 868 humum
555 799 699 881 fugiente
721 818 836 885 penna.

119 900 152 951 25
166 889 227 954 Est
248 894 280 955 et
300 887 387 953 fideli
409 893 479 952 tuta
502 884 628 953 silentio
925 890 927 896 '

163 974 303 1039 Merces:
325 973 452 1052 vetabo,
475 969 530 1055 qui
553 968 678 1035 Cereris
701 988 826 1034 sacrum

212 1059 359 1140 Volgerit
380 1076 527 1130 areanae,
551 1055 611 1120 sub
634 1054 737 1120 isdem

70 1189 208 1256 reperitur
225 1191 294 1256 epud
312 1191 435 1258 Gyrillurn
453 1192 481 1241 in
500 1189 645 1240 Glaesaria:
665 1190 702 1238 ita
720 1193 813 1249 temen,
831 1191 861 1238 ut
877 1188 933 1238 iura
950 1204 1008 1239 aum
1025 1189 1117 1241 Ouidio
1134 1193 1204 1256 [Met.

69 1260 90 1322 l,
115 1262 178 1323 654]
196 1259 305 1323 dixeris,
330 1265 379 1324 „ta
401 1273 456 1309 non
480 1261 589 1308 inuenta
612 1254 722 1322 reperta
743 1255 844 1306 anatur
857 1271 931 1306 arae
949 1257 1062 1308 leviorss:
1103 1260 1204 1327 Quippe

69 1327 209 1378 contrario
226 1328 302 1393 plene
321 1344 396 1378 sensu
413 1326 452 1376 ibi
469 1325 589 1392 ponitur,
613 1325 745 1389 magisque
762 1324 843 1374 offlait
859 1327 976 1389 receptae
999 1325 1067 1391 apud
1084 1328 1204 1380 Flaccum

68 1395 193 1456 lectioni,
212 1412 286 1460 quam
306 1396 328 1445 si
337 1411 463 1459 nusquam
477 1394 611 1444 extitisset.
639 1393 681 1442 Sia
700 1393 766 1441 anim
777 1391 994 1458 Glossographus:
1012 1394 1203 1460 „intaminata

68 1463 325 1513 Maenalium
360 1463 419 1514 Non
437 1462 529 1524 neseis,
547 1461 609 1526 quid
627 1460 662 1510 sit
678 1458 847 1527 μιανθένταε
864 1460 971 1525 peltata
989 1460 1097 1524 scilieet,
1115 1467 1203 1530 inqui-

68 1537 151 1582 nata.
189 1530 393 1596 Glossogrephus
416 1531 493 1580 alter:
522 1529 689 1593 „MIAINQ
717 1530 861 1590 attamino,
888 1531 1056 1592 eontanrr’no,
1083 1533 1203 1598 inquino,

67 1599 187 1665 polteo,
206 1602 320 1663 ineerta,
339 1599 439 1649 aiolo.“
472 1600 543 1662 Ergo
560 1598 582 1647 si
600 1597 661 1647 fides
680 1595 809 1646 Glaesaria
826 1592 944 1646 habende
962 1601 1013 1659 est,
1031 1597 1204 1651 Intaminatie

69 1668 225 1717 bonoribus
243 1666 310 1717 idem
329 1666 408 1727 forat,
427 1667 494 1730 quod
513 1666 719 1724 contaminatir;
744 1663 871 1715 sententie
889 1678 904 1712 e
921 1666 1014 1714 Poetae
1031 1671 1115 1716 mente
1132 1683 1204 1735 pror·

69 1751 119 1784 sus
138 1734 232 1784 aliene
257 1735 355 1799 >Neque
373 1750 432 1785 vero
450 1732 635 1783 contemnenda
651 1731 727 1781 teaile
746 1736 784 1781 ast
802 1729 892 1798 Cyrilli
909 1732 1057 1785 auotoritas.
1091 1735 1158 1785 Nam
1175 1737 1203 1786 in

71 1802 137 1853 aliis
155 1803 233 1851 huius
251 1803 352 1867 generis
362 1802 525 1869 Compositis,
543 1800 588 1851 nbi
600 1801 702 1851 verbum
720 1799 829 1864 simplex
843 1798 1029 1865 pollutionem,
1039 1807 1201 1868 contagium,

67 1871 115 1921 vel
132 1873 283 1920 miatrrram
300 1875 382 1932 notet,
400 1869 558 1936 praepositio
568 1869 606 1918 IN
621 1884 672 1918 uon
691 1869 810 1932 negative
828 1872 873 1928 est,
892 1867 936 1917 sed
954 1873 1031 1932 auget
1048 1875 1073 1919 et
1091 1871 1204 1923 intendit

68 1937 305 2003 significationem:
325 1939 362 1988 aia
380 1941 525 2001 initiatae,
549 1938 649 1999 illitae,
676 1939 844 1999 inmoratur,
870 1939 1049 2000 incrustatur,
1074 1940 1201 2004 incoctas,

68 2005 238 2070 infuscatas,
257 2009 407 2072 impieatua,
428 2009 574 2068 immistus,
592 2004 739 2068 inliteatur,
755 2006 908 2067 inauratae,
920 2006 1033 2068 inustae,
1045 2006 1201 2072 inebriatae,

69 2077 98 2124 et
118 2073 224 2135 similia,
242 2090 292 2123 non
312 2079 415 2138 negent,
435 2090 521 2124 verum
538 2073 673 2126 affirmant.
709 2070 806 2127 Quidni
824 2071 906 2136 igitur
923 2074 1115 2137 contaminare,
1134 2079 1203 2125 atta·

67 2143 188 2204 maara,
206 2144 371 2192 intaminare
387 2141 492 2192 eandem
509 2142 560 2192 viru
579 2140 704 2200 habeant3
727 2144 757 2191 ut
775 2143 957 2202 commiscere,
976 2138 1135 2205 admiscere,
1153 2145 1201 2192 im·

66 2211 193 2270 miscere,
215 2214 240 2258 et
258 2209 285 2259 id
303 2226 384 2273 genus
402 2209 471 2259 alie?
505 2210 594 2272 Neque
612 2213 696 2257 minen
715 2223 769 2256 sum
787 2209 904 2272 nescius,
922 2207 1061 2272 partieipia
1078 2210 1200 2273 quaedam

67 2293 131 2326 aum
150 2277 188 2325 IN
207 2278 360 2340 composita,
384 2277 496 2343 duplicis
515 2292 568 2327 ease
586 2276 798 2339 significationis,
821 2279 846 2325 et
871 2276 1018 2341 negativae,
1043 2281 1069 2326 et
1092 2277 1200 2328 affirme-

67 2345 150 2394 tivea.
185 2343 294 2396 Proinde
312 2344 392 2409 eligat
409 2345 503 2394 Laetor
525 2344 637 2409 peritus,
662 2347 747 2393 utrum
765 2341 840 2403 velit3
868 2343 921 2393 sive
939 2344 1124 2408 intaminatis,
1147 2347 1200 2397 eive

66 2412 300 2462 Ineontamr'natie
316 2411 470 2472 honoribus3
494 2428 534 2462 me
552 2411 654 2475 quidem
671 2410 771 2461 volante
789 2412 914 2462 utrumvis
931 2410 1035 2477 legerit:
1060 2412 1097 2461 ita
1115 2419 1199 2464 tamen

67 2484 101 2528 ut
120 2479 153 2528 ad
172 2481 340 2543 posteriorem
362 2479 497 2531 lectionem
522 2481 604 2544 magis
627 2479 736 2529 inclinet
758 2478 872 2539 animua;
898 2496 956 2530 eum
979 2478 1076 2530 rideam
1093 2480 1199 2532 Dauom-

66 2546 160 2612 posita
177 2546 223 2596 ille
240 2546 271 2596 iu
286 2564 334 2597 usu
352 2547 439 2609 tuisse,
457 2547 525 2612 apud
544 2548 636 2597 multos
656 2548 899 2611 incontaminatas,
918 2547 986 2612 apud
1004 2546 1198 2612 Tertullianum,

67 2615 297 2664 Inattaminatar:
332 2616 370 2666 Da
389 2614 488 2664 Corona
505 2616 599 2665 Militis
617 2614 679 2680 Cap.
698 2614 751 2665 XV.
786 2613 888 2677 ‚,Serua
905 2615 1041 2666 Deorum
1063 2631 1139 2666 raam
1158 2619 1198 2667 in·

68 2685 295 2733 attaminatanr“:
321 2683 388 2746 quod
414 2699 443 2733 eo
467 2683 575 2735 oonsilio
599 2682 695 2732 facturn
712 2681 828 2744 videtur,
854 2681 915 2746 quia
938 2682 1106 2748 compositum
1124 2685 1197 2736 Inta-

65 2752 190 2799 minatee
208 2750 331 2800 diversam
349 2750 424 2815 plene
448 2750 662 2815 significationem
687 2750 799 2799 haberet.
835 2749 965 2815 Sulpicius
990 2755 1073 2800 temen
1092 2752 1198 2803 Severus

66 2819 105 2878 ΙΙ,
129 2819 169 2879 14,
188 2819 211 2869 Ι.
247 2818 317 2882 „Dei
333 2821 433 2883 spirita
449 2819 648 2884 praevalentes,
673 2823 704 2868 at
727 2817 881 2868 intaminata
905 2821 937 2868 ab
962 2833 1008 2868 ore
1026 2825 1154 2885 compto
1172 2827 1198 2871 et

65 2886 150 2945 salsis
173 2900 236 2935 aera
259 2889 385 2936 miscente
408 2889 482 2936 intra
505 2902 555 2936 aaa
581 2891 684 2936 tantam
708 2887 837 2951 mysteria
856 2888 1038 2936 contineretur·
1055 2887 1197 2938 biatoma.“

65 2952 136 3014 Ubi,
162 2952 185 3001 si
209 2952 270 3002 rides
294 2952 450 3004 editionibus
474 2957 588 3016 constat,
615 2956 779 3003 intaminata
796 2952 902 3016 perinde
927 2958 965 3005 est
982 2959 1058 3018 etqua
1075 2956 1197 3005 inconta-

65 3024 184 3082 minata,
202 3022 402 3072 inattaminata.

140 3089 179 3139 19.
197 3086 254 3138 Nee
271 3092 354 3138 aamit
371 3095 418 3139 aut
435 3091 514 3154 ponit
529 3091 643 3151 recures]
679 3086 740 3137 Trea
758 3103 789 3138 ex
805 3088 907 3150 nostris,
931 3088 1091 3152 Baginensis,
1107 3090 1194 3139 Batta-

61 3155 162 3218 lienus,
171 3154 354 3220 Vigornienais,
371 3155 429 3207 Nae
444 3158 524 3221 ponit
540 3161 589 3206 aut
605 3158 693 3206 sumit,
711 3156 834 3205 Frustra:
852 3157 925 3220 prius
942 3155 1009 3205 enim
1027 3159 1065 3205 est
1082 3171 1194 3222 sumere,

64 3238 146 3287 quem
165 3228 275 3272 sumtum
292 3239 400 3289 ponera.
436 3224 532 3274 Seneca
550 3223 654 3278 Quaest.
671 3223 787 3272 Natural.
801 3224 822 3289 1,
839 3225 862 3274 7.
879 3222 938 3289 [§2]
973 3222 1111 3288 „Spaniam
1129 3224 1196 3285 fatet

63 3290 183 3354 eotom'a,
215 3292 319 3356 quatem
343 3292 527 3342 columbarum
551 3294 643 3342 aerata
666 3295 692 3340 et
717 3291 796 3341 sumit
820 3295 846 3342 et
871 3291 958 3355 ponit,
984 3294 1127 3357 atcumque
1150 3293 1194 3343 de·

60 3360 213 3419 stertitur.“
238 3360 359 3410 Lucanus
377 3359 423 3420 IX,
434 3360 491 3412 200.
521 3360 612 3422 „lavit
628 3363 711 3408 sumta
728 3361 825 3422 airam,
844 3361 913 3408 irtvtt
929 3358 1034 3408 dimisae
1048 3364 1194 3424 pateriae.“

136 3428 178 3477 27.
197 3424 251 3489 Qai
275 3426 378 3478 Cereris
401 3442 510 3478 eaerum
535 3427 665 3492 Vulgarit
694 3429 821 3489 areanae]
856 3427 934 3477 Reate
960 3427 1054 3478 vetusti
1079 3426 1193 3495 Codices,

60 3493 225 3544 Graarianus
244 3501 270 3544 et
286 3495 447 3559 Baginensis,
467 3494 610 3560 Volgarit3
628 3511 680 3544 non
699 3498 728 3543 ut
745 3493 850 3558 quidam
868 3510 898 3544 ex
916 3494 1108 3559 recentioribus,
1129 3497 1193 3549 Vat-

58 3564 151 3627 gaait.
185 3559 280 3625 Porro,
306 3568 344 3612 est
361 3564 406 3627 qui
423 3563 557 3627 legendum
582 3566 709 3624 autumet,
736 3565 803 3626 „qai
822 3560 924 3612 Cereris
947 3579 1046 3613 eaerum
1065 3563 1194 3630 Vulgarit

60 3633 214 3680 areanum.“
240 3635 269 3680 ut
287 3630 353 3680 alibi
367 3631 451 3695 Epod.
470 3631 500 3692 V,
519 3633 560 3683 52.
596 3632 715 3694 „Armua
734 3632 779 3680 eui
795 3629 867 3691 fiant
883 3631 981 3681 saara.“
1016 3631 1088 3681 Ovid.
1106 3633 1192 3698 Epist.

58 3697 163 3748 Medea.
189 3697 258 3761 [XIL
278 3700 320 3761 79]
347 3699 417 3761 „Per
435 3699 550 3763 triplicia
573 3699 662 3750 eattae
680 3713 822 3761 arcanaque
840 3714 912 3748 sacra
929 3698 1060 3750 Dianae.“
1094 3700 1191 3750 Statius

60 3765 127 3816 Sila.
147 3765 196 3826 111,
215 3768 239 3818 3,
260 3769 291 3828 [v.
312 3767 354 3827 65]
389 3767 535 3831 „seerisque
554 3766 671 3818 Deorum
689 3766 796 3816 Aroania
815 3767 925 3816 tuerere
942 3766 1061 3817 datam.“
1096 3767 1192 3818 Seneca

60 3833 164 3896 Medea,
182 3835 240 3885 912.
275 3834 380 3898 ,Artace
397 3837 475 3885 iuvat
497 3838 622 3899 saeuisse,
647 3840 673 3886 at
696 3850 789 3885 aroana
808 3840 917 3900 =patrem
936 3833 1071 3899 Spoliaaee
1094 3840 1191 3884 aaaro.“

60 3901 132 3951 idam
149 3901 308 3968 Hippolyto,
338 3904 394 3954 107.
428 3903 554 3966 „laetare
580 3903 668 3953 tacitis
693 3905 813 3954 aanseiaa
837 3903 916 3955 saeua
939 3901 1039 3963 faeer.“
1056 3905 1082 3952 et
1099 3901 1190 3952 Troed.

61 3971 122 4022 846,
158 3970 220 4033 „An
243 3969 322 4020 saeris
344 3971 467 4035 gaudena
492 3971 578 4021 taaitis
601 3971 739 4021 Eleusin.“
775 3969 824 4020 Sed
848 3969 916 4020 nihil
933 3968 1089 4018 mutandum.
1124 3971 1191 4021 Nem

60 4043 88 4088 et
105 4037 174 4087 idem
192 4037 260 4087 valet
278 4053 403 4103 areanae,
421 4055 451 4088 aa
469 4039 492 4088 ai
510 4054 640 4090 areanum
658 4038 779 4100 dixisset,
804 4042 830 4087 et
846 4037 980 4102 figuratius
999 4040 1051 4088 ast:
1076 4037 1113 4086 sia
1131 4037 1189 4088 Vir-

61 4105 110 4171 gil.
131 4106 223 4169 Georg.
241 4106 286 4168 IV,
304 4107 362 4157 521.
399 4107 490 4170 „Inter
506 4121 586 4157 saera
605 4105 696 4169 datm,
715 4106 884 4172 nocturnique
903 4107 982 4169 orgia
999 4105 1127 4159 Baaehi“:
1145 4107 1190 4156 ubi

60 4179 87 4223 at
104 4172 232 4224 editiones
250 4178 346 4226 veteres
365 4178 391 4224 et
408 4175 501 4240 seripti
519 4175 619 4239 aliquot
635 4190 768 4240 perperam
786 4172 882 4224 habent
899 4177 1092 4239 nocturnaque.
