2818 4758
205 792 274 917 o.
310 790 695 911 nonnum
740 795 1057 977 nouom

396 1019 428 1100 O
451 1023 487 1100 Α
511 1021 551 1101 R
572 1022 616 1100 M
639 1023 659 1103 l
682 1024 721 1104 N
744 1026 783 1106 U
805 1028 848 1106 M

508 1239 655 1301 LIBER
676 1241 729 1302 111.

606 1505 632 1570 Ι.

146 1677 223 1773 Odi
245 1706 415 1791 profanum
436 1705 562 1787 volgus,
586 1712 618 1772 et
639 1725 742 1772 arceo.

140 1793 262 1858 Favete
283 1789 421 1873 linguis:
444 1790 586 1854 carmina
606 1810 669 1855 non
691 1793 782 1877 prius

183 1875 306 1943 Audita
326 1877 491 1940 Musarum
516 1876 667 1942 sacerdos

225 1959 413 2042 Virginibus
434 1959 611 2045 puerisque
633 1967 735 2026 canto.

111 2048 265 2127 oRegum
287 2044 500 2110 timendorum
521 2044 555 2109 in
577 2046 724 2131 proprios
745 2066 873 2131 greges,

138 2133 245 2212 Reges
267 2130 300 2194 in
322 2128 411 2214 ipsos
433 2129 602 2214 imperium
625 2136 676 2195 est
697 2132 793 2211 Iovis,

182 2214 269 2282 Clari
290 2214 449 2294 Giganteo
470 2213 642 2300 triumpho,

225 2300 348 2365 Cuncta
370 2298 540 2385 supercilio
562 2300 729 2365 moventis.

138 2386 199 2451 Est
220 2391 256 2449 ut
276 2383 345 2450 viro
367 2384 416 2449 vir
437 2383 543 2461 latius⁴
558 2384 684 2449 ordinet

94 2484 126 2533 10
140 2470 283 2536 Arbusta
305 2468 419 2546 sulcis3
441 2468 494 2533 hic
516 2469 701 2550 generosior

180 2553 365 2619 Descendat
385 2553 419 2617 in
441 2572 588 2637 campum
612 2552 744 2639 petit0r;

223 2637 367 2703 Moribus
389 2637 442 2701 hic
464 2638 640 2720 meliorque
662 2639 750 2703 fama

137 2722 335 2800 Contendat;
357 2721 404 2785 illi
426 2721 522 2786 turba
544 2722 706 2788 clientium

138 2808 188 2875 Sit
209 2807 328 2872 maior:
351 2825 457 2888 aequa
478 2807 551 2888 lege
573 2808 750 2874 necessitas

92 2907 123 2956 15
184 2892 322 2959 Sortitur
342 2890 479 2971 insignis
502 2898 534 2956 et
554 2891 652 2964 imos;

204 2977 325 3042 'Omne
347 2995 453 3074 capax
474 2983 583 3042 movet
604 2997 684 3041 urna
705 2995 831 3043 nomen,

135 3061 311 3127 Districtus
333 3081 420 3126 ensis
442 3060 493 3125 cui
516 3081 614 3160 super
635 3061 723 3144 inpia

137 3145 268 3212 Cervice
291 3145 419 3231 pendet,
441 3164 505 3209 non
528 3147 656 3212 Srculae
679 3146 779 3230 dapes

179 3231 313 3296 Dulcem
336 3230 548 3296 elaborabunt
569 3249 733 3317 saporem3

86 3329 122 3380 ao
222 3316 295 3381 Non
318 3315 425 3379 avium
448 3314 652 3398 citharaeque
674 3320 787 3378 cantus

114 3520 139 3569 9.
160 3516 210 3566 Est
227 3519 333 3567 stairo
352 3520 395 3566 vir
413 3517 495 3566 latius
513 3515 629 3577 ordinet]
665 3516 705 3564 Ita
729 3515 833 3579 quidem
850 3515 966 3578 codices,
993 3519 1118 3580 quotquot
1135 3532 1177 3566 ex·

37 3590 117 3636 tant:
147 3584 191 3634 sed
209 3584 366 3634 excutiamus
384 3584 550 3642 sententiam,
568 3588 607 3633 cat
623 3588 670 3644 ut,
687 3584 735 3632 hoc
754 3588 800 3645 est,
819 3583 882 3646 tisri
917 3589 991 3648 otest,
1010 3587 1040 3632 ut
1057 3584 1097 3633 vir
1114 3584 1179 3645 viro,

36 3655 96 3703 sive
117 3668 187 3702 unus
205 3652 294 3712 altero,
312 3652 347 3701 sit
364 3651 451 3712 ditior,
469 3650 590 3715 nobilior,
609 3651 708 3715 melior,
720 3651 864 3715 gratiosior.
915 3654 968 3702 iera·
977 3656 1065 3715 potest
1076 3652 1177 3701 autom?

37 3720 107 3785 quid
127 3721 178 3769 hoc
196 3724 248 3769 tam
266 3718 378 3768 mirum?
396 3719 448 3768 iuro
466 3719 503 3768 ita
521 3718 575 3768 ficri
593 3734 695 3768 necesse
713 3724 767 3780 θεῖς
791 3720 829 3769 ita
846 3735 944 3785 semper
962 3719 1013 3769 fuit
1030 3734 1178 3782 semperque

37 3790 101 3838 erit.
142 3785 208 3836 Cava
227 3787 310 3850 igitur
327 3785 414 3836 credas
433 3791 485 3835 tam
503 3785 625 3851 frigidam
648 3802 757 3850 gnomen
781 3786 813 3836 cb
830 3787 940 3837 Horatio
957 3785 1097 3852 proiectam
1115 3800 1176 3836 csse.

36 3855 168 3919 Con-ign:
206 3855 304 3917 „Esto,
331 3858 363 3904 ut
386 3857 446 3903 ciro
471 3857 514 3903 vir
539 3854 620 3904 latiur
646 3853 754 3904 ordinet
772 3854 888 3904 Aroma
912 3854 1025 3904 rulom‘st
1051 3852 1099 3901 hoo
1124 3857 1178 3911 est3

38 3923 239 3984 concedamus,
258 3921 337 3971 elium
355 3921 468 3985 divitiis,
487 3921 566 3971 elium
584 3921 720 3971 nobilitate
739 3922 909 3987 praecellere:
933 3922 1002 3971 hunc
1019 3919 1133 3969 moribus
1151 3924 1177 3969 et

36 3991 120 4051 fama,
142 3990 217 4040 illum
234 3989 319 4053 gratia
337 3993 362 4038 et
379 3988 551 4054 popularitate
569 3989 679 4053 pollere:
697 3989 765 4045 Quid
779 3990 851 4039 tum?
870 3989 932 4054 quid
944 3987 1077 4054 proderit?
1095 4002 1176 4050 aequa

37 4059 114 4109 enim
135 4057 192 4122 lege
211 4073 300 4107 omnes
317 4059 467 4120 morientur,
477 4061 528 4106 tam
546 4056 668 4122 insignes,
679 4073 754 4122 quam
773 4058 862 4107 intimi.
882 4058 936 4106 Iam
951 4056 1007 4115 hoc,
1025 4053 1077 4103 nisi
1091 4053 1175 4117 fallor,

35 4133 123 4192 poeta
141 4131 230 4175 nostro
248 4125 355 4190 dignum
374 4129 419 4174 est.
455 4126 491 4174 Et
508 4125 592 4175 firmat
609 4130 722 4175 nostram
739 4125 912 4175 coniecturam
934 4122 1087 4173 Scholiastes
1105 4126 1179 4172 vetus

36 4194 174 4259 Cru'quii:
194 4197 259 4257 est,
278 4194 323 4254 ait,
338 4208 391 4258 pro
409 4193 465 4243 sit.
500 4192 555 4241 Imo
572 4208 631 4243 vero
650 4198 704 4243 esto
723 4209 770 4257 pro
787 4195 829 4243 rit.
