2834 4758
607 265 639 325 o.
660 264 802 313 nonarrr
824 264 947 314 nnaccr

744 447 785 513 Π.

421 560 575 633 VITAE
611 566 866 636 Rusticus
903 566 1111 635 LAUDES.

289 705 410 769 Beatus
432 701 497 777 ille,
519 702 574 785 qui
594 701 707 788 procul
729 703 877 784 negotiis,

330 789 376 855 Ut
396 787 503 874 prisca
524 807 605 870 gens
627 786 819 865 mortalium,

291 875 431 940 Paterna
452 892 528 938 rura
550 873 654 938 bobus
677 879 804 938 exercet
826 872 904 951 suis,

331 959 462 1025 Solutus
485 958 571 1022 omni
592 957 724 1023 tenore?

258 1043 400 1126 sNeque
423 1042 581 1109 excitatur
602 1041 736 1108 classico
759 1040 851 1107 miles
873 1039 964 1121 truci,

330 1128 397 1193 Nec
418 1127 526 1192 horret
546 1127 664 1191 iratum
686 1146 789 1205 mare3

286 1213 470 1294 Porumque
491 1212 583 1292 vitat,
606 1218 638 1277 et
660 1212 800 1297 superba
821 1209 937 1275 civium

332 1297 550 1363 Potentiorum
571 1296 692 1361 limina.

286 1382 373 1464 Ergo
396 1387 451 1446 aut
473 1382 584 1447 adulta
605 1381 718 1448 vitium
740 1381 918 1466 propagine
972 1401 974 1407 ’

245 1479 274 1528 ro
331 1466 423 1532 Altas
446 1467 576 1532 maritat
597 1486 639 1552 po
664 1467 750 1544 ulos;

287 1551 353 1615 Aut
374 1551 407 1615 in
429 1551 561 1617 reducta
582 1488 666 1618 valli
687 1549 898 1631 mugientium

330 1638 520 1721 Prospectat
541 1636 677 1702 errantis
701 1655 834 1718 gregem

287 1720 453 1787 Inutilisve
477 1722 558 1788 falce
580 1741 686 1787 ramos
708 1726 889 1805 amputans3

331 1805 503 1872 Feliciores
526 1806 639 1872 inserit
646 1829 655 1885 ;

245 1901 274 1952 15
288 1891 354 1956 Aut
374 1911 488 1977 pressa
509 1890 600 1977 puris
621 1890 718 1955 mella
740 1888 848 1954 condit
869 1886 1046 1974 amphoris3

331 1977 398 2042 Aut
419 1976 530 2041 tondet
551 1975 693 2040 infirmas
716 1974 794 2040 ovis.

508 2112 531 2147 v.
550 2097 574 2146 5.
593 2094 668 2159 Vulg.
686 2092 750 2145 Nec.
789 2094 829 2144 13.
850 2090 1018 2154 inutilesque.

270 2229 309 2280 13.
328 2229 490 2295 Inutitcaque
507 2230 579 2290 falce
595 2231 694 2291 ramos]
712 2228 812 2278 Primus
830 2226 941 2276 omnium
967 2223 1007 2274 vir
1023 2224 1184 2275 doctissimus
1203 2224 1334 2290 Georgius

200 2294 334 2346 Fabricius
353 2297 563 2362 annoMDLXX,
582 2302 607 2348 et
624 2302 713 2363 postea
730 2296 859 2345 Henricus
877 2294 1022 2358 Stephanus
1040 2292 1144 2358 aliique,
1162 2293 1257 2343 horum
1275 2308 1332 2343 rer-

201 2377 274 2412 sunm
300 2364 415 2416 ordinem
442 2366 610 2431 inverterunt,
636 2366 664 2415 in
687 2366 756 2414 hunc
779 2363 895 2413 modum:
925 2360 1018 2425 „Erga
1042 2366 1092 2411 aut
1115 2361 1209 2411 adulta
1233 2364 1332 2411 citium

197 2434 351 2496 propagine
374 2435 452 2484 Altae
485 2437 598 2485 maritat
618 2433 749 2500 populos,
782 2431 946 2495 inutilesque
968 2429 1040 2490 fulco
1062 2444 1152 2479 ramea
1175 2434 1331 2495 amputans,

200 2496 347 2550 Feliciores
364 2503 474 2553 inserit:
499 2502 556 2552 Aut
577 2506 607 2552 in
624 2500 736 2551 reducta
753 2499 824 2550 ualle
840 2500 1017 2562 mugientium
1034 2496 1191 2563 &aspectat
1207 2501 1332 2549 mantes

199 2569 323 2630 gregeaf‘
356 2568 437 2634 quue
462 2584 493 2619 ex
515 2570 570 2619 sola
588 2570 735 2621 coniectura
758 2571 847 2618 contra
864 2566 978 2616 omnium
1001 2564 1117 2615 codicum
1134 2566 1331 2616 auctoritatem:

201 2634 330 2697 nimirum,
354 2651 387 2686 ne
412 2636 462 2687 duo
485 2635 596 2687 disticha
623 2636 669 2689 illa
693 2637 723 2687 de
748 2635 866 2686 arborum
883 2633 962 2696 cultu,
981 2633 1089 2683 alterum
1106 2632 1137 2683 de
1155 2634 1330 2693 maritatione,

201 2700 308 2750 alterum
334 2701 365 2753 de
390 2704 524 2769 putatione
547 2709 573 2754 et
595 2705 726 2766 insitione,
746 2706 903 2768 separentur,
921 2706 951 2751 ut
968 2700 1045 2766 vulgo
1062 2701 1099 2764 fit,
1117 2716 1146 2751 ac
1164 2701 1329 2760 divellantur,

200 2768 386 2819 interveniente
403 2770 458 2835 illo,
481 2772 557 2834 „Aut
572 2775 606 2835 ,in
623 2772 735 2823 reducta
752 2772 822 2822 ualle
838 2772 1015 2834 mugientium
1032 2769 1189 2834 Prospectat
1206 2773 1330 2821 errantes

199 2839 322 2900 gregea.“
357 2838 431 2893 Quod
454 2844 540 2889 utrum
563 2843 631 2890 recte
655 2843 731 2904 atque
756 2838 845 2889 ordine
871 2836 902 2887 ab
926 2837 960 2887 iis
985 2837 1081 2887 factum
1105 2836 1140 2886 sit
1162 2852 1253 2899 necne,
1277 2851 1328 2888 aon

200 2901 314 2953 cuiusvis
338 2910 377 2955 est
401 2906 549 2957 diiudicare.
585 2909 662 2958 Posse
690 2908 792 2973 quidem
815 2906 939 2957 eiusmodi
964 2921 1059 2956 errores
1077 2905 1266 2970 exscriptorum
1289 2921 1328 2954 so·

202 2970 288 3024 cordia
305 2972 394 3024 furtim
411 2974 530 3040 irrepere,
549 2981 574 3026 et
592 2991 776 3040 nonnunquam
793 2991 820 3025 re
838 2976 895 3040 ipsa
912 2973 1053 3038 irrepsisse,
1071 2989 1144 3022 nemo
1162 2973 1328 3032 dubitaverit,

202 3040 254 3090 nisi
272 3042 317 3106 qui
334 3042 363 3092 in
382 3043 509 3094 veteribus
526 3042 679 3094 membranis
697 3045 788 3109 hospes
807 3043 849 3095 sit.
875 3041 1003 3107 Equidem
1021 3047 1107 3091 sancte
1117 3041 1206 3090 testari
1214 3056 1327 3106 possum,

201 3124 240 3159 me
265 3110 364 3161 nullum
381 3111 486 3163 Horatii
511 3112 623 3163 codicem
646 3111 793 3173 versarisse,
819 3110 864 3175 qui
881 3126 933 3161 non
951 3108 1047 3160 alicubi
1065 3125 1144 3160 unum
1162 3108 1201 3159 vel
1219 3109 1328 3160 alterum

134 3222 137 3227 .
200 3192 300 3228 versum
318 3179 348 3230 de
367 3181 425 3231 sede
443 3196 489 3230 sua
505 3181 639 3242 luxaverit,
659 3196 690 3231 ex
707 3180 766 3230 aliis
785 3182 870 3229 tamen
888 3178 962 3228 facile
981 3176 1153 3242 corrigendus,
1173 3181 1198 3227 et
1216 3177 1327 3241 plerum·

200 3259 249 3308 que
266 3260 283 3295 a
299 3262 375 3297 manu
394 3248 505 3299 secunda
522 3249 549 3298 in
569 3249 683 3299 ordinem
700 3248 827 3298 reduetus.
856 3246 1031 3296 Nihilominus
1048 3246 1116 3295 haud
1134 3250 1227 3295 temere
1238 3250 1327 3296 contra

199 3313 314 3363 omnium
337 3315 453 3366 codicum
475 3316 550 3366 fidem
574 3331 692 3367 versuum
715 3317 805 3366 seriem
827 3313 1001 3364 invertendum
1019 3330 1080 3375 esse,
1104 3328 1186 3377 neque
1204 3312 1272 3364 citra
1288 3311 1326 3363 ul·

199 3379 288 3429 timam
313 3384 496 3444 necessitatem,
520 3400 606 3435 omnes
630 3384 728 3434 cordati
746 3398 844 3447 semper
861 3381 1046 3432 existimarunt.
1082 3380 1219 3431 Videamus
1236 3381 1326 3445 igitur,

201 3445 263 3510 quid
280 3446 308 3495 in
326 3449 436 3500 lectione
454 3456 556 3516 recepte
574 3457 706 3517 tantopere
724 3450 878 3516 culpandum
896 3450 939 3512 sit,
961 3449 1066 3514 etquid
1084 3450 1190 3500 tandem'
1203 3448 1326 3500 utilitatis

200 3519 320 3579 apportet
341 3516 392 3566 ista
416 3519 569 3569 immutatio.
604 3523 667 3570 Post
684 3535 779 3581 versus,
807 3518 937 3583 inquiunt,
956 3517 988 3568 de
1004 3516 1167 3567 maritatione
1184 3516 1246 3566 ritis
1265 3532 1325 3567 con·

201 3581 276 3632 tinuo
306 3585 380 3649 sequi
402 3585 495 3636 debent
521 3587 596 3638 alteri
619 3588 649 3638 de
676 3586 813 3649 insitione,
841 3592 944 3652 propter
970 3586 1114 3650 argumenti
1140 3585 1326 3649 cognationem.

199 3649 279 3702 Recte
302 3652 411 3715 quidem,
435 3654 457 3703 si
480 3654 568 3705 eodem
586 3660 698 3720 tempore
716 3655 756 3705 vel
773 3654 934 3705 continenter
951 3658 1086 3717 utrumque
1103 3668 1167 3717 opus
1185 3668 1231 3716 per
1248 3652 1326 3704 rusti·

200 3734 244 3769 oos
268 3718 347 3772 fleret
384 3722 464 3787 Atqui
486 3725 625 3774 maritatio
651 3724 680 3773 fit
704 3739 789 3773 mense
815 3722 926 3783 Octobri,
950 3725 1056 3786 putatio
1080 3725 1106 3770 et
1132 3722 1223 3771 insitio
1240 3735 1325 3771 mense

200 3785 303 3839 Martio.
339 3788 480 3841 Columella
497 3790 543 3842 lib.
560 3791 607 3853 XI,
626 3794 650 3843 2.
669 3790 696 3858 [ξ
709 3793 751 3853 79]
788 3791 856 3852 „Per
873 3791 920 3840 toa
940 3790 995 3839 dies
1013 3791 1108 3851 (mense
1126 3786 1240 3847 Octobrit
1258 3788 1326 3839 ulmi

199 3856 298 3907 aititur
314 3864 386 3910 recte
403 3860 564 3922 maritantur,
588 3863 715 3924 ipsaeque
733 3860 820 3924 [vitea]
839 3861 869 3908 in
887 3858 1003 3908 ardentis
1021 3872 1055 3907 oc
1073 3859 1157 3907 uineta
1174 3860 1246 3906 reete
1262 3871 1325 3922 pra·

199 3930 364 3987 pagantur.“
398 3927 435 3977 m
457 3926 554 3978 ibidem
579 3928 606 3994 [ξ
626 3929 684 3990 231:
714 3927 826 3989 „Insitio
851 3941 955 3991 quoqne
978 3926 1105 3975 arborum
1128 3930 1208 3990 atque
1230 3925 1325 3976 vinam

201 3991 298 4055 tepidis
330 3993 396 4044 locta
426 3996 476 4046 leae
499 4001 616 4062 tempore
642 3997 737 4058 (mense
759 3995 907 4058 Februario)
932 3993 1067 4044 commode
1090 3991 1326 4048 admiauuacars‘
1408 4022 1412 4047 t

199 4057 236 4107 lit
252 4059 341 4125 paullo
357 4066 417 4127 post
435 4062 461 4128 [ᾗ
475 4064 533 4126 261:
551 4065 659 4128 „Igitur
677 4079 694 4112 a
712 4062 836 4115 Calendis
852 4061 949 4113 Martii
965 4063 1066 4111 enimin
1083 4066 1122 4112 est
1138 4062 1233 4111 uitium
1250 4065 1325 4124 puta·

199 4124 265 4175 tatio
289 4142 372 4193 usque
395 4131 425 4179 in
448 4129 579 4182 decimum
604 4130 783 4182 Calendarum
805 4130 958 4197 Aprilium
986 4132 1012 4178 si
1034 4134 1124 4180 tamen
1146 4145 1174 4179 se
1203 4142 1325 4194 gemmae

199 4192 319 4245 nondum
335 4201 469 4248 moueant:
495 4198 600 4250 surculi
622 4212 727 4263 quoque
749 4199 855 4249 silenter
873 4198 909 4249 ad
925 4197 1073 4249 insitionem
1090 4212 1163 4250 nuno
1179 4202 1325 4265 praecipua
