2842 4758
182 177 244 241 386
564 191 595 250 o.
617 190 758 238 uouern
778 188 901 238 nuncsi

246 324 359 390 Nonne
379 320 479 400 rides,
501 322 577 389 Albi
598 329 634 389 ut
654 324 737 389 male
758 323 844 389 vivat
864 322 958 398 filius,
982 330 1079 407 utque

185 422 228 472 110
250 408 352 474 Baras
372 407 486 493 inops‘l
515 428 667 489 magnum
689 410 921 486 documentum,
942 427 984 474 ne
1005 408 1142 493 patriam
1163 429 1232 474 rem

246 493 384 559 Perdere
405 490 478 575 quis
498 493 584 558 velit.
627 512 648 557 a
669 498 720 558 tur
742 493 752 558 i
774 492 948 559 meretricis
970 512 1077 559 amore

247 577 327 643 Oum
349 577 537 644 deterreret:
559 576 686 644 Soetani
730 577 873 644 issimilis
894 577 949 644 sis.

246 663 297 729 Ne
317 682 467 746 sequerer
487 662 646 740 moechas,
668 681 819 728 concessa
840 682 911 728 cum
933 682 1048 728 venere
1069 663 1115 726 nti

247 750 395 813 Possem:
416 747 574 832 Deprensi
595 765 659 813 non
680 748 764 825 bella
785 753 835 812 est
855 747 942 812 fama
963 748 1109 825 Treboni,

187 846 230 895 ιιι
252 831 381 898 Aiebat:
404 833 542 917 sapiens,
564 830 664 897 vitatu
686 831 827 914 quidque
849 831 950 916 petitu

249 917 298 983 Sit
317 916 442 995 melius,
465 936 596 982 caussas
617 916 729 982 reddet
749 915 822 981 tibi:
844 922 889 980 mi
912 915 990 982 satis
1013 921 1071 992 est,
1093 915 1120 979 si

249 1001 415 1067 Traditum
436 1001 477 1066 ab
498 1001 638 1083 antiquis
658 1021 778 1067 morem
800 1021 937 1078 servare,
960 1007 1120 1082 tuamque,

180 1092 189 1117 ⁸
249 1087 333 1150 Dum
355 1086 496 1153 custodis
517 1105 604 1167 eges,
626 1085 724 1152 vitam
745 1086 927 1168 famamque
948 1084 1029 1149 tueri

321 1187 344 1220 v.
364 1172 420 1223 109.
445 1172 528 1232 Forte,
549 1168 582 1223 tlt
598 1173 645 1236 qui
659 1172 739 1236 panae
756 1173 840 1236 inops.
877 1172 933 1222 112.
950 1169 1026 1234 Vulg.
1045 1168 1160 1220 Seniani.

187 1275 215 1322 r'n
233 1272 248 1322 1
263 1271 434 1334 Sermonum,
454 1266 531 1322 ‘Cum
547 1286 589 1322 me
605 1271 773 1334 hortaretur,
789 1286 886 1337 parce,
903 1270 1051 1336 lmcgalrsster
1067 1275 1155 1336 atque,
1174 1268 1307 1320 Venerem
1410 1271 1412 1318 l

186 1342 228 1390 uit
244 1344 382 1390 contentus
400 1354 443 1403 eo,
462 1338 534 1405 quad
549 1342 588 1389 mi
602 1341 659 1404 ipse
675 1336 823 1404 parasset.'“
858 1339 902 1388 ubi
918 1342 1041 1405 parasset
1056 1337 1145 1388 itidem
1163 1338 1249 1388 inveni
1267 1337 1302 1386 in

187 1407 269 1457 tribus
286 1404 417 1457 codicibus
433 1407 543 1471 scriptis.
578 1405 693 1456 Ceterum
711 1405 802 1457 deliret
819 1421 924 1456 acumen
942 1406 1123 1467 Grammatici3
1141 1422 1200 1456 cum
1218 1412 1310 1469 atque*

114 1500 115 1503 ¹
187 1476 230 1526 hic
246 1475 367 1542 postponi
384 1475 520 1526 existimat.
555 1474 621 1524 Ordo
646 1474 714 1524 enim
735 1478 787 1536 est,
816 1472 860 1526 Uti
884 1477 995 1525 viverem
1019 1490 1114 1539 parce,
1140 1474 1301 1538 frugaliter,

187 1547 267 1608 atque
283 1546 420 1592 cantentur
437 1559 467 1593 eo
484 1542 557 1608 quod
572 1545 628 1607 ipre
644 1544 683 1592 mi
697 1547 832 1608 paraenet:
860 1546 890 1592 nt
914 1542 999 1593 sciunt
1016 1541 1092 1591 etiam
1115 1541 1160 1606 qni
1184 1542 1305 1593 nondum

187 1626 244 1661 aere
260 1610 383 1661 lavantur.

256 1680 312 1729 til).
350 1675 433 1743 thue
448 1677 537 1728 Barue
553 1679 639 1742 inops]
674 1675 745 1727 Male
767 1679 856 1727 viuere
880 1680 906 1726 et
929 1679 1034 1741 inopem
1052 1692 1105 1726 esre
1122 1692 1201 1727 unum
1218 1678 1302 1728 idem-

188 1761 236 1811 que
254 1745 414 1810 significant:
436 1750 466 1796 ut
483 1747 546 1795 bene
562 1747 664 1809 cincre,
683 1749 721 1795 est
737 1746 766 1795 in
783 1761 809 1795 re
826 1745 895 1795 lauta
913 1749 939 1794 et
955 1743 1018 1794 bene
1036 1749 1113 1794 uncta
1130 1760 1192 1796 esse.
1227 1746 1306 1810 Ergo

154 1855 158 1864 .
188 1814 233 1864 ubi
250 1813 342 1863 Noster
358 1813 436 1874 dicit,
463 1811 576 1876 „Nonne
593 1813 679 1875 vider,
702 1813 765 1863 Albi
787 1818 818 1862 ut
834 1812 897 1863 male
914 1812 985 1861 vivat
1000 1812 1087 1875 filtra,
1111 1818 1193 1877 utque
1209 1812 1305 1863 Berua

188 1883 282 1947 inops?
306 1895 435 1946 magwm
451 1880 642 1941 decrementum,
660 1896 694 1930 ne
709 1883 827 1945 patriam
845 1896 900 1930 rem
917 1879 1031 1930 Perdere
1048 1882 1107 1945 pute
1123 1881 1218 1930 oelit“:
1242 1880 1301 1931 bre·

187 1950 244 2000 rius
260 1948 349 2013 ntique
366 1947 491 2014 potuisset
513 1947 608 2010 dicere,
635 1953 667 1998 ut
682 1945 748 1998 Atat
767 1948 840 2010 filius
863 1952 889 1998 et
904 1946 993 1999 Baras
1016 1948 1084 1998 male
1107 1950 1206 1998 cicant.
1241 1950 1305 1999 Hoc

188 2017 305 2085 primum.
344 2016 442 2067 Deinde
464 2016 492 2066 in
515 2014 678 2080 sequentibus
700 2016 803 2066 unicum
828 2015 950 2080 cuiusque
966 2015 1026 2065 vitii
1043 2014 1183 2079 exemplum
1210 2018 1304 2080 ponit:

189 2084 281 2135 amoris
296 2083 446 2148 meretricii,
472 2083 637 2144 sectantum:
665 2082 798 2146 adulterii,
826 2082 998 2134 Trebonium:
1024 2087 1054 2133 ut
1070 2084 1239 2148 incongruum
1256 2085 1306 2144 sit,

188 2151 363 2219 prodigentiae
379 2151 442 2202 bina
458 2152 572 2216 exempla
588 2151 657 2215 dari,
681 2149 748 2202 Atat
760 2150 847 2212 filiorm
870 2157 897 2201 et
911 2149 1021 2202 Buram.
1055 2151 1126 2202 Adde
1143 2152 1207 2213 huc,
1231 2154 1300 2217 quod

189 2221 311 2270 continuo
327 2218 418 2281 infert,
444 2234 573 2285 magnum
596 2218 793 2277 decrementum:
821 2219 888 2284 quod
912 2219 942 2269 de
965 2234 1018 2271 uno
1041 2220 1152 2285 exemplo
1170 2220 1306 2270 commode

189 2288 297 2339 dicitnr:
315 2287 346 2337 de
362 2286 480 2353 pluribus
498 2287 655 2337 decrementa
671 2288 757 2352 potius
774 2286 887 2337 dixisset.
914 2288 1043 2341 Postremo
1057 2287 1085 2337 in
1098 2286 1305 2337 nomineBarue

189 2357 254 2406 mire
270 2355 469 2407 membranarum
485 2354 614 2405 discordia
631 2359 677 2417 est,
703 2353 818 2415 Barrus,
837 2354 939 2418 Barac,
956 2353 1057 2417 Barna,
1074 2353 1181 2416 Barim,
1200 2354 1303 2416 Varus,

188 2424 274 2475 Baias
291 2422 477 2484 exhibentium:
503 2424 539 2473 ita
562 2428 643 2472 tamen
668 2426 697 2472 ut
719 2422 747 2472 in
764 2420 880 2487 pluribus
897 2422 981 2472 Baius
997 2425 1144 2487 compareat.
1181 2423 1219 2472 Ob
1237 2424 1306 2474 haec

190 2492 282 2552 omnia,
305 2490 376 2554 vide,
403 2506 489 2541 annon
514 2491 673 2540 coniecturas
697 2490 769 2540 locus
792 2490 827 2539 sit
845 2489 1019 2540 concedendus
1042 2491 1109 2541 hunc
1131 2491 1159 2540 in
1183 2490 1301 2541 modum:

188 2557 302 2623 „Nonne
317 2560 403 2619 uides,
425 2559 489 2613 Albi
507 2563 539 2608 ut
560 2558 629 2608 male
647 2560 719 2608 vivat
734 2557 820 2620 fidae,
844 2562 873 2608 nt
896 2558 940 2622 qui
957 2557 1034 2608 Panis
1051 2560 1147 2624 inops?
1171 2574 1305 2624 magnum

189 2627 400 2679 documentum.“
432 2627 469 2677 nt
486 2625 586 2690 quidem
603 2630 635 2675 ut
651 2627 697 2690 qui
713 2624 780 2675 clare
797 2624 873 2675 babet
890 2626 968 2676 codex
984 2630 1073 2676 noster
1090 2626 1231 2688 Galeamus,
1255 2627 1304 2693 qui

188 2711 240 2744 non
257 2688 347 2754 semel,
365 2694 455 2743 ceteris
472 2693 660 2756 aberrantibus,
679 2693 781 2757 egregio
798 2693 871 2744 nobis
893 2698 930 2743 est
947 2693 1051 2744 auxilio.
1086 2693 1156 2745 Male
1173 2697 1252 2756 uiuit,
1270 2700 1304 2745 ut

190 2764 238 2828 qut
253 2765 330 2826 inope
346 2763 435 2826 panis.
471 2762 551 2812 Serm.
567 2762 589 2822 I,
607 2762 632 2813 8.
649 2778 672 2813 v.
691 2763 731 2813 32.
758 2760 858 2824 „Cerea
875 2760 1032 2827 suppliciter
1048 2763 1143 2827 elatat,
1160 2761 1307 2812 seruilibus-e

188 2834 220 2880 ιιι
235 2844 299 2893 quae
316 2829 375 2878 Iam
391 2831 514 2894 peritura
530 2828 646 2878 modir“:
673 2829 718 2878 nbi
741 2828 859 2880 similiter
881 2828 1008 2879 editiones
1031 2834 1057 2880 et
1079 2829 1179 2880 codices
1202 2829 1305 2894 aliquot

189 2911 321 2963 perperam
338 2896 446 2960 habent,
470 2900 558 2961 utque.
592 2897 669 2946 Serra
687 2898 714 2958 l,
740 2900 762 2948 1.
789 2913 812 2946 v.
831 2898 872 2949 23.
907 2897 1065 2959 „Praeterea
1082 2913 1116 2947 ne
1131 2900 1184 2962 ric,
1208 2904 1239 2948 ut
1256 2898 1302 2963 qni

190 2965 323 3016 iocularia
340 2963 444 3026 ridens,
468 2964 655 3015 Percurram.“
682 2969 709 3015 et
725 2965 752 3026 I,
771 2966 796 3017 3.
814 2981 836 3013 v.
855 2968 879 3016 9.
914 2962 980 3028 „Nil
998 2965 1110 3030 aequale
1127 2966 1230 3016 domini
1245 2965 1308 3026 fuit

189 3033 247 3084 illi:
263 3047 344 3099 :aepe
362 3032 429 3083 relnt
446 3033 490 3096 qni
505 3030 634 3083 Currebat
650 3032 757 3096 fugiens
774 3034 888 3094 boetem:
905 3048 1031 3098 persaepe
1048 3032 1117 3084 volnt
1134 3032 1177 3097 qui
1190 3033 1308 3084 Iunone}

189 3116 268 3152 sacra
285 3100 393 3161 serret.“
427 3100 525 3150 Plinius
541 3101 592 3166 Ep.
610 3099 657 3161 IX,
675 3101 716 3152 21.
735 3101 761 3164 [6
780 3102 806 3162 1]
841 3100 939 3163 „Arrrat
955 3105 984 3150 nt
1001 3101 1045 3164 qui
1063 3103 1212 3164 oerirrime5
1230 3101 1306 3152 dolet

189 3173 219 3219 ut
236 3169 280 3233 qni
298 3170 540 3233 impatientissime3
559 3168 654 3218 laudat
669 3173 698 3218 nt
715 3169 760 3232 qui
778 3169 978 3231 benignissime:
1001 3168 1071 3219 ludit
1087 3173 1116 3218 ut
1133 3169 1177 3233 qai
1194 3168 1304 3229 facetu-

189 3238 281 3287 sr'me.“
315 3235 396 3299 Inops
418 3238 599 3301 pauitantem
615 3236 758 3286 mendicae.
793 3235 921 3285 Iuvenalis
938 3234 977 3298 X,
1002 3238 1059 3287 itt.
1078 3236 1108 3286 de
1126 3237 1222 3287 Mario:
1248 3235 1305 3300 „Et

190 3303 347 3354 mendicatus
363 3305 434 3357 nicta
452 3302 613 3367 Carthagine
638 3303 738 3370 panis.“
771 3303 870 3353 Poteris
888 3303 965 3353 etiam
981 3303 1064 3369 legere
1080 3303 1198 3364 farris
1215 3307 1301 3369 inops.

190 3370 283 3421 Furius
294 3369 432 3420 Bibaculus
448 3371 479 3420 de
489 3371 583 3422 Catone
601 3375 677 3435 po'eta
694 3373 787 3434 [Burm.
800 3371 903 3421 Antbcl.
917 3372 951 3433 ΙΙ,
970 3373 1037 3435 2371,
1056 3371 1156 3434 „Quem
1172 3388 1222 3422 sea
1238 3372 1306 3423 coli·

192 3438 260 3501 culi,
283 3438 381 3487 selibra
398 3438 485 3499 farris,
509 3436 617 3488 Racerni
633 3439 685 3489 duo
704 3438 794 3502 tegula
811 3440 859 3488 sub
876 3454 931 3489 una
949 3439 993 3489 Aa
1008 3454 1136 3490 summam
1152 3455 1237 3506 prope
1254 3455 1302 3490 nu·

192 3509 280 3557 trr'unt
294 3506 450 3556 :enectamf‘
475 3505 603 3556 Iuvenalis
620 3506 666 3567 IX,
685 3507 742 3558 122.
760 3506 790 3557 de
808 3506 900 3565 servis:
918 3505 1055 3573 „Qnmum
1072 3509 1175 3558 animas
1192 3513 1221 3558 et
1235 3508 1305 3557 farre
1407 3566 1408 3569 Ἴ

191 3589 238 3625 ruo
256 3572 372 3624 custodit
387 3577 415 3623 ei
430 3575 516 3624 aere.“
550 3574 642 3624 Noster
659 3574 738 3627 Seno.
755 3575 783 3639 I,
801 3576 825 3626 5.
843 3591 865 3624 v.
884 3576 925 3627 69.
957 3574 1094 3640 „Denique
1111 3590 1160 3625 cur
1176 3590 1302 3641 umquam

191 3643 318 3708 sugtcmt,
345 3643 390 3692 cut
410 3644 476 3691 :atie
498 3656 553 3692 una
570 3642 656 3692 Farris
680 3642 749 3692 libra
771 3642 843 3704 foret
864 3642 966 3707 gracili
987 3646 1027 3693 ric
1050 3649 1155 3707 tamque
1176 3644 1305 3709 puer'tlo.“

191 3710 318 3761 Iuvenalis
341 3708 405 3771 VII,
431 3711 472 3761 66.
514 3715 632 3772 „maesta
655 3710 802 3774 Pauperiore
825 3715 904 3774 atque
927 3712 997 3760 aeris
1019 3713 1127 3776 inopr“:
1154 3710 1198 3762 sed
1220 3711 1304 3762 adhuc

191 3779 310 3829 maestior
327 3782 372 3840 est,
390 3793 454 3842 quae
470 3780 550 3843 panis
566 3777 606 3827 vel
622 3776 707 3838 farri:
724 3782 763 3827 cst
779 3778 867 3843 inops;
885 3781 912 3827 et
927 3778 1034 3843 proinde
1051 3793 1149 3843 magno
1167 3783 1206 3830 est
1223 3780 1303 3830 decu·

192 3851 288 3908 mento,
306 3861 337 3896 ne
355 3845 413 3908 quis
429 3861 482 3896 rem
498 3849 629 3910 paternam
646 3844 747 3895 luxuria
763 3845 907 3909 profundat.

262 3915 318 3965 112.
353 3912 462 3963 Sectant
478 3913 613 3963 dirrimilir
628 3914 677 3979 ru]
713 3914 848 3964 Retentum
871 3916 909 3964 est
925 3913 973 3964 hoc
991 3928 1081 3965 nomen
1099 3929 1130 3964 ex
1147 3913 1307 3966 editionibus

193 3981 298 4045 priscis:
323 3996 404 4044 neque
428 3980 457 4030 in
480 3980 631 4031 membranis
654 3986 760 4046 apparet
781 3981 832 4031 nisi
850 3981 877 4031 in
895 3996 946 4031 uno
964 3980 1050 4032 codice
1069 3980 1185 4046 Oruquii.
1220 3982 1308 4035 Ceteri

193 4048 245 4098 iere
262 4063 348 4099 omnes
365 4046 479 4099 Scetanr'.
513 4049 550 4097 Et
566 4053 683 4098 neutrum
700 4048 801 4113 quidem
818 4051 907 4099 borum
924 4049 988 4100 aiibi
1004 4049 1095 4115 legisse
1113 4050 1227 4106 memini.
1253 4051 1307 4102 Tu-

194 4116 246 4166 tius
263 4121 347 4166 tamea
364 4118 403 4166 est
419 4116 446 4165 in
464 4116 568 4166 incertis
586 4116 697 4181 plurium
715 4116 893 4182 exemplarium
912 4117 1087 4169 auctoritatem
1106 4120 1185 4184 sequi.
