2810 4764
196 288 261 351 166
573 300 605 361 q.
628 301 769 349 666666
792 300 917 348 nusum

281 436 388 511 Sume,
409 435 587 513 Maecenas,
609 434 742 520 cyathos
764 434 858 499 amici
901 456 904 460 ·

280 521 340 586 Sos
363 519 417 585 itia
438 526 581 599 centum;
604 526 637 583 61
657 519 772 600 vigiles
795 520 942 585 lucernas

239 618 268 668 15
281 542 391 672 Perier
411 604 444 668 in
466 605 584 670 lucem:
606 604 717 690 procul
739 605 842 670 omnis
864 611 933 670 esto

392 688 520 756 Clamor
541 694 573 754 et
593 687 651 754 ira.

279 774 369 840 Mitte
391 773 493 840 civilis
515 792 612 860 super
631 773 719 838 Urbe
740 793 843 838 curas.

280 859 404 926 Occidit
423 859 504 925 Daci
527 858 688 926 Cotisonis
710 878 842 941 agmen:

193 992 258 1027 anm
274 976 401 1037 facium.“
436 977 488 1027 Ubi
504 976 614 1028 libenter
631 976 716 1027 doceri
734 976 823 1038 velim,
842 975 904 1041 quid
921 975 954 1025 ad
972 973 1086 1026 Murtias
1105 974 1311 1028 0616666616-

193 1050 262 1107 neat,
286 1049 331 1094 ant
348 1045 472 1110 quomodo
491 1043 695 1096 admirationem
712 1044 867 1096 Maecenatis
885 1047 931 1093 aut
948 1043 1048 1094 minuat
1065 1048 1110 1093 aut
1127 1049 1227 1108 augeat,
1246 1046 1311 1110 qnod

195 1118 327 1177 utramque
350 1129 407 1163 aum
428 1113 544 1178 linguam
566 1113 631 1164 bene
655 1112 747 1163 callere
769 1112 852 1163 dicit?
887 1111 961 1167 Quod
983 1112 1006 1161 ai
1028 1111 1095 1161 nihil
1118 1113 1151 1162 ad
1168 1129 1221 1163 rem
1238 1114 1312 1164 istam

193 1182 384 1232 occasionemve
403 1182 534 1246 pertinent
551 1196 581 1231 ea
597 1180 681 1242 verba,
699 1197 750 1231 non
767 1181 841 1231 rideo
859 1180 922 1244 quin
939 1179 1028 1245 putide
1045 1194 1149 1245 prorsus
1166 1187 1192 1230 et
1209 1172 1312 1247 dupon-

194 1244 329 1304 decurione
350 1249 393 1299 hio
415 1246 575 1314 ingerentum
615 1250 704 1313 Neque
727 1248 795 1298 enim
818 1247 912 1299 eximia
935 1247 1058 1312 quaedam
1080 1248 1236 1300 Maecenatis
1259 1250 1312 1300 lans

195 1323 251 1367 erat
269 1318 363 1367 Graece
386 1316 528 1381 Latineque
553 1317 631 1381 scire,
656 1332 714 1366 cum
736 1317 831 1368 Romae
854 1332 884 1366 ea
906 1320 1053 1382 tempestate
1076 1318 1159 1381 quivis
1184 1318 1313 1368 Senatorii

193 1384 333 1450 Equitisve
350 1385 426 1448 filins,
443 1385 495 1435 imo
512 1390 537 1435 et
555 1384 585 1435 de
602 1383 676 1450 plebe
694 1386 835 1450 innumeri,
852 1383 970 1434 libertini
987 1383 1063 1434 etiam
1081 1390 1106 1434 et
1123 1386 1204 1447 serui,
1220 1387 1313 1437 Graece

196 1453 367 1518 loquerentur.
391 1453 528 1503 Enimvero
545 1452 616 1503 aliud
633 1452 696 1517 quid
713 1458 739 1502 et
755 1453 837 1503 maius
853 1451 896 1503 hic
907 1451 1209 1516 significantSermoreee,
1219 1469 1307 1520 nempe

194 1520 297 1584 bitror,
319 1519 468 1585 Trcctctrer,
486 1521 628 1585 Hr‘rtorior,
646 1526 676 1569 ut
692 1520 761 1586 opud
778 1521 888 1571 Graecos
904 1522 1021 1578 ΛΟΓΟΙ,
1039 1520 1219 1585 Xenophontis
1236 1524 1312 1573 0666·

192 1584 1312 1722 61161611111111116661161611611116611661·

243 1695 250 1709 .
1161 1694 1168 1718 ,
1304 1696 1311 1709 .

193 1725 243 1786 ΙΠ,
260 1726 302 1786 21,
320 1727 344 1776 9.
379 1723 462 1789 „Non
479 1724 533 1789 illc,
551 1739 712 1790 quemquam
729 1724 867 1775 Socraticis
884 1724 974 1774 modat
991 1724 1167 1786 Semonibus,
1187 1732 1213 1775 te
1229 1727 1313 1792 negli-

194 1797 244 1858 get
260 1792 416 1843 homdw‘:
434 1792 462 1843 id
478 1797 524 1854 eet,
532 1794 717 1862 Σωκρατικοῖς
733 1789 831 1910 azoer.
849 1793 919 1857 Ergo
936 1792 985 1842 hoe
1001 1792 1196 1855 vultHoratins,
1212 1795 1313 1858 „Docta

193 1875 328 1910 aemonae
342 1862 482 1926 utriusque
496 1861 613 1925 linguae,
622 1862 739 1911 miraris.
788 1862 868 1912 ortitr
882 1860 982 1911 coelata
993 1860 1146 1926 qnidogem
1158 1860 1312 1914 Calendir“:

194 1929 219 1979 b.
237 1944 258 1978 6.
277 1932 306 1978 tn
322 1929 367 1993 qni
384 1933 410 1978 et
426 1929 577 1978 Latinorum
595 1934 621 1978 et
638 1929 790 1979 Graecorum
806 1928 886 1979 libros
903 1932 1020 1978 accurate
1036 1928 1136 1992 legisti,
1155 1931 1200 1993 661
1218 1932 1312 1981 utrius·

194 2013 243 2063 que
260 1997 344 2062 gantis
361 1997 497 2058 historias,
521 1996 602 2060 ritus,
628 2012 698 2046 sacra
715 1997 797 2062 probe
819 1996 959 2060 intelligis,
983 1996 1038 2046 iura
1061 1997 1175 2062 miraris,
1203 2014 1250 2048 cur
1266 2015 1311 2064 ego

193 2065 292 2116 caelebs
311 2063 428 2115 Calendis
445 2064 547 2114 Martiis
565 2079 637 2115 sacra
653 2064 757 2125 iaciam3
786 2080 843 2115 cum
867 2064 934 2113 nihil
956 2070 1002 2114 aut
1024 2064 1051 2113 in
1070 2066 1269 2117 Graiorum-aut
1284 2066 1312 2117 in

193 2133 286 2199 patriis
302 2133 472 2182 monumentis
490 2132 539 2194 sit,
564 2132 632 2198 qnod
649 2132 741 2182 festum
757 2131 823 2182 illud
846 2132 878 2182 ad
896 2131 1005 2183 caelibes
1023 2133 1158 2196 quicquam
1175 2136 1311 2199 pertinere,

193 2202 238 2252 sed
255 2201 287 2252 ad
304 2205 431 2251 matronas
448 2200 572 2251 duntaxat
588 2204 614 2250 et
630 2201 743 2264 maritos,
761 2201 896 2265 significet.
930 2200 1002 2250 Scias
1019 2202 1119 2264 itaque,
1136 2218 1176 2251 me
1194 2218 1248 2252 non
1266 2218 1312 2268 pn·

192 2269 261 2320 blico
279 2270 399 2319 instituto
416 2268 501 2331 hodie,
519 2269 563 2320 sed
580 2268 702 2334 privatim
718 2285 772 2318 rem
789 2268 902 2318 divinum
918 2268 1008 2329 faeere,
1032 2269 1099 2333 qnod
1118 2271 1166 2319 hoc
1184 2271 1312 2335 quondam

192 2338 235 2389 die
252 2336 283 2387 ab
301 2337 410 2387 interitu
427 2352 457 2386 ex
472 2337 547 2388 ruina
564 2336 661 2387 arboris
679 2335 782 2387 deornm
799 2336 921 2387 beneficio
939 2342 1099 2387 conservatus
1118 2337 1219 2388 trierim.

260 2407 300 2457 15.
320 2403 422 2470 Vigiles
441 2405 563 2456 lucernas
579 2405 673 2466 Perfer
690 2407 719 2454 irc
738 2405 831 2467 lucem]
850 2403 943 2465 Perfer
960 2404 1054 2455 habent
1071 2405 1197 2456 editiones
1214 2412 1311 2457 veteres

192 2477 219 2523 et
235 2472 369 2538 pleraeque
388 2488 418 2522 ex
435 2473 628 2524 recentioribus.
663 2472 786 2523 Nicolaus
802 2473 925 2523 Heinsius
942 2473 970 2521 in
988 2488 1032 2523 ora
1049 2473 1145 2524 codicis
1163 2474 1217 2537 sui,
1235 2477 1312 2527 Forte

192 2541 302 2602 Profa:
327 2544 353 2590 et
376 2540 413 2590 sic
436 2541 527 2605 Georg.
546 2541 692 2602 Fabricius,
716 2542 733 2591 i.
752 2557 774 2593 e.
791 2545 821 2590 ut
844 2540 947 2603 volunt,
971 2542 1115 2606 protrahe,
1138 2543 1259 2607 produc3
1282 2546 1312 2592 ut

193 2611 289 2659 Noster
306 2606 388 2659 Germ.
408 2608 458 2669 111,
476 2610 517 2668 21,
535 2611 577 2660 23.
612 2608 668 2672 „Te
684 2608 765 2659 Liber
782 2614 808 2658 et
824 2611 849 2658 si
866 2609 935 2659 lueto
953 2609 1042 2659 oderit
1058 2608 1156 2673 Venno,
1176 2610 1312 2676 Wocequa

191 2676 335 2742 producent
353 2674 490 2738 lucernae,
512 2676 579 2725 Dum
596 2676 701 2726 rediens
718 2676 801 2741 fuget
816 2681 890 2726 estre
907 2676 1056 2726 Phoebue“:
1080 2677 1128 2727 boc
1146 2683 1198 2740 661,
1216 2679 1310 2745 produ·

193 2748 261 2806 cent,
277 2742 435 2808 protrahent,
454 2743 589 2793 extendent
607 2745 634 2792 in
651 2744 733 2794 lucem
749 2760 836 2808 usque.
864 2744 929 2794 Sane
947 2745 1046 2795 codices
1065 2745 1147 2795 nostri
1157 2747 1310 2813 Reginensis

191 2809 432 2874 etMagdalenensis
450 2810 517 2859 clare
534 2810 636 2872 habent,
653 2812 761 2875 profem
780 2813 857 2862 ceteri
874 2828 931 2862 cum
950 2812 1058 2863 aliorum
1068 2814 1200 2865 codicibus
1209 2816 1310 2876 Perfer.

193 2877 295 2928 Utroris
320 2877 393 2927 modo
416 2878 522 2942 legeris3
547 2894 586 2928 me
610 2877 727 2944 lubente,
755 2880 840 2930 iacies.
882 2880 976 2931 Tamen
1001 2882 1116 2932 consulto
1138 2884 1227 2947 potius
1250 2899 1309 2934 voce

193 2946 287 3008 Perfer
303 2945 346 2995 hic
364 2962 425 2995 usus
443 2945 542 2996 videtur
559 2947 696 3010 Horatius,
713 2953 744 2999 ut
761 2948 875 3014 ambigui
893 2949 994 3013 culpam
1011 2951 1132 3014 evitaret,
1151 2952 1213 3015 quia
1230 2952 1310 3002 notis·

191 3016 256 3065 simo
279 3014 400 3080 loquendi
424 3031 515 3080 genere
537 3014 661 3081 profarre
683 3020 713 3066 io
738 3016 822 3066 lucem
846 3015 913 3066 idem
936 3022 975 3066 est
998 3032 1026 3066 ac
1051 3018 1136 3084 pelam
1158 3019 1256 3083 iacere,
1282 3020 1309 3069 in

191 3083 315 3145 medium,
339 3083 367 3133 in
384 3088 500 3149 apertum
516 3083 643 3150 proferre:
668 3090 699 3135 ut
716 3084 808 3134 Noster
829 3083 886 3150 ipse
903 3086 988 3150 Epist.
1007 3087 1041 3147 ΙΙ,
1059 3088 1083 3150 2,
1104 3088 1159 3139 116.
1194 3088 1310 3152 ,fitecu-

193 3157 256 3203 roto
275 3152 322 3202 diu
338 3151 439 3217 populo
458 3154 541 3203 torena
559 3158 646 3215 areret,
671 3159 750 3218 utque
767 3152 881 3203 Proieret
898 3152 927 3202 in
944 3154 1026 3204 lucem
1042 3156 1162 3219 specioso
1179 3156 1309 3206 nucetulo

192 3221 309 3271 rerum.“
342 3218 431 3270 Cicero
448 3236 495 3284 pro
513 3220 608 3270 Archia
625 3236 647 3272 c.
665 3222 689 3273 6.
709 3221 735 3285 [6
755 3222 796 3283 12]
831 3219 885 3284 „Ut
900 3221 971 3271 nicil
985 3225 1090 3287 possint
1106 3237 1140 3272 eor
1157 3223 1207 3287 1116,
1226 3239 1310 3289 nequa

190 3288 228 3337 od
244 3302 407 3338 communem
425 3289 508 3351 effere
524 3287 657 3351 frutetum,
681 3304 765 3353 neque
789 3291 818 3337 ire
840 3288 993 3353 adspectum
1016 3286 1147 3356 lucemque
1170 3292 1309 3355 61616666.ιι

193 3356 233 3405 116
250 3353 314 3403 alibi
330 3354 371 3405 bis
388 3356 428 3404 vel
446 3361 484 3404 ter
500 3356 600 3405 locutus
619 3360 669 3417 est,
695 3360 721 3405 61
738 3355 784 3406 6111
801 3368 853 3405 666
871 3352 954 3406 semel.
990 3357 1073 3414 Quare
1098 3358 1203 3422 meiius,
1227 3360 1308 3421 credo,

191 3438 250 3473 cum
266 3422 346 3471 multo
363 3424 457 3473 maiore
474 3427 547 3487 parte
564 3421 685 3473 Codicum
701 3424 813 3489 legemus
836 3424 878 3473 hic
895 3423 996 3484 Perfer.
1031 3428 1110 3475 Porro
1132 3442 1180 3491 pro
1202 3430 1309 3494 coepitis

192 3504 265 3540 versu
282 3488 460 3554 praecedente,
484 3490 640 3541 Gmevianus
664 3497 750 3542 noster
772 3498 798 3542 et
814 3490 990 3555 colbertinus,
1014 3493 1138 3560 Herpitir.
1175 3495 1225 3546 Sed
1243 3495 1309 3546 nihil

191 3557 347 3624 mutandum.
372 3555 493 3622 Sospitae,
511 3559 572 3622 quia
589 3558 702 3610 cadentis
721 3558 818 3610 arboris
835 3561 915 3610 ictum
933 3567 1052 3611 evaserat.
1079 3560 1197 3628 Centum,
1214 3564 1308 3628 inquit,

191 3626 304 3693 cyathos
326 3639 413 3685 eume,
440 3629 466 3673 et
489 3627 594 3676 totidem
618 3643 698 3679 annos
716 3628 797 3679 amieo
814 3631 910 3694 sospiti
924 3644 1042 3693 precare3
1068 3634 1098 3679 ut
1115 3630 1221 3681 Ovidius
1239 3633 1307 3681 Fast.

190 3695 309 3757 111,531.
344 3690 423 3753 „Sole
441 3697 528 3744 tumen
546 3696 659 3760 vinoque
677 3696 779 3746 caleat:
797 3712 934 3762 66666666
949 3703 1103 3762 precentur,
1121 3696 1190 3754 Quot
1207 3705 1308 3750 sumant

189 3764 310 3831 cyathos,
329 3759 365 3811 od
380 3761 571 3827 6661666666
588 3763 687 3813 ditant.
723 3764 843 3814 Invenies
859 3764 930 3829 iilic,
954 3767 1002 3830 qui
1017 3764 1139 3816 Nestoris
1156 3768 1245 3818 etita!
1261 3783 1307 3818 orc-

191 3847 248 3896 666,
267 3830 343 3894 Quae
360 3830 397 3878 ait
411 3843 461 3892 per
478 3829 573 3880 euticeo
591 3831 665 3892 fecto
684 3830 788 3898 Sibylla
804 3833 893 3883 6666.“

261 3901 300 3951 18.
323 3895 426 3948 Occidit
442 3895 513 3946 Daci
530 3896 660 3948 Cottianis
678 3901 785 3965 agmen]
820 3899 968 3950 Torrentius
986 3905 1107 3951 memorat
1122 3901 1306 3968 multoplures

190 3970 218 4018 et
235 3966 350 4017 meliores
368 3979 399 4014 ex
417 3962 469 4013 suia
486 3964 578 4015 habere
597 3964 752 4017 Gottronttr:
776 3968 843 4033 quod
860 3968 903 4017 vix
920 3967 1041 4019 credibile
1059 3973 1109 4030 est,
1133 3985 1190 4019 cum
1209 3971 1259 4020 mci
1275 3970 1306 4021 ad

191 4051 271 4085 unum
288 4049 387 4095 omnes,
413 4036 438 4081 et
456 4038 578 4096 quantum
595 4034 739 4099 intelligere
756 4035 844 4099 datur,
864 4035 971 4086 aliorum
989 4037 1079 4100 etiam,
1099 4035 1230 4089 Cotisonis
1246 4053 1305 4105 prae

191 4117 218 4151 ae
237 4102 325 4152 ierant.
361 4103 443 4164 Atque
461 4101 498 4149 ita
516 4101 653 4153 Suetonius
671 4103 698 4152 in
715 4108 830 4167 Augusto
848 4119 869 4155 c.
881 4106 921 4157 63.
957 4105 1092 4166 ,‚Prtmum
1110 4120 1170 4156 cum
1188 4107 1305 4157 Antonio
1397 4110 1398 4117 ’

191 4168 249 4231 lilio
266 4166 315 4219 ino
333 4167 627 4234 responderentur,
653 4170 747 4222 deinde
764 4170 879 4222 Cotisoni
899 4170 1027 4222 Getarum
1045 4174 1129 4238 rcgt.“
1162 4174 1307 4240 Neque'ibi

191 4237 220 4286 in
244 4236 421 4285 terminatione
437 4236 537 4286 remant
554 4237 721 4289 Membranae.
756 4238 852 4288 Lucius
875 4239 966 4290 Florus
984 4240 1028 4305 IV,
1048 4243 1087 4292 12.
1124 4242 1212 4306 „Daci
1233 4258 1305 4294 mon·
