2834 4758
210 202 272 265 336
592 214 623 274 e.
645 215 788 264 uonunu
808 216 933 263 soloci

293 350 382 415 Haec
402 350 511 416 Iovem
534 347 652 417 sentire
673 349 825 431 Deosque
846 354 988 419 eunome,

293 434 391 520 Spem
413 435 529 500 bonam
552 440 735 516 certamque
757 434 887 499 domum
910 440 1046 519 reporto,

209 620 266 669 Hoc
292 619 393 683 quidem
421 619 448 669 in
475 635 579 684 procum
605 619 683 669 initio
699 619 795 669 factum
821 620 949 684 oportuit,
981 621 1010 669 in
1036 619 1086 670 fine
1112 620 1191 670 nimis
1217 636 1286 670 sero
1315 621 1351 680 tit,

208 689 235 738 in
260 692 367 751 utroque
385 688 526 751 loquaciter
543 692 569 736 et
586 687 686 738 stolide.
721 688 770 738 Sed
789 687 894 738 meliora
917 687 1115 752 suppeditabant
1138 693 1237 738 veteres
1268 705 1351 738 mem·

208 755 317 815 branae3
342 756 365 804 si
390 754 464 804 modo
487 770 590 818 sagaces
617 754 723 805 lectores
746 759 835 804 nactae
862 755 979 804 luissent.
1015 754 1143 810 Quattuor
1165 757 1236 806 enim
1266 757 1351 806 Blan-

209 824 275 874 diuii
302 823 370 888 apud
393 822 547 886 Oruquium,
573 824 723 873 Bersmanni
745 838 825 886 unus,
853 838 909 872 cum
927 822 1049 872 Leidensi
1070 830 1158 873 nostro
1182 830 1209 874 et
1226 840 1245 874 a
1266 840 1352 874 manu

209 892 291 957 prima
308 892 462 955 Reginensi‚
486 891 633 954 Prorogat,
658 896 750 954 curat,
779 891 905 956 applicat.
939 892 1018 940 Porro
1045 895 1071 940 et
1088 897 1179 952 curat,
1207 893 1351 957 applicat,

208 964 308 1025 praeter
341 963 391 1008 tres
415 959 579 1021 Bersmauui,
615 958 770 1009 Graeviauus
796 964 896 1022 noster,
930 959 1026 1023 Regiae
1055 959 1208 1020 Sooietatis,
1235 960 1351 1010 Bodlei·

208 1043 285 1088 anus,
318 1030 344 1076 et
369 1043 416 1091 pro
441 1027 512 1077 uaria
534 1026 643 1077 lectione
670 1026 836 1076 Battelianus.
883 1024 967 1077 Curat
989 1027 1066 1076 etiam
1090 1026 1163 1077 Galei
1190 1028 1295 1089 codex,
1326 1032 1351 1078 et

208 1100 342 1161 prorogat
366 1110 382 1144 a
406 1095 489 1159 prima
512 1109 589 1143 manu
615 1094 828 1160 Magdalenensis.
875 1094 943 1150 Quid
970 1093 1037 1158 quod
1061 1100 1140 1145 curat
1161 1100 1188 1144 et
1216 1097 1352 1161 applicat

211 1165 305 1214 diserte
329 1168 472 1227 agnoscunt
489 1162 643 1213 Scholiastes
667 1168 786 1227 uterque:
811 1163 926 1226 quamvis
950 1160 1057 1212 absurde
1082 1163 1183 1226 quidem
1208 1169 1351 1224 enarrant,

210 1227 1350 1364 utttttttttttttttztttptttttttttttttittet,tui}

210 1382 278 1427 sane,
298 1366 367 1429 quod
377 1365 488 1429 Zeugma
506 1366 577 1428 illud,
596 1371 722 1431 umquam
742 1367 816 1416 deum
833 1366 944 1432 aliquem
964 1382 994 1415 ex
1008 1366 1133 1427 machina,
1152 1367 1349 1425 introducunt3

210 1435 283 1484 cuius
309 1450 356 1497 ope
385 1439 411 1483 et
437 1434 541 1484 numine
566 1434 723 1497 quibuslibet
750 1434 904 1484 soloecismis
934 1439 959 1484 et
984 1434 1148 1484 barbarismis
1175 1434 1349 1500 patrocinari

210 1507 312 1566 queant.
347 1502 441 1550 Tamen
465 1508 490 1551 et
508 1503 577 1565 ipsos
595 1518 657 1552 aura
680 1502 802 1566 quaedam
830 1503 883 1552 veri
900 1501 1026 1552 efflavisse
1045 1501 1167 1552 videatur.
1203 1503 1249 1553 Sic
1270 1505 1348 1554 enim

210 1574 346 1621 annotant:
365 1570 520 1632 „Prorogat
538 1570 639 1631 dilatet,
658 1571 782 1633 diffmat:
807 1576 832 1620 et
849 1576 887 1620 est
905 1576 1006 1635 tempas
1023 1570 1073 1634 p'ro
1093 1576 1218 1635 tempore,
1237 1570 1348 1622 Proro-

207 1638 309 1703 gabit.‘·
329 1637 401 1687 Certe
420 1638 572 1702 quicumque
590 1639 652 1688 haec
670 1638 789 1703 scripsit3
807 1639 948 1703 Prorogat,
968 1638 1073 1701 dilatat,
1092 1638 1184 1700 differt
1200 1641 1346 1706 scripsisse

210 1705 318 1757 videtur.
355 1705 457 1771 Quippe
481 1706 503 1755 si
520 1712 651 1771 proroget
667 1707 789 1772 precandi
813 1711 839 1755 et
855 1706 962 1770 optandi
979 1705 1054 1755 modo
1072 1706 1207 1770 extuleris,
1227 1708 1346 1758 stultum

210 1774 287 1824 fuerit
306 1774 438 1837 enallagen
456 1774 577 1838 temporis
595 1775 728 1836 somniare,
747 1778 773 1824 et
789 1790 835 1839 per
853 1774 1014 1839 Prorogabit
1031 1773 1170 1838 explicare:
1193 1782 1300 1838 eontra,
1322 1775 1347 1825 si

208 1847 344 1908 prorogat
359 1841 465 1906 legeris;
484 1857 535 1890 non
553 1842 706 1893 inconcinne
724 1843 751 1892 id
769 1843 878 1906 quidem,
897 1841 946 1892 etsi
963 1858 1015 1891 non
1033 1841 1095 1891 adeo
1112 1844 1271 1905 necessario,
1294 1860 1346 1908 per

210 1911 323 1960 futurum
342 1915 440 1976 tempus
459 1908 625 1959 enarrabitur.
661 1910 732 1960 nude
755 1912 805 1960 hue
829 1910 893 1960 illud
911 1910 1108 1976 Porphyrionis:
1134 1909 1182 1972 „Si
1198 1915 1346 1977 propitr’us

210 1977 343 2029 Romanos
361 1980 458 2043 aspicit
475 1977 581 2042 Apollo,
600 1978 694 2028 aeetias
711 1980 847 2029 saeculam
865 1978 960 2029 tribuet
978 1981 1006 2027 in
1024 1977 1175 2037 satarum.“
1203 1979 1248 2029 Sic
1268 1981 1345 2029 enim

211 2062 240 2096 ex
259 2048 312 2095 suis
330 2045 484 2095 membranis
501 2044 627 2110 Cruquius
646 2046 740 2107 edidit;
758 2062 810 2096 non
828 2050 857 2095 ut
875 2046 958 2110 vulgo,
978 2046 1083 2096 tribuat
1097 2045 1231 2105 futuram.
1262 2048 1343 2097 Unde

210 2113 319 2178 amplius
337 2120 439 2163 constat
456 2114 600 2174 nonnullos,
620 2118 688 2176 (nam
707 2115 809 2164 Scholia
826 2119 911 2165 vetera
929 2119 1048 2163 centones
1066 2118 1127 2163 sunt
1145 2130 1174 2163 ex
1185 2115 1266 2165 variis
1276 2132 1343 2165 con·

211 2182 272 2235 eutii
290 2182 383 2245 legisse
401 2182 476 2245 olim,
504 2188 645 2246 prorogat.
682 2182 750 2237 Quid
775 2183 875 2233 multa?
901 2187 929 2231 tu
947 2186 986 2232 tot
1009 2181 1155 2231 auctoribus
1184 2181 1268 2232 fretus
1286 2199 1343 2234 non

210 2249 357 2299 dubitanter
375 2250 494 2301 restitue:
517 2249 658 2313 „Alterum
682 2252 711 2299 irs
730 2250 843 2300 teatrum
861 2250 1005 2314 meliusque
1029 2264 1132 2314 semper
1149 2251 1277 2315 Prorogat
1297 2268 1343 2302 ae·

211 2319 300 2368 aum.“
336 2322 369 2378 et,
388 2316 562 2380 „opimantur
585 2318 675 2367 Diana
699 2333 790 2382 preces
808 2320 927 2367 virorum
945 2317 1036 2378 Curat,
1061 2322 1086 2366 et
1103 2320 1171 2367 votis
1184 2334 1343 2383 puerorum

212 2388 311 2435 amicas
328 2386 450 2451 Applicat
467 2388 571 2436 atores.“
605 2385 680 2434 Nihil
699 2386 780 2435 verius
798 2386 958 2436 decentiusve
976 2385 1028 2434 dici
1046 2385 1137 2448 potuit.
1162 2387 1252 2436 Primo
1270 2388 1343 2438 enim

211 2453 308 2502 Chorus
326 2470 372 2517 pro
390 2453 497 2517 imperio
515 2457 540 2503 et
558 2469 584 2503 re
602 2454 722 2515 Romana,
740 2469 787 2519 pro
805 2453 923 2518 principe
941 2458 967 2502 et
983 2452 1083 2502 civibus
1100 2457 1159 2502 vota
1175 2455 1296 2519 Apollini
1316 2460 1342 2505 et

211 2522 309 2571 Dianae
326 2520 601 2584 nuncupatxltandem
619 2522 692 2585 quasi
710 2522 836 2585 praesenti
864 2522 969 2571 numine
996 2520 1098 2570 afflatus
1124 2521 1174 2571 toti
1199 2525 1289 2573 coetui
1316 2529 1343 2573 et

212 2604 319 2638 coronae
337 2589 513 2638 circumstanti
530 2588 636 2638 fidenter
654 2593 754 2653 narrat,
779 2594 838 2638 vota
862 2605 908 2638 sua
926 2588 957 2638 ab
975 2588 1025 2638 diis
1043 2589 1173 2651 exaudiri,
1196 2605 1341 2656 precesque

211 2664 279 2705 ratas
297 2655 393 2704 haberi.
428 2655 501 2705 Unde
519 2656 641 2705 continuo
659 2657 744 2718 addit,
770 2656 860 2719 „llaec
876 2657 964 2707 lovem
981 2657 1076 2706 sentire
1095 2657 1208 2722 deosque
1227 2666 1340 2710 canctus

213 2724 288 2788 Spem
314 2723 404 2771 bonam
428 2728 571 2787 certamque
597 2723 697 2773 domum
720 2729 848 2789 reporto.“
874 2730 900 2774 et
917 2725 1000 2790 Epist,
1019 2724 1054 2785 II,
1071 2727 1091 2774 l.
1110 2741 1133 2775 v.
1154 2727 1211 2777 134.
1239 2727 1289 2777 ubi
1307 2726 1340 2778 ad

213 2792 259 2840 hoo
278 2790 362 2853 ipsum
380 2805 480 2839 carmen
497 2790 603 2856 respicit
620 2791 725 2855 Noster,
743 2792 850 2855 „Poscit
867 2808 941 2856 opem
960 2793 1064 2855 citerus,
1083 2798 1109 2842 et
1125 2795 1273 2856 praesentia
1293 2812 1341 2845 nu·

212 2858 281 2908 mina
299 2857 404 2907 sentit.“
440 2859 479 2907 Ite
497 2859 607 2908 Tiresias
634 2859 702 2924 apud
721 2861 842 2911 Senecam
858 2860 969 2911 Hercule
986 2861 1097 2909 Furente
1115 2877 1138 2908 v.
1157 2863 1215 2912 571.
1236 2863 1341 2927 [Oedip.

211 2928 272 2988 568]
299 2924 448 2989 ,aravium
473 2942 566 2976 manas
587 2942 650 2977 voce
677 2934 702 2977 et
721 2932 835 2979 attonita
854 2930 939 2992 ciet,“
968 2933 1069 2994 etpost
1099 2928 1211 2992 aliquam
1241 2947 1340 2981 moram

212 3000 244 3059 [v.
255 2997 323 3057 571]
342 2994 464 3058 „Audiam
484 3000 556 3045 vates
574 2998 622 3055 ait,
640 2997 704 3046 Rata
723 2994 798 3046 verba
816 2996 896 3048 fudi.“
915 3001 940 3046 et
956 2997 1053 3046 Statius
1072 2996 1133 3047 Silv.
1151 2998 1230 3058 111‚2
1250 3002 1284 3062 [v.
1296 3001 1339 3062 50]

212 3064 281 3127 „soti
298 3063 423 3128 Zeplipro
441 3066 477 3111 sit
493 3066 570 3127 copia
590 3063 664 3127 raeti,
684 3063 761 3114 Seius
780 3070 845 3129 agat
861 3080 978 3131 puppes,
995 3079 1162 3129 summasque
1179 3072 1342 3131 supernatet

211 3132 306 3182 erudas.
340 3130 480 3180 Audimur:
504 3136 582 3181 vocat
598 3134 654 3196 ipse
671 3133 781 3183 raterrs.“
817 3132 846 3182 ld
865 3149 922 3183 vero
941 3132 1041 3182 videtur
1059 3133 1142 3181 fraudi
1160 3133 1241 3183 tuisse
1258 3135 1340 3185 libra·

211 3200 266 3261 riis,
284 3204 313 3248 ut
330 3199 439 3263 priscam
457 3198 591 3248 lectionem
607 3205 742 3264 prorogat
765 3200 963 3266 interpolarent3
990 3200 1051 3264 quia
1075 3207 1248 3264 praecesserat
1273 3202 1340 3253 illud

212 3268 243 3316 de
261 3265 383 3331 Apolline
402 3269 434 3328 [v.
452 3268 510 3328 65],
534 3267 580 3328 „Si
599 3267 736 3317 Palatinas
753 3267 823 3317 videt
840 3284 940 3333 aequas
964 3284 1039 3319 arces
1056 3266 1170 3332 demque
1187 3266 1338 3321 Romanam

213 3334 405 3397 Latiamque&
431 3332 605 3384 Autumabant
622 3336 689 3385 enim
706 3341 764 3401 post
781 3335 847 3386 illud
864 3340 894 3397 si,
914 3334 1059 3386 obtestandi
1072 3335 1232 3401 particulam,
1251 3354 1339 3389 neces·

213 3402 280 3451 sario
298 3401 371 3464 sequi
389 3400 479 3451 debere
496 3402 597 3452 modum
614 3404 683 3453 vorbi
694 3403 844 3469 optativum,
862 3404 993 3468 Prorogat
1005 3419 1105 3456 aerum:
1125 3409 1154 3453 ut
1171 3419 1231 3454 sane
1241 3408 1338 3471 passim

213 3469 281 3535 apud
299 3470 390 3518 Pottas
415 3469 534 3534 subsequi
558 3471 629 3520 solet.
665 3471 756 3536 Virgil.
782 3475 843 3521 Aen.
862 3474 896 3532 Il,
912 3474 970 3524 536.
990 3472 1073 3536 ·,,Ι)ι’,
1099 3473 1173 3536 siqua
1197 3479 1237 3522 est
1263 3474 1337 3524 eaelo

212 3540 313 3603 pietas,
342 3551 411 3600 quae
430 3538 496 3587 talia
514 3544 596 3601 earet,
623 3539 771 3590 Persolvant
795 3545 889 3603 grates
907 3539 1004 3604 dignas
1021 3546 1048 3590 ct
1063 3542 1185 3604 praemia
1203 3541 1338 3592 reddant.“

213 3611 238 3656 et
255 3605 285 3656 V.
303 3621 326 3653 v.
346 3606 403 3656 tet.
438 3604 531 3666 „liceat
550 3606 710 3657 deserentem
737 3610 870 3671 attingere
891 3606 1032 3673 Thybrim,
1060 3609 1087 3659 Si
1116 3624 1240 3659 concessa
1266 3616 1337 3675 peto,

213 3676 234 3725 si
254 3674 319 3724 dant
336 3689 367 3722 ea
383 3676 489 3723 maenia
507 3674 634 3723 Pareae.“
668 3676 700 3724 In
718 3691 767 3738 quo
785 3680 870 3724 tamen
889 3691 930 3725 eos
948 3675 1037 3740 opinio
1054 3675 1153 3727 fefellit.
1185 3677 1253 3727 Eam
1271 3680 1338 3728 enim

213 3741 364 3808 particulam
382 3756 504 3806 usurpare
522 3742 642 3792 sollemne
653 3749 706 3807 cst,
723 3759 775 3793 nou
794 3747 893 3792 tantum
911 3759 969 3792 cum
987 3743 1091 3794 deorum
1108 3759 1181 3808 opem
1191 3754 1337 3809 precantur,

213 3826 298 3860 verum
317 3809 394 3860 etiarn
411 3825 469 3859 eum
487 3809 548 3859 deos
565 3810 693 3876 propitios
712 3816 781 3861 certo
805 3810 856 3861 sibi
873 3811 1044 3876 pollicentur;
1070 3816 1100 3862 ut
1116 3812 1175 3872 hic,
1194 3813 1337 3878 Prorogat,

213 3878 312 3942 inquit,
338 3892 431 3927 acorem
448 3881 477 3927 iri
495 3878 602 3941 melias,
629 3881 654 3927 si
671 3894 771 3943 aequus
788 3894 845 3929 rem
861 3877 1009 3930 Romanam
1026 3879 1106 3930 videt.
1139 3879 1246 3931 Ovidius
1264 3884 1337 3933 Pont.

213 3946 299 4010 II,ll.
325 3947 411 4007 [nat]
430 3945 471 4008 „0
488 3945 609 4005 referant
624 3952 731 4009 grates,
759 3951 886 4011 paeonium
904 3963 958 3998 narr
973 3963 1116 4013 possumus
1133 3950 1201 4014 ipsi,
1220 3947 1261 3999 Di
1275 3952 1338 4001 titi:

172 4012 174 4017 ’
214 4015 262 4077 qai
277 4012 394 4075 referent,
415 4014 501 4078 sipia
518 4013 592 4073 faeta
610 4014 726 4064 uideat.“
752 4014 972 4067 0vid.Trist.11.
998 4018 1029 4078 [v.
1051 4019 1109 4079 155]
1135 4015 1203 4077 „Per
1228 4033 1337 4084 saperes

214 4082 308 4196 Zgnptprpi
319 4083 375 4174 ‘pai
391 4079 455 4131 dent
472 4082 521 4130 titt
533 4081 622 4146 longa,
642 4081 788 4147 dabuntque
801 4081 938 4149 Tempora,
956 4081 1105 4135 Hortarium
1123 4083 1233 4136 simodo
1243 4101 1335 4138 nomeu
