2834 4758
189 288 255 352 '292
583 304 614 363 o.
637 303 779 351 nonarrr
800 304 924 352 nnnoer

235 452 264 501 15
278 438 418 506 Tacent:
440 442 473 502 et
495 435 589 503 albus
611 455 668 501 ora
688 437 793 523 pallor
813 437 931 516 infioit;

318 523 506 604 Montesque
528 522 696 607 perculsae
718 529 858 608 stupent.

276 608 330 674 Sio
351 611 415 673 est:
438 606 554 672 aoerba
576 605 645 672 lata
664 607 826 674 Romanos
847 613 958 689 agunt,

318 691 496 774 Soelnsque
518 692 678 757 fraternae
699 693 805 770 neois3

274 776 319 842 Ut
338 776 525 842 inmerentis
546 776 640 841 fluxit
659 776 693 840 in
716 783 835 843 terram
857 777 948 844 Remi

232 872 264 924 ao
320 863 418 928 Saoer
439 862 609 947 nepotibus
632 880 734 926 eruor.

704 1014 783 1079 VIII

447 1131 500 1195 IN
528 1129 673 1197 ANUM
700 1131 1053 1200 LIBIDINOSAM.

273 1253 400 1332 Rogare
421 1249 518 1330 longo
540 1248 686 1335 putidam
708 1255 740 1315 te
762 1251 901 1332 saeculo,

316 1334 410 1399 Vires
432 1333 511 1416 quid
533 1341 662 1400 enervet
682 1338 795 1401 meas‘l

275 1418 358 1483 Cum
379 1417 422 1484 sit
443 1418 502 1483 tibi
524 1418 603 1485 dens
625 1426 703 1495 ater,
726 1425 759 1484 et
780 1419 871 1502 rugis
892 1425 985 1487 vetus

316 1504 468 1567 Frontem
491 1509 640 1569 seneotus
662 1510 786 1583 exaret3

246 1586 414 1670 5Hietque
435 1588 539 1673 turpis
560 1588 644 1654 inter
665 1589 773 1656 aridas
794 1593 887 1654 nates

315 1673 435 1750 Puden,
457 1674 545 1737 velut
566 1674 684 1739 orudae
705 1674 807 1740 bovis.

275 1758 340 1823 Sed
361 1757 473 1823 inoitat
493 1778 545 1823 me
566 1765 688 1844 peetus,
712 1766 744 1825 et
765 1779 923 1825 mammae
945 1765 1065 1844 putres,

314 1844 442 1925 Equina
463 1844 577 1926 quales
600 1844 714 1920 ubera;

272 1930 454 2011 Venterque
475 1927 591 2006 mollis,
615 1934 647 1993 et
667 1928 772 1995 lemur
795 1929 990 1995 tumentibus

232 2025 261 2074 10
317 2013 410 2078 Exile
432 2013 515 2079 suris
537 2013 692 2078 additum.

272 2099 351 2163 Esto
373 2099 484 2164 beata:
508 2097 605 2164 funus
626 2105 724 2180 atque
745 2098 904 2181 imagines

315 2184 443 2248 Duoant
465 2183 675 2268 triumphales
696 2189 803 2248 tuum:

272 2268 340 2333 Nee
363 2267 405 2333 sit
427 2268 543 2333 marita
565 2267 647 2350 quae
669 2268 906 2333 rotundioribus

316 2352 441 2419 Onusta
461 2352 568 2419 baoois
590 2352 742 2418 ambulet.

234 2450 263 2498 ro
278 2436 374 2517 Quid,
397 2438 483 2521 qnod
505 2436 604 2504 libelli
627 2438 726 2504 Stoioi
747 2438 830 2502 inter
852 2436 971 2503 sericos

313 2524 422 2590 Iaoere
445 2522 594 2608 pulvillos
616 2526 752 2588 amanti

473 2624 531 2674 VII.
557 2642 580 2675 v.
601 2626 640 2676 15.
662 2624 738 2689 Vulg.
759 2623 812 2674 Ora
830 2623 922 2687 pallor
940 2623 1024 2674 alera.

186 2754 253 2788 nara
286 2754 317 2789 ao
344 2738 448 2801 ferrum
478 2741 577 2792 auderi
605 2742 731 2793 vecordia
755 2742 891 2792 ruerent.“
929 2740 1046 2791 Ceterum
1070 2740 1134 2790 illud
1158 2740 1309 2806 interpretes

186 2808 285 2854 nostros
304 2806 428 2858 solllcitos
445 2809 530 2871 habet,
550 2809 612 2873 quid
629 2811 733 2875 proprie
750 2813 847 2871 nolent,
867 2813 893 2859 et
910 2808 1035 2874 quomodo
1054 2808 1122 2858 inter
1140 2824 1166 2858 se
1192 2808 1310 2858 differant
1402 2818 1403 2823 ’

185 2873 274 2936 saror,
293 2876 332 2923 ors
357 2879 456 2941 aerim,
483 2883 509 2927 et
532 2876 619 2942 eulpa.
655 2877 701 2940 Tu,
727 2878 749 2928 si
771 2877 848 2944 sapis,
873 2878 910 2928 sio
935 2876 1075 2942 explicabis
1100 2880 1126 2926 et
1148 2875 1308 2942 distingues:

1402 2878 1404 2931 l

185 2940 329 3006 „Furores
347 2959 447 3008 naseos,
466 2961 501 2995 an
519 2947 594 3010 rapit
611 2948 651 2995 vis
669 2949 768 3009 aerior,
788 2946 831 2995 An
849 2946 929 3011 eulpa
936 2948 965 2995 ?“
987 2945 1036 2995 hoo
1060 2948 1107 3009 est,
1125 2949 1251 2995 ubemur
1267 2943 1309 3005 su·
1402 2974 1403 2979 =

185 3025 249 3060 rore
272 3015 299 3060 et
321 3013 446 3063 vecordia
470 3016 498 3063 in
523 3013 620 3063 bellum
645 3014 723 3063 civile
746 3016 835 3078 ruitis,
860 3029 896 3063 on
914 3017 942 3063 oi
959 3019 984 3064 et
1001 3016 1044 3063 ira
1062 3013 1173 3063 deorum
1190 3015 1253 3075 uoti,
1272 3026 1308 3062 aa

1402 3030 1404 3065 l

1402 3068 1404 3089 l

185 3080 297 3129 seientes
313 3080 459 3145 prudentes
477 3087 503 3131 et
520 3087 608 3131 uestra
626 3081 725 3147 eulpa?
743 3083 782 3131 lta
800 3081 866 3132 <liris
884 3081 935 3131 fere
959 3079 1026 3147 apud
1044 3080 1183 3145 Virgilium
1200 3080 1308 3141 dubitet,
1402 3114 1403 3127 r

185 3150 271 3195 utrum
288 3147 342 3197 fato
366 3165 398 3200 an
422 3165 483 3200 oasu
506 3165 538 3199 en
557 3149 633 3215 culpe
651 3150 679 3199 in
697 3165 807 3200 amorem
825 3149 959 3200 inciderit:
986 3166 1059 3200 versu
1076 3152 1135 3201 455.
1171 3148 1241 3214 „Vel
1257 3148 1308 3199 lato

185 3213 271 3273 foerdt
292 3218 368 3267 nobis
397 3219 463 3268 daeo
487 3218 574 3268 debita
595 3220 693 3282 postis,
719 3217 769 3268 Vel
790 3234 851 3268 casu
874 3222 993 3284 incepto,
1019 3217 1109 3268 marite
1131 3217 1174 3267 vel
1196 3217 1308 3282 donique

186 3280 288 3346 eulpa.“
312 3283 357 3335 ubi
374 3284 457 3336 obiter
475 3285 661 3350 corrigendum,
698 3285 748 3336 Vel
765 3302 829 3337 eoru
847 3289 998 3336 incerto.
1035 3284 1083 3337 Vis
1107 3287 1198 3335 αονίον
1222 3284 1306 3336 eadem

185 3353 230 3408 est,
250 3363 314 3412 quae
332 3351 380 3402 Vis
397 3356 492 3404 maior.
521 3353 601 3402 Gaius
616 3354 643 3403 in
661 3353 759 3418 Digest.
777 3352 851 3406 XIX.
870 3354 921 3404 Tit.
940 3356 963 3405 2.
981 3354 1030 3418 leg.
1049 3355 1090 3405 25.
1109 3357 1169 3404 seot.
1189 3355 1212 3405 6.
1241 3351 1306 3417 „Vir

183 3417 279 3480 maior,
298 3434 377 3482 quom
388 3419 486 3470 Groeor‘
501 3421 570 3472 θεοῦ
585 3419 656 3486 βίαν,
677 3422 708 3471 id
724 3427 763 3472 est
780 3425 833 3472 vim
852 3422 978 3483 diuisam,
998 3422 1142 3488 appellant,
1161 3437 1216 3471 non
1234 3421 1307 3472 debet

185 3482 345 3535 conductori
370 3487 499 3538 damnosa
522 3491 602 3538 esse.“
636 3490 759 3554 Vegetius
777 3491 798 3552 Ι,
817 3493 859 3542 24.
893 3489 965 3555 „Sed
988 3490 1035 3539 obi
1058 3491 1097 3539 vis
1122 3490 1205 3540 aerior
1224 3491 1306 3540 immi·

183 3555 249 3601 neat
265 3551 389 3617 bostium,
414 3562 469 3605 tom
493 3556 613 3622 legitimo
630 3557 705 3618 ferra
722 3560 851 3608 ambirem
869 3561 993 3609 oonoam't
1009 3561 1114 3608 mnatre
1132 3557 1306 3608 castrorum.“

184 3620 264 3670 Porro
289 3624 329 3671 vis
351 3621 398 3672 illa
422 3626 510 3673 maior
533 3625 674 3690 opponitur
691 3625 802 3692 eulpae:
828 3633 858 3676 ut
875 3626 925 3691 hio,
944 3626 988 3676 An
1005 3628 1079 3691 rapit
1096 3628 1136 3675 oie
1154 3629 1252 3690 aomar,
1270 3640 1305 3675 en

107 3732 110 3737 .
184 3687 284 3754 eulpa?
306 3689 403 3755 Digest.
427 3691 501 3755 XIII,
520 3692 544 3755 l,
565 3695 603 3746 13.
642 3693 743 3757 „Venit
766 3697 794 3744 in
819 3695 869 3744 beo
893 3698 996 3745 ardone
1018 3699 1045 3744 et
1067 3694 1144 3744 dolus
1171 3700 1197 3744 et
1222 3694 1304 3759 eulpa,

184 3758 258 3806 venit
281 3762 308 3807 et
330 3760 461 3823 custodia,
487 3760 526 3809 ris
550 3761 632 3810 maior
659 3777 713 3812 non
737 3763 835 3812 venit.“
872 3761 940 3816 Ibid.
964 3761 1036 3823 XIII,
1057 3764 1080 3824 7,
1105 3764 1145 3814 30.
1182 3760 1305 3828 „Culpam

184 3822 328 3877 dumtaxat
350 3830 376 3878 ei
397 3828 597 3894 praestandam,
622 3844 675 3880 non
699 3830 751 3880 vim
768 3830 896 3880 maiorem.
935 3830 1046 3880 Tandem
1065 3833 1148 3880 autem
1170 3830 1305 3897 respondet

181 3891 315 3957 Horatius,
332 3894 396 3960 „Sic
414 3901 467 3949 ost:
486 3899 582 3947 acerba
599 3894 659 3957 sata
677 3895 812 3948 Romanos
829 3900 947 3963 agunt“:
964 3898 1012 3948 hoo
1030 3902 1077 3960 est,
1095 3900 1123 3947 oi
1138 3901 1248 3964 maiore,
1266 3897 1304 3948 dt-

184 3961 246 4010 ot‘na
264 3964 315 4025 ira,
334 3969 361 4013 et
377 3964 459 4026 fatali
476 3967 632 4015 necessitate
650 3967 715 4015 baec
733 3968 865 4016 eueniunt.
900 3966 997 4016 Errant
1015 3967 1057 4016 hie
1076 3967 1236 4032 interpretes

254 4031 293 4080 15.
316 4030 354 4080 Et
377 4048 426 4083 ora
450 4033 543 4097 pallor
566 4033 642 4083 altus
665 4033 763 4097 inficit]
799 4034 877 4084 Reote
894 4035 942 4084 hoo
962 4034 1077 4100 quidem:
1103 4034 1146 4085 sed
1164 4034 1304 4101 elegantius

182 4097 265 4174 tamen
283 4098 373 4149 EdItio
391 4099 522 4162 Losoheri,
540 4100 592 4150 alio
609 4101 742 4152 verborum
760 4102 857 4166 ordine,
876 4101 1004 4167 ,‚Taoerrt,
1025 4107 1052 4153 et
1068 4101 1141 4152 albus
1159 4119 1204 4153 ors
1219 4103 1305 4171 pellor

182 4160 295 4220 refieit.“
330 4165 404 4222 Quod
428 4174 454 4218 et
479 4168 581 4218 flrmant
604 4168 703 4219 oodioes
727 4171 809 4220 nostri
833 4171 986 4235 Baginensis
1010 4176 1036 4221 et
1053 4170 1149 4235 Regiae
1166 4172 1303 4233 societatis,

184 4242 240 4275 oum
258 4232 356 4283 Acrone
373 4239 399 4284 et
417 4236 486 4285 edito
505 4240 530 4286 et
546 4236 729 4301 manusoripto.
765 4237 862 4293 Quidni
879 4254 940 4303 ergo
958 4239 1128 4303 recipiemus?
1207 4274 1210 4280 ·
1301 4268 1304 4275 .
