2834 4758
192 223 255 287 164
571 237 603 298 o.
626 237 768 285 nonnum
790 238 914 287 nnncor

277 370 396 436 Dicunt
418 370 450 434 in
472 376 581 436 tenero
603 371 748 453 gramine
770 371 938 458 pinguium

236 469 265 519 ro
280 456 439 523 Custodes
461 455 568 521 ovium
590 457 731 522 carmina
753 457 877 537 fistula3

276 542 509 622 Delectantque
530 543 646 616 Deum,
669 542 720 606 cui
742 562 842 628 pecus
864 548 895 609 et
916 543 1028 627 nigrae

398 624 505 691 Colles
527 625 685 690 Arcadiae
705 627 843 712 placent.

278 710 450 777 Adduxere
472 709 557 776 sitim
579 716 733 798 tempora,
755 712 884 794 Virgili:

280 796 344 862 Sed
366 815 514 882 pressum
537 794 669 862 caribus
692 796 808 863 ducere
829 797 980 863 Liberum

237 894 266 944 15
281 880 316 947 Si
338 880 449 964 gestis,
472 880 622 947 iuvenum
642 880 796 946 nobilium
818 882 927 960 eliens,

398 964 507 1030 Nardo
529 965 604 1031 vina
626 966 809 1032 mereberis.

277 1050 380 1116 Nar-di
400 1069 520 1133 parvus
542 1069 630 1147 onyx
652 1050 755 1116 eliciet
778 1051 903 1131 eadum,

278 1135 343 1214 Qui
364 1154 448 1200 nunc
474 1134 625 1219 Sulpiciis
647 1135 787 1201 adcubat
808 1135 940 1213 horreis,

278 1220 361 1305 Spes
384 1220 508 1286 donare
530 1239 630 1285 novas
652 1220 773 1302 largus,
796 1239 970 1303 amaraque

234 1315 265 1367 ro
406 1304 563 1369 Curarum
586 1305 693 1370 eluere
716 1305 838 1370 efficax.

279 1388 330 1453 Ad
352 1408 435 1471 quae
458 1388 486 1454 si
507 1408 661 1474 properas
684 1389 813 1471 gaudia,
836 1410 907 1454 cum
930 1395 986 1455 tua

279 1472 381 1538 Velox
401 1492 505 1539 merce
526 1474 613 1540 veni:
636 1493 699 1538 non
721 1494 782 1556 ego
805 1480 836 1539 tc
857 1473 938 1540 meis

279 1559 447 1624 Inmunem
468 1559 605 1623 meditor
626 1559 772 1641 tinguere
794 1559 927 1644 poculis,

401 1644 500 1709 Plena
522 1643 613 1710 dives
638 1644 726 1710 utin
749 1644 854 1709 domo.

238 1740 269 1792 25
282 1726 403 1794 Verum
425 1747 510 1813 pone
531 1748 638 1793 moras
661 1736 693 1794 et
716 1728 856 1794 studium
880 1728 978 1812 lueri3

279 1812 517 1895 Nigrorumque
539 1833 661 1878 memor
683 1813 759 1879 dum
780 1813 855 1879 licet
875 1813 1008 1895 ignium,

279 1897 381 1964 Misce
405 1896 572 1963 stultitiam
595 1898 736 1964 consiliis
759 1899 903 1964 brevem:

400 1983 503 2048 Dulce
527 1989 576 2047 est
598 1983 744 2068 desipere
766 1984 799 2047 in
820 1985 899 2048 loco.

711 2153 801 2218 XlIl.

595 2254 668 2319 AD
712 2252 921 2318 LYCEN.

280 2368 451 2449 Audivere,
473 2371 569 2455 Lyce,
592 2373 635 2437 Di
658 2392 730 2436 mea
752 2378 834 2442 vota,
859 2373 901 2434 Di

280 2454 451 2530 Audivere,
474 2457 570 2540 Lyce.
614 2457 654 2522 fis
676 2476 768 2536 anus,
791 2463 951 2522 ettamen

324 2540 381 2605 Vis
404 2539 545 2605 formosa
566 2540 677 2619 videri,

404 2623 569 2705 Ludisque
592 2631 624 2690 et
645 2626 729 2692 bibis
751 2625 927 2712 inpudens:

475 2740 497 2774 v.
518 2727 557 2775 11.
576 2726 652 2791 Vulg.
672 2727 708 2777 lu
725 2729 806 2791 nigri.
844 2729 883 2778 16.
903 2724 1043 2775 Merebere.

267 2842 304 2891 11.
340 2838 425 2904 Nigri
449 2841 528 2893 eolles
553 2843 697 2906 Arcadiae]
738 2844 899 2894 Battelianus
922 2858 971 2908 pro
990 2842 1060 2891 varia
1077 2841 1204 2906 lectione;
1246 2841 1324 2892 Deie-

198 2914 323 2973 clarique
347 2908 440 2972 Deum,
466 2913 512 2959 eur'
532 2926 613 2975 pecus
635 2916 661 2960 11
686 2911 775 2976 nigrae
801 2911 884 2961 Colles
908 2909 1043 2961 Arcadiae
1057 2910 1194 2976 placent.“
1223 2909 1331 2960 Eodem⁴

194 2977 270 3042 plane
281 2976 350 3027 redit
367 2978 502 3038 sententia,
522 2983 547 3028 et
564 2979 715 3042 compositio
734 2986 772 3030 est
790 2980 938 3043 elegantior.

269 3047 304 3097 16.
341 3043 435 3096 Nardo
459 3049 522 3096 uiua
540 3049 680 3109 merebere]
716 3048 756 3096 lta
780 3048 906 3097 editiones
924 3047 1036 3111 priscae3
1053 3044 1121 3095 unde
1143 3044 1227 3094 locum
1246 3044 1322 3095 semel

196 3120 346 3179 occupatum
377 3115 499 3164 hactenus
530 3116 620 3164 tenuit.
663 3114 712 3164 Sed
741 3115 862 3165 Lambini
893 3119 919 3165 et
936 3112 1086 3164 Bersmanni
1119 3112 1233 3176 aliquot,
1265 3128 1322 3163 cunr

195 3187 279 3232 vetere
298 3186 386 3231 nostro
405 3183 555 3243 Graeciano,
579 3182 780 3247 Magdalenenai,
804 3189 830 3232 et
847 3183 986 3233 Bodleiano
1004 3183 1159 3240 mereberis3
1183 3185 1260 3245 atque
1285 3182 1323 3230 ita
1398 3192 1399 3251 1

196 3249 356 3299 Battelianus
373 3267 420 3315 pro
444 3252 515 3300 varia
538 3250 655 3300 lectione.
692 3250 766 3305 Quod
790 3267 867 3316 quare
890 3260 943 3301 non
968 3250 1116 3315 recipiatur,
1139 3248 1206 3298 nihil
1232 3249 1319 3299 video:
1398 3300 1399 3315 ¹

196 3315 318 3367 libentius
343 3319 411 3368 enim
434 3320 502 3368 hunc
527 3334 625 3367 versum
651 3318 713 3382 pede
738 3317 851 3381 Cretico,
876 3335 952 3384 quam
969 3317 1089 3383 Dactylo,
1116 3315 1233 3366 claudere
1256 3317 1322 3367 solet

196 3385 302 3435 Noster:
327 3390 352 3434 et
370 3400 430 3434 sane
454 3385 553 3435 dulcius
578 3401 663 3435 aurem
687 3386 754 3436 serit.
790 3385 906 3436 Ceterum
931 3386 961 3436 de
979 3402 1052 3435 versu
1076 3386 1242 3449 praecedente
1265 3386 1321 3435 ina·
1398 3438 1399 3449 ,

197 3451 640 3517 11111111111111111111111111111,
659 3452 709 3516 „Si
724 3457 814 3518 gestis,
837 3455 957 3506 iuvenum
976 3454 1102 3504 nobilium
1120 3453 1231 3502 cliens“:
1258 3468 1320 3517 quo·

196 3535 252 3570 rum
276 3518 322 3567 alii
339 3518 469 3568 Tiberium
493 3526 519 3570 et
536 3521 646 3570 Drusum
670 3526 695 3571 et
719 3522 874 3584 Marcellum,
899 3523 943 3572 alii
969 3521 1058 3572 Caium
1081 3526 1107 3570 et
1132 3519 1321 3570 1111111011-
1398 3538 1399 3541 ¹

197 3602 264 3637 sares
290 3586 498 3650 interpretantur.
533 3588 639 3638 Frustra
661 3589 777 3653 utrique:
811 3606 869 3639 nam
893 3590 994 3640 nobiles
1016 3593 1124 3639 irecense
1148 3587 1332 3653 quoscumque

195 3656 237 3705 hic
261 3654 400 3719 intelligit,
425 3655 478 3718 qui,
503 3660 533 3705 nt
557 3656 651 3720 ubique
675 3673 722 3706 usu
747 3658 831 3719 venit,
863 3658 1007 3722 principem
1036 3657 1076 3706 sui
1106 3657 1163 3705 aevi
1186 3659 1319 3721 poetarum

195 3724 313 3774 clientem
324 3727 349 3772 11
357 3722 467 3772 sodalem
486 3722 535 3772 sibi
554 3724 736 3774 adsciscebant.
762 3725 877 3775 Valerius
892 3726 958 3775 Max.
969 3725 1015 3787 lX,
1028 3728 1066 3777 16.
1086 3726 1147 3788 [1,6]
1165 3723 1319 3788 „Siquidem
1398 3768 1399 3775 ,

196 3792 286 3853 sorum
310 3796 445 3853 nostrum,
479 3797 505 3840 11
526 3795 613 3856 patris
638 3792 761 3843 Curionis
783 3796 972 3857 grauissimum
996 3794 1183 3858 supercilium,
1213 3798 1240 3841 11
1266 3792 1321 3852 tilii

195 3862 341 3909 1111111111
372 3861 521 3909 sestertium
546 3863 617 3910 ueris
641 3861 726 3910 alieni
749 3864 861 3926 aspecit,
887 3866 1055 3911 contractum
1079 3859 1184 3921 famosa
1215 3861 1318 3909 iniuria
1398 3888 1399 3921 ,

195 3925 320 3977 nobilium
338 3926 489 3987 iuvenumf‘r
523 3926 1117 3994 111111111117[1,1],(1101ο1111;,,Ν11111
1133 3931 1317 3977 matronarum
1398 3936 1399 3943 ¹

195 3998 222 4043 11
245 3994 440 4045 adolescentium
464 3995 589 4045 nobilium
604 4011 823 4059 1131111111
841 3999 954 4047 emtae.“
978 3997 1073 4046 Seneca
1091 3996 1121 4045 (11
1132 3994 1279 4056 Clementia,
1299 3996 1318 4056 l,

195 4062 220 4111 b.
238 4061 264 4127 [ἦ
282 4065 308 4124 5]
335 4061 413 4125 „Ego
431 4077 490 4111 sum
508 4062 638 4114 nobilibus
660 4063 894 4126 adolescentibus*)
918 4067 1069 4130 expositum
1094 4068 1182 4129 caput,
1201 4066 1229 4112 irc
1248 4063 1320 4128 quad

197 4142 334 4179 mucrones
352 4132 480 4179 acuant.“

248 4208 266 4259 ·)
281 4207 459 4259 [uelamentum
472 4213 503 4252 ed.
516 4210 597 4263 Haase]
