2840 4752
443 312 627 361 SERMONUM
648 310 714 358 ΜΒ·
730 313 765 360 11.
787 308 811 360 4.

119 451 298 515 Naturam.
344 406 487 532 Simplex
510 466 528 513 c
550 444 633 510 dulci
656 452 781 511 constat
802 446 895 512 olivo.

90 547 121 598 65
136 539 177 600 At
199 532 312 620 pingui
333 533 466 599 Miscere
488 550 576 596 mero
599 531 768 615 muriaque
789 531 923 610 decebit,

399 667 421 701 v.
441 652 482 703 65.
506 649 582 714 Vulg.
601 646 680 713 Quod
695 653 795 715 pingui
811 652 882 703 misc.

67 789 183 850 dixisset,
200 787 333 849 ferventia
351 787 512 849 offeruntur,
531 800 545 834 e
563 785 651 849 coquis
669 785 768 835 scilicet
784 786 824 836 rel
840 786 974 841 ministris.
1000 791 1093 840 Noster
1110 793 1192 844 Scrm.

67 858 111 919 Il,
131 858 153 908 8.
171 872 194 909 v.
207 856 249 907 42.
284 856 412 916 „Affertur
429 853 540 920 squillac
558 854 629 902 inter
644 868 775 904 muroena
792 859 941 905 notanter.“
966 864 992 907 et
1008 875 1031 907 v.
1051 860 1090 911 86.
1118 861 1191 922 ,‚dr'r-,

68 930 162 993 coepto
185 925 294 973 ferentes
319 923 437 972 Mernbrn
452 923 556 986 ΨΜ
590 921 732 983 Martialis,
759 922 816 972 loco
832 923 883 972 iam
901 928 960 979 ante
975 926 1087 991 laudato,
1106 929 1127 990 Ι,
1146 931 1191 980 ll.

68 994 114 1056 [42
132 1006 154 1040 v.
173 994 199 1054 9]
234 990 330 1054 ‚,'Quod
346 990 472 1039 firmantia
495 988 539 1054 qi1i
559 989 673 1039 tomacla
691 1004 791 1039 rarccuc
808 989 957 1042 Circumfert
976 994 1071 1059 tepidis
1089 1011 1192 1060 coquus

66 1062 202 1126 popinis.“
236 1058 370 1109 Petronius
392 1058 421 1107 in
439 1056 512 1119 (lena
525 1056 720 1109 Trimalchionis
739 1060 770 1121 [c.
789 1060 845 1121 311:
876 1060 985 1120 „Adlata
1010 1068 1121 1114 cottum
1137 1078 1191 1129 gu-

68 1131 151 1178 statio
169 1127 246 1177 ualde
264 1128 370 1176 louto“=
388 1132 414 1175 et
432 1141 489 1175 mox
508 1128 539 1187 [c.
558 1126 615 1187 33],
640 1124 833 1187 „Gustmte'bus
850 1128 938 1178 adbuc
955 1131 1042 1190 nobis,
1061 1136 1192 1196 reposito-

69 1199 143 1245 rium
160 1195 272 1245 adlatum
290 1199 328 1244 ert
346 1208 405 1244 eum
424 1195 527 1243 corbe.“
561 1193 598 1241 Et
620 1193 713 1244 iterum
738 1197 768 1255 [a
788 1196 846 1257 34],
873 1195 988 1257 „Statim
1011 1198 1109 1248 adlatae
1133 1216 1191 1248 errr-

65 1265 173 1330 pboroe
190 1266 291 1313 vitreae
309 1262 452 1326 diligenter
467 1263 626 1327 gppsotae.“

100 1373 102 1376 ,
139 1333 179 1384 65.
216 1330 293 1394 Qrcod
306 1331 407 1395 pingui
423 1332 532 1379 miseere
549 1331 631 1391 mero]
665 1329 750 1379 Locus
768 1330 904 1381 intricatus
922 1336 948 1381 et
964 1332 1097 1384 molestus:
1123 1334 1193 1397 „nrt

70 1415 168 1464 operae
182 1401 300 1463 pretium
310 1397 425 1463 duplicia
443 1402 602 1461 cognoscere
619 1399 688 1446 ius-tr
697 1395 840 1450 Naturam.
866 1398 987 1466 Simpleu
1003 1418 1016 1451 e
1034 1401 1108 1452 dcclci
1125 1407 1191 1452 oon*

69 1472 126 1517 etot
142 1466 228 1517 oliuo.-
247 1464 430 1531 Quodpr'ngui
445 1467 557 1514 metuere
571 1478 644 1514 mero
661 1468 803 1530 muriaque
820 1467 928 1529 docebit,
946 1468 1008 1519 Non
1027 1470 1090 1531 olio,
1109 1487 1188 1535 quom

70 1551 125 1600 guo
141 1534 277 1601 Byzantio
293 1536 401 1600 putruit
417 1533 508 1586 orca.“
541 1532 593 1582 Ubi
610 1532 754 1598 principio,
779 1539 839 1584 sunt
855 1536 900 1600 qui
917 1536 992 1601 longe
1010 1538 1114 1599 melius,
1132 1555 1190 1588 mu-

69 1602 132 1652 tatis
149 1602 210 1652 hinc
228 1607 253 1651 et
270 1601 330 1651 hinc
348 1600 473 1667 partibus,
488 1603 589 1667 pingue·
606 1600 676 1650 olivo
695 1607 721 1651 et
738 1601 813 1653 dulei
824 1618 897 1653 mero
908 1604 1004 1654 dictum
1017 1605 1069 1655 fore
1083 1611 1190 1670 putenm

69 1675 100 1720 ut
117 1674 161 1720 aut
179 1672 215 1720 sic
233 1669 367 1734 legendum
384 1668 475 1730 luerit,
499 1668 631 1734 „simple-‘c
647 1686 663 1717 c
678 1668 771 1735 pingui
789 1677 894 1721 constat
911 1672 997 1722 olivo:
1025 1673 1102 1736 Quod
1118 1675 1189 1724 dulci

69 1741 180 1789 mirem
196 1753 269 1787 mero
286 1740 428 1801 moeniaque
445 1737 583 1797 decebit“;
602 1742 646 1785 aut
664 1737 781 1788 consulto
798 1743 874 1801 poeta
891 1741 928 1788 sic
943 1756 1019 1805 prave
1033 1741 1134 1792 locutus
1146 1744 1190 1805 sit,

71 1823 124 1871 quo
142 1806 243 1856 (latium
256 1806 340 1870 'magis
358 1804 524 1856 deridendum
540 1804 630 1855 lectori
648 1806 775 1871 propinet.
805 1808 847 1857 Ite
864 1821 924 1856 sane
940 1813 1042 1874 pingue
1060 1811 1145 1859 oleum
1163 1817 1190 1860 et

68 1877 180 1941 pinguis
206 1874 271 1923 oliui
291 1872 417 1938 Virgilius
435 1874 507 1936 [Aen.
526 1872 570 1933 Vl,
587 1875 651 1932 2543
674 1874 730 1924 Ilcl.
749 1877 773 1935 5,
792 1876 849 1937 68];
877 1874 951 1925 dulci
974 1880 1036 1926 vino
1063 1885 1088 1927 et
1116 1879 1192 1928 dulce·

68 1958 142 1993 mero
160 1942 253 1992 Noster
269 1940 333 1992 alibi
350 1941 442 2004 [Germ.
461 1942 510 2004 111,
531 1941 570 2001 12,
591 1944 619 1999 1;
634 1941 682 2002 ΙΠ,
705 1944 747 2002 13,
766 1944 793 2004 2]
811 1942 883 1992 dixit
924 1944 995 1994 Haeo
1014 1944 1115 2008 quidem
1133 1946 1190 1996 illi:

68 2011 97 2060 in
124 2009 229 2076 quibus,
256 2014 285 2059 ut
301 2009 449 2075 plerumque
472 2010 543 2068 alias,
570 2008 694 2059 iudicium
719 2012 800 2074 magis
827 2025 901 2075 quam
928 2013 1096 2063 eruditionem
1121 2014 1188 2063 desi·

68 2080 148 2129 dores.
176 2078 277 2142 Quippe
293 2077 358 2127 illud
376 2078 418 2127 hie
436 2092 487 2126 non
505 2077 600 2138 vident,
618 2078 704 2126 oleum
720 2081 822 2144 pingue
839 2083 865 2128 et
876 2094 977 2129 merum
993 2079 1069 2133 dulce
1084 2097 1191 2146 genere·

67 2147 106 2196 lia
132 2151 157 2196 et
174 2151 296 2213 perpetua
320 2145 435 2211 epitheta
459 2161 525 2205 esse,
553 2144 692 2195 etidcirco
716 2146 776 2196 huic
798 2145 867 2196 Catii
895 2148 1019 2210 orationi,
1047 2165 1097 2213 qua
1124 2150 1190 2200 iuris

67 2215 278 2279 compositionem
296 2213 388 2275 tradit,
412 2214 501 2277 inepta
517 2227 620 2277 prorsus
638 2218 663 2262 et
680 2212 771 2264 aliena.
806 2214 874 2269 Quid
891 2215 959 2265 enim
976 2216 1070 2267 attinet
1086 2220 1190 2284 pingue

69 2283 171 2333 aticum
188 2279 372 2347 praescribere3
391 2297 448 2332 cum
465 2296 539 2330 omne
554 2281 637 2339 meum
655 2282 752 2347 pingue
769 2281 821 2348 sit?
847 2287 891 2333 aut
909 2282 986 2334 dulce
1002 2300 1112 2347 merum,
1130 2302 1188 2335 cum

67 2367 166 2401 merum
183 2351 358 2414 quodcumque
376 2366 405 2400 eo
423 2349 525 2400 nomine
542 2350 633 2399 rorent
650 2354 747 2415 poetae,
766 2364 860 2401 umora
879 2366 1007 2404 curarum
1024 2352 1112 2403 cluere
1130 2355 1190 2416 effi-

68 2419 143 2469 cnm?
169 2418 242 2474 Quod
260 2419 283 2467 si
301 2434 396 2468 merum
414 2418 506 2475 declce,
526 2433 578 2467 non
596 2433 652 2467 cum
670 2419 768 2483 potus,
791 2419 834 2469 sed
851 2434 907 2469 eum
924 2420 1031 2472 medicis
1050 2426 1075 2472 et
1091 2423 1127 2471 rei
1146 2439 1189 2470 ru·

69 2487 151 2537 sticae
175 2485 357 2552 scriptoribus,
383 2491 488 2536 austero
506 2485 549 2536 hic
566 2501 694 2552 opponas:
719 2490 802 2537 tamen
826 2486 866 2536 vel
890 2488 935 2551 sic,
953 2488 1099 2554 ambiguum
1123 2497 1190 2540 essct

67 2560 248 2622 praeceptum
276 2560 338 2617 quot
361 2555 428 2603 enim
453 2558 478 2604 et
495 2569 570 2620 quam
588 2554 687 2605 divema
704 2555 767 2605 meri
785 2554 866 2605 dulcis
884 2571 977 2620 genera
995 2556 1074 2608 sunt?
1102 2557 1189 2608 Satius

67 2639 130 2687 ergo
149 2628 187 2672 est
203 2627 330 2688 receptam
347 2623 459 2671 omnium
477 2621 593 2672 codicum
606 2622 741 2679 lectionem
758 2623 838 2688 sequi,
856 2624 987 2689 „simplex
1004 2642 1018 2674 e
1035 2624 1110 2675 dulci
1127 2641 1189 2676 con-

67 2697 125 2741 stat
142 2691 242 2741 olico“:
261 2692 310 2740 hoc
327 2696 373 2754 est,
389 2706 442 2740 non
460 2689 573 2754 rancido,
594 2706 645 2740 non
662 2690 771 2744 foetido:
794 2691 866 2742 utin
884 2690 996 2756 simplici
1014 2695 1069 2743 iure
1087 2695 1188 2744 mundi·

67 2760 145 2821 tiem,
162 2759 190 2808 in
209 2758 349 2824 composito
366 2762 445 2808 artem
463 2762 489 2807 et
506 2759 658 2824 sapientiem
676 2764 826 2825 praeceptor
842 2760 885 2810 hio
903 2765 1020 2811 ostentet.
1056 2762 1109 2811 Iste
1126 2778 1187 2811 vero

68 2843 135 2892 quae
153 2830 310 2891 sequuntur,
332 2825 429 2890 ,'‚Quod
444 2828 543 2892 pingui
558 2829 668 2877 miscere
684 2843 757 2877 mero
774 2831 915 2893 mur-ioque
933 2828 1059 2892 decebr’t“,
1087 2846 1186 2880 crucem

67 2911 130 2945 sane
148 2895 231 2960 figunt
248 2892 439 2960 interpretibus.
471 2893 604 2949 Quodnam
622 2896 689 2944 enim
708 2900 745 2944 est
761 2898 1000 2960 pinguessimum?
1018 2898 1187 2964 Porphyrioni

66 2963 184 3013 mulsum
202 2967 248 3014 est.
284 2964 318 3011 At
335 2965 393 3027 qui,
412 2978 520 3027 quaeso,
547 2963 602 3013 fleri
619 2968 716 3027 potest,
736 2969 763 3013 ut
781 2964 847 3013 idem
865 2968 891 3013 et
908 2978 1009 3013 menum
1027 2966 1061 3014 sit
1079 2972 1105 3015 et
1121 2967 1189 3016 mul·

66 3046 143 3093 sum3
162 3037 187 3080 et
198 3025 318 3098 ἄκρατον
329 3035 354 3080 et
365 3029 543 3099 μελίκρατον,
561 3035 587 3080 et
604 3031 676 3080 nulla
692 3047 720 3080 re
737 3032 851 3095 mixtum,
870 3037 895 3082 et
912 3031 985 3081 melle
1004 3035 1189 3098 temperatum?

66 3100 127 3150 Hoc
150 3097 358 3149 absurdissimum
377 3103 427 3149 est:
454 3097 520 3148 unde
538 3104 598 3148 sunt
621 3099 665 3162 qui
692 3115 738 3164 pro
755 3098 837 3149 mulso
854 3104 969 3149 murmur
986 3101 1055 3167 apud
1073 3101 1189 3153 Scholia·

67 3174 132 3218 stem
156 3171 299 3233 reponuntr
324 3167 401 3231 idque
424 3167 479 3217 iure
502 3166 597 3218 factum
621 3170 675 3216 esse
700 3167 828 3216 videatur:
856 3172 966 3217 mustum
993 3170 1061 3219 enim
1086 3173 1191 3236 pingue

68 3236 176 3286 dicitur.
214 3234 331 3284 Tibullus
348 3236 375 3296 I,
401 3237 422 3285 1.
449 3237 482 3297 [s.
501 3236 527 3297 9]
562 3233 636 3296 „Nec
652 3251 711 3300 opes
728 3235 869 3298 destituat,
895 3236 941 3285 sed
957 3234 1069 3302 frugum
1086 3254 1192 3304 semper

68 3319 180 3355 aceruos
196 3303 333 3364 Praebeat,
352 3307 378 3352 et
393 3304 473 3367 pleno
491 3304 599 3367 pinguia
616 3306 699 3352 musta
716 3302 804 3356 locu.“
839 3303 977 3354 columella
995 3304 1062 3356 libro
1079 3305 1112 3367 X,
1130 3308 1189 3372 ipso

67 3374 119 3422 fine
139 3375 170 3435 [v.
192 3373 265 3434 4321:
293 3370 424 3434 „Fervent
445 3376 477 3420 ut
500 3370 587 3427 lacus,
611 3376 638 3421 et
658 3372 742 3421 resulto
767 3373 897 3438 completa
914 3372 1030 3424 Falerno
1049 3373 1192 3425 [insudent

67 3441 163 3506 pingui
180 3441 335 3505 spumantia
353 3438 425 3488 dolia
442 3440 551 3489 morton
577 3440 674 3504 Itaque,
692 3440 715 3489 si
732 3441 780 3490 hoc
798 3440 879 3491 voluit
896 3441 997 3503 Noster,
1016 3448 1083 3493 recte
1100 3444 1191 3511 utique

67 3509 190 3572 dixisset,
217 3506 312 3571 „Quod
333 3509 433 3572 pingui
454 3511 540 3556 murto
564 3511 590 3556 ct
611 3510 700 3557 metria
717 3510 828 3558 mucore
846 3510 973 3559 decebit.“
1006 3510 1099 3559 Verum
1118 3511 1190 3560 aliud

66 3577 145 3641 longe
164 3580 202 3625 est
218 3578 320 3641 pingue
336 3579 451 3624 mustum
469 3574 564 3640 dicere,
590 3575 660 3625 aliud
677 3578 778 3641 pingue
794 3591 896 3626 merum
913 3592 959 3642 pro
978 3582 1060 3627 musto
1079 3594 1189 3644 ponere:

66 3644 135 3695 illud
153 3644 255 3708 elegans
273 3647 298 3692 ct
315 3643 456 3708 potticum3
474 3643 522 3692 hoc
540 3643 665 3707 putidum,
682 3639 838 3705 κακόζηλον,
858 3649 884 3695 et
901 3644 1009 3696 Horatio
1027 3662 1129 3709 prorsus
1147 3646 1189 3694 in-

67 3712 184 3779 diguum.
220 3712 260 3762 An
284 3713 386 3776 pingue
411 3722 471 3774 ergo
488 3725 589 3761 merum
607 3726 663 3761 cum
682 3709 807 3760 Lambino
833 3716 859 3761 et
876 3712 1009 3762 Torrentio
1035 3714 1189 3778 interpreta-

66 3782 155 3831 bimur
174 3795 306 3843 crussunr,
324 3794 379 3829 non
397 3779 576 3843 defoecatum,
594 3794 648 3829 uon
668 3793 745 3829 sacco
763 3779 897 3829 colatum?
924 3781 962 3828 An
982 3780 1068 3844 potius
1085 3785 1191 3847 pingue

67 3851 112 3899 hic
130 3852 274 3913 opponetur
292 3848 384 3897 tenui?
402 3846 489 3896 Celsus
507 3848 527 3907 1,
546 3850 570 3899 6.
589 3851 624 3914 [p.
643 3849 683 3909 23,
702 3848 734 3898 29
752 3846 879 3909 Daremb.]
909 3846 1077 3913 „Numquam
1096 3851 1189 3899 vinnm

67 3917 170 3968 salsum
189 3917 276 3965 bibere
293 3915 415 3981 enpcdit,
440 3931 473 3964 ne
492 3918 566 3965 tenue
584 3916 703 3981 quidem,
734 3918 783 3963 aut
805 3915 896 3964 derlee:
921 3915 968 3965 ced
985 3921 1135 3980 austerum,
1163 3923 1192 3966 et

66 3986 186 4051 plenius,
211 3999 295 4048 neque
311 3983 342 4033 id
357 3986 444 4049 speum
460 3986 610 4048 peruetus.“
643 3983 714 4032 Idem
730 3982 816 4046 itaque
833 3982 948 4033 fortassis
966 3984 1014 4032 erit
1031 3987 1133 4050 pingue
1150 3986 1188 4034 vi-

67 4069 144 4114 num,
164 4052 230 4118 quod
247 4052 363 4117 plenum.
395 4052 494 4100 Iterum
513 4049 599 4102 Celsus
616 4052 657 4111 Il,
677 4051 715 4102 18.
735 4053 770 4113 [p.
790 4052 830 4112 66,
851 4053 891 4113 15]
926 4051 977 4114 „lo
993 4055 1098 4113 uinum,
1117 4053 1193 4117 quod

66 4136 219 4187 paucorum
238 4134 379 4182 annorum,
397 4120 439 4169 vet
455 4125 599 4181 center-um,
617 4118 659 4168 ool
674 4118 770 4183 pingue
788 4124 833 4182 est,
851 4122 881 4168 e'n
892 4119 979 4169 medio
991 4123 1104 4170 materia
1123 4123 1191 4172 est.“

67 4192 111 4239 Ita
136 4189 217 4240 edidit
242 4186 428 4238 eruditissimus
446 4187 602 4237 Lindenius:
629 4187 758 4235 Ronsaeus
782 4186 809 4235 in
836 4191 956 4236 contextu
980 4186 1055 4247 hene,
1075 4187 1188 4251 dedorat,

63 4261 173 4326 pingue
195 4256 228 4306 ed
250 4255 388 4320 marginem
412 4254 579 4319 ablegaverat.
619 4253 748 4306 Habemus
772 4255 853 4319 igitur
876 4271 977 4306 merum
1000 4259 1114 4323 pingue:
1143 4257 1191 4308 sed
