2840 4762
385 244 564 293 cunamen
583 247 652 294 LIB.
674 249 697 295 1.
713 241 737 295 8.
753 243 777 296 9.

534 396 592 463 ΙΧ.

331 512 396 577 AD
419 513 797 585 THALIAROHUM.

96 645 201 723 Vides,
224 653 259 712 ut
280 646 347 712 alta
369 652 432 714 stet
452 647 526 713 nive
547 648 719 716 candidum

96 734 232 810 Soracte,
255 751 314 797 nec
335 731 400 796 iam
422 733 602 798 sustineant
623 754 704 801 onus

96 817 199 883 Silvae
220 818 414 897 laborantes,
437 819 577 900 geluque

131 901 280 967 Flumina
302 903 502 969 constiterint
522 913 626 969 acuto.

96 986 240 1053 Dissolve
262 986 374 1069 frigus,
397 987 486 1070 ligna
507 1008 606 1074 super
627 988 698 1055 ioco

96 1073 195 1153 Larga
217 1091 374 1158 reponens
381 1094 390 1152 ;
413 1080 511 1156 atque
532 1072 702 1154 benignius

110 1159 272 1243 Deprome
294 1157 497 1239 quadrimum
520 1158 650 1238 Sabina,

135 1241 162 1309 Ο
185 1241 386 1320 Thaliarche,
408 1263 532 1309 merum
554 1241 651 1309 diota.

96 1327 241 1394 Permitte
262 1327 354 1394 Diris
376 1335 519 1395 caetera:
543 1327 598 1411 qui
621 1328 718 1395 simul

96 1413 241 1478 Stravere
262 1419 375 1479 ventos
397 1432 538 1497 aequore
559 1414 682 1481 fervido

109 1496 363 1583 Deproeliantis;
385 1518 443 1564 nec
464 1498 619 1585 cupressi,

131 1582 199 1648 Nec
219 1589 345 1650 veteres
366 1584 530 1665 agitantur
550 1583 630 1650 orni.

96 1666 174 1744 Quid
195 1666 237 1734 sit
258 1668 400 1733 futurum
421 1688 503 1747 cras,
525 1669 602 1750 iuge
624 1673 795 1751 quaerere3
819 1676 851 1735 et

96 1752 192 1830 Quem
214 1753 280 1819 fors
302 1752 425 1826 dierum
448 1772 582 1835 cumque
604 1753 703 1832 dabit,
725 1754 813 1820 lucro

111 1836 263 1922 Adpone:
286 1858 345 1904 nec
366 1838 470 1904 dulcis
491 1848 617 1905 amores

131 1922 252 2008 Sperne
273 1944 364 2009 puer,
386 1942 490 2006 neque
512 1930 548 1990 tu
570 1924 714 1991 choreas.

114 2071 202 2138 Vides,
220 2079 252 2125 art
273 2073 339 2142 alta]
364 2075 434 2126 Haec
451 2091 498 2141 par
517 2076 743 2142 interrogationem
761 2075 925 2141 proteruntur
949 2078 979 2129 in
1004 2078 1122 2130 omnibus

96 2141 171 2191 ibus:
190 2157 255 2206 quaa
272 2146 356 2193 terum
374 2144 517 2209 elegantius
534 2145 670 2195 omittitur.
698 2145 741 2194 Sic
759 2146 787 2194 in
796 2143 878 2194 Garun
896 2145 946 2207 111,
963 2148 1005 2209 28,
1018 2151 1043 2200 h.
1060 2147 1123 2211 „Ira-

96 2225 105 2257 ι
130 2210 266 2261 matidiam
292 2211 398 2275 Sentis,¹
422 2228 454 2263 aa
480 2212 627 2263 colorasset
648 2211 765 2263 volucria
791 2211 861 2275 aliae,
885 2213 978 2264 Parcis
1002 2215 1124 2281 deripere

96 2296 99 2313 ι
120 2275 266 2329 Cataoniam
279 2277 372 2329 Bitala
388 2279 505 2330 consulis
523 2281 706 2346 amphoram.“
738 2280 775 2329 Et
792 2280 829 2329 aio
853 2281 950 2332 Graeca
967 2282 1061 2345 alcaei,
1080 2282 1122 2347 [fr.

96 2345 127 2407 h]
145 2345 282 2396 nudehaec
298 2347 443 2398 adverbum
460 2351 510 2400 lare
525 2364 646 2398 conversa
663 2351 737 2409 snnt;
755 2341 836 2404 ,‚‘'Yes
852 2344 905 2415 μὲν
923 2343 937 2399 ὃ
955 2347 1030 2409 Ζεὺς,
1050 2347 1080 2403 ἓν
1097 2343 1123 2402 δ’

111 2411 198 2480 μέγας
215 2411 336 2482 Χειμών,
353 2411 509 2481 πεπάγασιν
526 2408 553 2465 d'
574 2411 683 2466 ὑδάτων
700 2413 795 2484 ροαί.“

113 2480 215 2532 Sabina
232 2510 264 2519 -
276 2481 359 2545 dieta]
378 2484 424 2533 Vir
433 2484 602 2534 Doctisaimus
620 2484 728 2535 Thomas
739 2484 802 2535 Gala
819 2483 1121 2549 legeremaluitSada'no.

110 2550 183 2612 quasi
201 2565 216 2599 a
233 2550 330 2601 Graece
348 2547 455 2612 διιόιης.
489 2551 578 2616 Neque
603 2552 814 2603 dissimulandum
832 2556 878 2615 cst,
896 2553 925 2603 in
944 2554 1122 2605 vetustissimis

96 2632 131 2666 »us
158 2618 301 2669 Graeciano
318 2623 344 2668 et
360 2620 514 2684 Baginensi,
531 2620 559 2669 in
577 2619 623 2669 illo
641 2621 797 2687 praesertim,
815 2621 981 2686 posteriorem
997 2638 1014 2672 a
1031 2622 1123 2673 sorana·

96 2683 153 2734 deri
181 2701 212 2735 ex
231 2701 253 2736 ο.
288 2686 430 2751 Utcumque
456 2688 504 2738 hoc
529 2687 620 2748 fuerit;
645 2688 741 2739 Graece
763 2694 831 2740 carte
855 2685 955 2745 δίωτος
971 2689 1011 2740 val
1029 2687 1123 2747 διωτὶς

97 2769 142 2813 ur;
161 2769 215 2803 uon
234 2749 333 2816 διαίτης
350 2771 396 2805 nec
415 2751 507 2817 aarum.
533 2755 622 2819 Neque
639 2757 708 2806 anim
725 2756 779 2807 ulla
795 2757 935 2822 composita
951 2774 981 2807 ex
999 2747 1054 2814 oda
1070 2764 1121 2810 ter·

96 2837 154 2870 ones
181 2837 223 2871 ess
246 2822 383 2888 recipiunt.
418 2818 555 2886 Μυοσιόιη
580 2823 658 2874 herba
681 2825 719 2874 sic
736 2825 806 2875 diota
823 2826 919 2875 citatum
935 2841 966 2875 ex
983 2827 1121 2891 Aegineta:

96 2888 177 2938 ndose
186 2887 380 2956 proponentia
391 2890 428 2940 vel
439 2887 509 2959 μυὸς
519 2881 584 2941 ὦτα.
611 2893 755 2959 Hesychius
768 2898 852 2943 tamen
865 2898 958 2956 noster,
974 2889 1120 2952 Ἐνιόταις,

98 2973 130 3011 ις.
156 2959 187 3024 τῇ
205 2955 366 3027 προσωδίςι,
393 2953 429 3014 ὥς
453 2952 591 3027 φιλόπαις.
616 2960 761 3027 Σοφοκλῆς
783 2956 996 3030 Αἰχμαλωτίσιν.
1032 2962 1083 3019 Qui
1100 2965 1123 3013 ei

96 3024 203 3075 tincerna
221 3030 294 3087 esset,
313 3027 465 3077 nesciremus
483 3031 575 3090 tamen,
594 3032 711 3078 utrumne
729 3029 757 3078 iu
769 3045 829 3079 casu
841 3034 911 3079 recto
923 3025 1023 3091 ἐνιότης
1044 3031 1123 3081 luerit

96 3087 148 3153 irq.
175 3093 225 3143 Sed
242 3094 346 3143 omnino
363 3094 431 3144 fallit
448 3112 494 3145 nos
511 3096 663 3161 Hesychius,
681 3100 706 3146 at
723 3097 894 3162 lippientibus
911 3096 992 3146 oeulis
1010 3098 1123 3165 inspexit

96 3161 195 3224 udices,
223 3163 289 3212 uude
312 3162 362 3212 ista
387 3163 530 3228 descripsit
565 3164 667 3228 Quippe
691 3164 733 3215 illi
758 3165 901 3215 habuerunt
916 3160 1049 3223 Ἐνόπαις,
1069 3182 1121 3217 non

96 3245 132 3282 τις.
174 3231 270 3279 Auctor
292 3230 464 3296 Etymologici
487 3231 588 3296 Magni:
610 3225 743 3290 Ὲνοπαῖς,
770 3234 827 3288 τοῖς
847 3228 979 3289 laudare,
1000 3226 1121 3285 ἀπὸτοῦ

96 3297 134 3345 ῶν
158 3289 237 3346 ὤτων
255 3291 336 3353 ὀπαῖς
351 3301 467 3349 κεῖσθαι.
494 3297 648 3366 Σοφοκλῆς.
684 3299 762 3350 Vides
770 3300 837 3350 hunc
849 3316 880 3350 ex
891 3299 978 3350 eodem
996 3300 1121 3367 Sophocle

96 3360 247 3422 ιένόπαις,
275 3366 404 3417 utendam
440 3367 498 3418 lnna
521 3367 722 3432 significatione,
749 3383 800 3432 qna
822 3368 887 3418 altar
909 3383 983 3418 auum
999 3364 1121 3426 ἐνώταις.

106 3449 165 3482 vero
183 3433 321 3495 dubitabis,
340 3435 402 3499 quin
421 3429 531 3490 ενόπαις
548 3436 642 3485 rectius
660 3436 702 3497 sit,
720 3440 773 3486 tum
792 3436 899 3499 quedah
920 3429 972 3499 ὀπὴ
991 3437 1121 3500 formetur,

96 3500 139 3550 rod
157 3504 188 3551 ut
204 3496 336 3568 apricante
354 3503 543 3566 pronunciatur.
571 3502 676 3553 Glossae
687 3502 839 3565 Philoxeni3
857 3504 947 3568 Dicta,
966 3500 1120 3574 ἀμφόριον,

96 3564 173 3635 ἱριον.
213 3569 262 3619 Sed
280 3585 326 3620 nec
343 3570 404 3620 inde
421 3571 556 3635 quicquam
574 3571 693 3621 didiceris
699 3610 707 3635 ,
725 3572 857 3637 generisne
875 3572 909 3622 sit
926 3574 1070 3640 masculini,
1089 3591 1121 3625 an

96 3639 124 3688 ri.
153 3637 237 3692 Quare
250 3637 331 3689 tutius
349 3643 395 3701 eat,
413 3639 487 3689 utin
505 3655 531 3688 re
549 3639 611 3689 adeo
629 3639 727 3689 incerta
744 3639 912 3704 plurimorum
935 3642 1051 3692 codicum
1077 3659 1121 3693 au·

96 3710 142 3755 tem
160 3721 301 3770 sequamur.

96 3778 109 3823 t.
128 3771 221 3839 Neque
239 3779 268 3823 tu
286 3774 406 3836 adoreas]
441 3774 568 3840 Displicet
577 3775 631 3824 viro
640 3789 736 3825 summo
748 3775 815 3825 Iulio
834 3776 964 3841 Scaligero
981 3775 1121 3842 pronomen

114 3842 248 3893 intrusum.
286 3840 392 3905 Versus,
411 3842 455 3904 ait,
474 3845 590 3907 coegisse
607 3843 712 3893 videtur
730 3858 803 3908 aram,
828 3849 860 3894 at
875 3860 1022 3910 pronomen
1039 3848 1121 3896 intar-

96 3915 117 3958 e.
136 3910 203 3959 Sane
221 3908 378 3960 anodiaibus
396 3910 511 3960 Patrensi
529 3916 554 3960 at
563 3910 676 3960 Galeane
692 3910 764 3962 abest
772 3917 819 3974 tn,·
837 3912 951 3974 fortasse,
961 3912 1027 3978 qued
1037 3916 1062 3962 et
1074 3913 1120 3963 Li·

111 3993 211 4041 qnoque
228 3978 309 4028 otiose
326 3978 440 4042 positum
452 3976 593 4030 videbatur.
613 3977 664 4029 Cur
681 3977 761 4043 igitur
770 3979 847 4031 iidem
857 3980 966 4046 Virgilio
976 3980 1121 4046 ignoscunt,

96 4045 150 4095 deur
167 4044 243 4109 plane
261 4045 336 4096 modo
362 4045 463 4098 locutus
481 4052 530 4109 est,
558 4049 619 4096 Aen.
643 4048 673 4109 V,
691 4049 749 4101 456.
767 4047 1012 4113 „Ihaacipa'temqua
1027 4049 1121 4099 Daren

121 4117 181 4179 agit
204 4128 319 4180 aequora
344 4118 406 4175 tolo,
441 4112 521 4165 Νιιαο
540 4114 636 4166 deutra
654 4118 822 4180 ingeminans
840 4118 917 4177 ictus,
935 4131 1007 4166 παπο
1023 4116 1068 4167 ille
1084 4120 1120 4167 ιι·-
1153 4138 1162 4151 ·

96 4184 112 4209 “
139 4183 175 4232 Et
192 4182 308 4249 Homero,
327 4198 385 4233 eum
403 4178 450 4250 ὅγε
467 4183 503 4233 sic
516 4183 717 4250 usurpatOdyss.
728 4186 756 4234 B.
768 4185 825 4237 326.
844 4187 870 4235 et
887 4183 966 4234 alibi:
984 4187 1036 4242 „H
1044 4201 1121 4241 τινας
