2834 4758
228 236 289 297 aba
636 248 668 306 Q.
691 246 833 294 nonsrn
853 247 978 297 snsccr

310 386 354 451 Ut
375 380 513 447 horridis
535 386 705 462 utrumque
727 380 876 447 verberes
897 382 994 461 latus,

353 468 481 543 Auster,
503 472 662 530 memento
683 463 843 530 fluctibus.

284 553 414 634 tNiger
435 550 587 616 rudentes
608 549 724 624 Eurus,
747 547 874 616 inverso
895 552 987 631 mari,

353 639 549 718 Fractusque
571 654 676 700 remos
697 634 835 699 differat.

312 726 465 802 Insurgat
486 719 614 802 Aquilo,
637 727 778 801 quantus
800 719 875 786 altis
897 721 1058 789 montibus

355 806 489 887 Frangit
511 804 675 870 trementis
696 803 796 869 ilices.

312 895 380 959 Nec
403 891 493 957 sidus
515 898 586 953 atra
608 896 700 954 nocte
721 888 860 953 amicum
882 898 1048 975 appareat,

272 993 301 1042 tc
357 977 429 1055 Qua
451 974 551 1040 tristis
574 972 672 1040 Orion
695 973 797 1038 cadit:

312 1062 475 1141 Quietiore
496 1079 555 1124 nec
576 1060 698 1123 teratur
718 1076 858 1140 aequore

356 1147 460 1225 Quam
483 1144 582 1210 Graia
603 1143 758 1209 victorum
780 1163 912 1221 manus;

314 1232 394 1297 Cum
417 1231 525 1296 Pallas
549 1234 620 1294 usto
641 1228 737 1293 vertit
756 1227 838 1292 iram
859 1228 900 1293 ab
922 1228 982 1293 Ilio

355 1317 392 1380 In
413 1315 535 1400 inpiam
556 1313 664 1380 Aiacis
687 1319 798 1378 ratem.
1015 1387 1021 1397 ,

274 1402 343 1467 150
366 1408 506 1484 quantus
527 1398 627 1463 instat
647 1397 765 1463 navitis
788 1398 886 1462 sudor
907 1398 981 1475 tuis,

355 1484 492 1566 'Fibique
513 1484 617 1570 pallor
638 1483 754 1561 luteus,

314 1570 356 1634 Et
375 1569 433 1633 illa
454 1588 517 1634 non
539 1567 641 1634 virilis
662 1568 803 1641 eiulatio,

356 1656 471 1720 Preces
492 1661 525 1719 et
545 1674 694 1718 aversum
715 1653 758 1717 ad
778 1652 902 1729 Iovem3

314 1738 424 1805 Ionius
447 1739 510 1803 udo
532 1758 603 1803 cum
627 1737 809 1820 remugiens
833 1736 922 1801 sinus

273 1837 304 1887 20
360 1825 444 1890 Noto
467 1823 609 1889 carinam
631 1822 760 1908 ruperit

229 1944 335 2009 placet?
353 1959 388 1993 aa
406 1945 500 1993 arelius
518 1947 578 2007 quir
595 1943 673 1991 tabet
685 1940 817 1991 eundem?
833 1937 1043 1989 secundellatem
1061 1955 1194 2006 occupare
1212 1944 1281 2008 qaid
1297 1960 1352 1994 mo·

230 2027 323 2061 nomm·
334 2012 430 2062 alitem
449 2011 544 2060 Tamen
555 2008 634 2059 codex
649 2009 761 2072 optimus
773 2008 925 2072 Baginensis
940 2007 1007 2056 clare
1023 2007 1078 2056 illic
1093 2009 1213 2071 praefert,
1228 2010 1352 2061 secundm

230 2079 513 2143 Catullueltpigramm.
523 2077 607 2128 LXII.
627 2076 700 2141 [LXI
710 2094 731 2125 v.
748 2078 790 2139 20]
808 2077 896 2139 „bona
906 2090 966 2125 crem
982 2075 1050 2124 bons
1066 2074 1231 2128 Nabatslite
1248 2081 1353 2144 vir-gof‘
1398 2102 1399 2139 r

298 2149 321 2198 8.
348 2146 467 2209 Frangit
493 2150 632 2196 trementer
649 2144 732 2207 ilr‘ccr]
769 2143 854 2193 Plotio
871 2143 1042 2193 Grammatico
1065 2144 1144 2193 reteri
1162 2145 1200 2194 sic
1222 2145 1295 2197 locus
1312 2146 1353 2196 hic
1398 2146 1399 2151 ’

230 2215 332 2278 citatur,
350 2231 375 2279 p.
387 2217 461 2267 1641.
473 2215 561 2277 [2647]
579 2212 840 2276 „lmurgarrqmm
860 2211 1048 2276 quartanorum
1056 2213 1190 2261 montrbar
1201 2215 1293 2278 Fregit
1303 2220 1353 2265 trs

231 2289 329 2332 suculas
347 2284 445 2333 tlicca.“
480 2283 516 2331 Et
540 2297 600 2331 sane
625 2278 726 2330 dulcius
750 2279 812 2344 quid
830 2278 898 2344 apud
916 2279 1008 2328 Polites
1025 2294 1086 2342 prae
1104 2295 1130 2329 se
1147 2279 1236 2331 serunt
1251 2283 1353 2333 Praete·

231 2351 289 2412 rita,
307 2367 383 2416 quem
401 2351 563 2401 Praesentia:
582 2353 612 2400 ut
628 2347 709 2399 (larm.
728 2348 772 2408 IV,
791 2350 815 2409 4,
837 2350 875 2399 lt.
912 2345 1041 2409 ‚staulam
1058 2350 1212 2398 ministram
1230 2349 1353 2410 futatim}

231 2419 321 2469 utitem
338 2448 371 2455 -·
389 2420 452 2482 Egit
484 2434 560 2468 umor
592 2417 670 2482 dapis
697 2421 777 2481 atque
804 2418 938 2480 pugnae.“
980 2414 1106 2479 Virgilius
1130 2417 1202 2478 [rien.
1222 2419 1259 2481 ΙΙ,
1278 2421 1353 2481 2231:
1399 2420 1400 2427 ’

230 2485 345 2548 „Quales
372 2489 498 2549 mergitur,
522 2486 590 2550 fugit
614 2500 674 2536 cam
691 2487 799 2533 saraciae
817 2498 894 2533 aram
915 2480 1028 2545 Taurus,
1052 2487 1078 2532 et
1094 2485 1226 2534 incertam
1244 2487 1354 2537 excussit

231 2559 332 2605 ceruice
355 2557 495 2604 securim.“
530 2555 655 2603 Neutrum
679 2556 763 2601 tamen
786 2551 829 2600 hic
853 2550 972 2612 admiror,
1001 2549 1062 2614 quie
1079 2551 1129 2599 iarn
1147 2567 1220 2602 versu
1239 2558 1353 2618 proximo

230 2621 329 2683 habuit,
348 2622 520 2685 „Fractusque
538 2636 624 2671 remeat
643 2620 778 2681 differat.“
803 2618 929 2682 Equidem
947 2618 1354 2673 111111111111111111111111111

233 2690 294 2752 quid
311 2688 430 2739 dixissem
448 2691 543 2752 potius,
563 2703 638 2752 quam
655 2688 695 2737 bis
713 2688 875 2736 continenter
891 2685 960 2735 idem
978 2686 1080 2736 verbum
1097 2687 1275 2739 inculeassern.

301 2758 339 2808 19.
366 2756 459 2805 lamias
484 2756 547 2818 udo]
582 2755 666 2806 Locus
689 2756 740 2816 hic,
762 2761 792 2804 ut
815 2755 842 2804 in
860 2754 981 2803 Loseheri
1006 2763 1033 2803 et
1050 2754 1178 2819 plerisque
1196 2757 1352 2810 editionibus

231 2823 347 2886 habetur,
365 2823 476 2885 „Ioniae
493 2823 546 2873 udo
566 2839 625 2872 caua
643 2826 795 2886 remugiens
813 2825 888 2872 sinas
905 2820 977 2872 Noto
996 2824 1118 2872 carinum
1135 2828 1269 2887 ruperit‚‘·
1287 2825 1352 2876 nihil

230 2892 332 2941 videtur
348 2890 507 2941 difficultatis
524 2890 624 2941 habere.
660 2891 738 2941 Recte
756 2891 824 2940 enirn
842 2890 935 2939 Ionius
950 2892 1033 2950 rimas,
1051 2897 1081 2938 ut
1098 2891 1247 2955 Propertius
1265 2895 1310 2954 IV,
1328 2897 1351 2946 a.

232 2963 265 3023 [r.
284 2963 326 3022 16]
344 2958 421 3022 „Qua
439 2960 510 3009 sinus
527 2960 616 3009 Ioniae
639 2974 780 3008 murmura
798 2957 890 3007 condit
911 2961 1017 3021 aquae.“
1035 2963 1061 3007 et
1078 2958 1180 3008 Servius
1198 2960 1230 3010 ad
1249 2962 1352 3013 Aeneid.

231 3028 280 3089 111,
299 3030 357 3081 211.
394 3027 449 3091 ,Fr
471 3028 609 3077 sciendum
627 3027 728 3076 Ionium
755 3027 840 3075 sinum
865 3042 919 3075 carr
944 3027 1099 3075 irrrmcrrram
1123 3027 1156 3076 ab
1174 3026 1253 3078 Ionia
1272 3046 1354 3096 usqae

234 3097 271 3147 cd
288 3096 435 3148 Siciliara.“
469 3097 547 3147 Recte
566 3096 644 3145 etiam
661 3093 1245 3157 11111111111151111118111.1611118]
1270 3113 1353 3163 „qaas

231 3166 282 3215 udo
303 3164 439 3216 Numidae
463 3180 579 3228 rapuere
602 3164 649 3212 rud
675 3164 796 3211 Austro.“
824 3161 855 3210 de
880 3178 930 3225 quo
947 3161 1005 3210 ride
1023 3160 1096 3225 plura
1114 3162 1146 3211 sd
1164 3161 1247 3214 (lami.
1266 3166 1311 3225 IV,
1329 3168 1352 3217 1.

230 3250 295 3284 vers.
312 3235 335 3285 9.
371 3232 461 3282 Editio
479 3237 562 3281 tamen
579 3231 684 3291 Veneta,
703 3230 770 3295 quod
787 3237 814 3280 et
831 3228 958 3293 Gruquius
975 3245 1006 3278 ex
1022 3228 1168 3279 Blandiniis
1186 3233 1240 3282 suis
1258 3235 1353 3297 profert

230 3307 257 3351 et
279 3300 386 3363 recipit,
414 3299 524 3361 „Ionias
546 3299 600 3348 mdo
627 3314 687 3349 cam
709 3301 862 3361 remugiens
885 3297 944 3346 sinu
968 3296 1051 3346 Notus
1075 3300 1197 3347 carinam
1222 3306 1353 3365 ruperit.“

233 3368 289 3422 Quo
315 3367 382 3417 nihil
399 3381 518 3430 umquam
536 3366 656 3430 frigidius
674 3371 700 3415 11
718 3366 842 3415 insulsius
861 3364 923 3415 ridi.
960 3363 1029 3419 Quid
1047 3365 1115 3413 enim
1132 3371 1171 3415 est
1189 3366 1283 3418 Ionius
1299 3369 1353 3420 Νο-

234 3437 293 3485 tur‘l
317 3435 373 3499 quis
397 3450 515 3498 nmquam
539 3432 640 3484 Notum
664 3450 693 3483 eo
711 3434 825 3497 epitheto
848 3432 972 3482 donavit?
1003 3431 1077 3487 Quod
1095 3433 1117 3481 si
1135 3435 1243 3485 maxime
1262 3437 1353 3488 Ioniae

233 3509 313 3553 tratur
330 3502 470 3561 diceretur3
496 3507 580 3551 tamen
605 3502 721 3566 ineptum
744 3501 820 3565 plane
838 3505 903 3550 esset
919 3500 968 3549 hoc
986 3500 1014 3548 in
1031 3500 1096 3561 loco,
1114 3501 1175 3565 quia
1192 3502 1309 3554 Maevius
1327 3507 1352 3556 in

234 3573 309 3622 lonw
327 3571 466 3619 martiam
485 3569 629 3634 navigabat.
664 3569 728 3619 Nam
747 3575 773 3618 et
786 3567 923 3618 Threicius
941 3568 1041 3633 quidem
1060 3567 1161 3619 Boreae
1179 3569 1292 3633 dicitur3
1311 3573 1354 3624 ssd

232 3655 283 3690 non
310 3637 337 3686 in
364 3637 473 3687 Threcia
499 3637 672 3687 versantibus:
705 3643 732 3687 et
756 3635 843 3687 Notus
869 3636 1001 3701 Libycam
1034 3636 1078 3685 sed
1109 3652 1160 3686 non
1187 3639 1256 3688 Atria
1282 3641 1353 3706 ipsis,

232 3724 316 3758 verum
349 3706 408 3755 aliis
439 3706 507 3755 inter
532 3704 640 3771 Libyam
672 3710 698 3754 et
723 3705 921 3769 septentrionem
946 3703 1104 3768 degentibus.
1153 3705 1189 3754 Et
1214 3706 1277 3770 quid
1304 3710 1353 3760 iam

232 3777 281 3826 erit
304 3775 357 3825 adu
381 3774 463 3824 sarra?
486 3774 544 3824 sinu
567 3773 691 3834 velorum,
719 3773 813 3837 inquit.
846 3771 926 3837 quid?
952 3788 985 3821 an
1008 3771 1067 3822 uela
1090 3773 1263 3824 nominaverat
1280 3784 1354 3828 antea

232 3846 340 3902 Nosterr
363 3849 391 3892 ut
414 3841 542 3891 commode
564 3842 605 3891 hic
632 3840 791 3905 subintelligi
816 3840 935 3904 possint?
959 3845 988 3889 ut
1011 3840 1039 3890 in
1063 3839 1109 3889 illu
1133 3839 1269 3893 Claudiani
1298 3862 1355 3896 mox

232 3913 324 3963 iterum
350 3911 467 3972 citando,
493 3910 622 3971 '„Iorrium
650 3912 752 3973 tegitur
776 3908 840 3958 velis
865 3910 988 3972 uentique
1014 3908 1139 3958 laborant
1168 3907 1216 3959 Tot
1242 3926 1355 3965 curuare

234 3981 331 4032 sinus.“
366 3980 456 4044 Nugae
479 3994 570 4029 merae.
605 3976 774 4027 Tolerabilior
790 3977 866 4040 longe
883 3979 923 4025 est
940 3974 991 4025 alia
1007 3975 1093 4037 lectio,
1112 3976 1205 4027 Ioniam
1222 3978 1276 4029 ado
1295 3996 1354 4032 cum

232 4050 383 4111 remugiens
400 4047 460 4096 sinu
477 4045 548 4097 Natu
567 4047 689 4096 carinam
707 4047 841 4109 ruperit‘:
867 4059 942 4107 quam
957 4043 1105 4093 Torrentius
1128 4043 1155 4093 in
1174 4051 1294 4108 quattuor
1312 4065 1354 4100 cu·

233 4115 335 4164 dinibus
352 4115 481 4163 inventam
505 4118 606 4162 secutus
627 4116 679 4173 cst,
703 4126 731 4160 ac
756 4118 844 4176 postea
867 4112 943 4160 Ianus
967 4112 1125 4175 Rutgersius,
1149 4117 1175 4162 ct
1197 4113 1248 4163 iam
1273 4133 1354 4183 nuper

237 4182 422 4232 eruditissimus
444 4183 576 4232 Basterus.
611 4176 663 4227 Ubi
687 4180 843 4229 constructio
870 4179 935 4241 erit,
962 4178 1026 4228 Cum
1045 4179 1137 4231 lousa
1162 4180 1354 4235 1111111111-
