2810 4764
192 289 255 349 150
533 299 567 358 o.
587 298 728 346 nonnum
748 299 872 347 moer

228 450 259 500 ts
273 435 336 514 Qui
357 441 474 499 terram
495 431 639 511 inertem,
662 433 717 516 qui
739 453 828 498 mure
847 438 1007 518 temperat

271 523 461 594 ventosum
484 525 516 583 et
538 519 667 583 umbras
689 538 853 601 regnaque
874 518 990 593 tristia,

311 606 485 686 Divosque,
508 603 715 685 mortalisque
736 605 847 668 turbes

353 688 491 774 Imperio
513 689 596 770 regit
617 708 701 754 unus
722 708 835 770 aequo.

540 807 563 837 r.
581 793 624 842 46.
640 789 718 853 Vulg.
734 789 771 839 Et
786 791 873 840 urbes.

184 911 250 973 quia
267 924 322 958 nou
339 926 374 957 es
389 907 478 958 solida
494 912 610 958 motoria
627 911 724 970 orimur,
741 924 789 958 nec
805 911 836 956 iu
853 923 906 972 qim
921 909 1008 972 poerit
1023 907 1193 957 comestoref‘
1215 905 1306 957 Ditiert

186 977 268 1040 igitur
283 977 360 1025 inane
378 977 476 1040 Fulgur
493 992 509 1025 n
525 976 651 1036 Fulmine,
669 975 730 1039 quie
747 975 812 1025 illud
830 978 902 1038 igns's
919 975 1037 1024 caducus
1054 972 1197 1038 debilisque
1215 975 1262 1035 sit,
1280 981 1306 1025 et

185 1047 239 1093 cito
257 1047 430 1094 interiturus:
455 1044 512 1103 hoc,
530 1044 601 1095 eliud
618 1043 682 1108 quid
699 1044 775 1107 longe
792 1043 883 1093 fortius
900 1047 927 1092 et
944 1043 1032 1092 meins.
1067 1041 1136 1097 Quid
1154 1042 1254 1105 igitur?
1272 1059 1304 1093 an

186 1112 266 1161 bonus
283 1111 328 1161 ille
345 1112 479 1177 luppiter,
503 1116 632 1162 tunicum
648 1112 757 1161 maxime
774 1111 844 1161 coelo
861 1127 908 1160 suo
925 1117 951 1159 et
968 1110 1076 1174 imperio
1093 1110 1236 1172 metuebat,
1255 1116 1305 1161 tum

186 1180 288 1229 caduco
311 1183 375 1244 igne
391 1186 417 1229 et
441 1177 519 1229 debili
543 1180 650 1230 fulmine
673 1184 763 1229 contre
779 1179 885 1228 'litenns
908 1195 999 1227 usurus
1016 1179 1091 1228 erati
1125 1180 1205 1227 Porro
1222 1186 1305 1229 eutem

185 1248 337 1296 truletitium
356 1253 407 1308 est,
425 1246 497 1296 lours
515 1247 596 1297 telum
612 1263 628 1296 e
645 1248 728 1311 poetis
745 1249 889 1311 nuncupari
907 1246 1017 1296 tulmen:
1041 1252 1084 1307 ut,
1109 1251 1211 1311 preeter
1234 1247 1304 1309 alios,

187 1315 280 1364 ovidio
295 1316 325 1363 in
342 1315 414 1364 Ibide
432 1316 511 1378 [469]
529 1315 604 1378 „Ain
619 1315 691 1365 loos}
707 1315 802 1376 husati
816 1315 869 1364 telo
885 1314 989 1375 feriare
1005 1313 1149 1364 trisulco“:
1178 1320 1204 1364 et
1221 1317 1303 1367 Amor.

186 1383 222 1444 ΙΙ,
240 1387 264 1434 5.
283 1386 315 1446 [v.
334 1385 377 1445 52]
411 1383 564 1446 „Excutere
580 1386 652 1434 irato
679 1383 731 1433 tela
749 1382 860 1433 trisulca
878 1382 961 1446 looi‘,
986 1382 1059 1446 etqui
1077 1383 1157 1432 telum
1177 1383 1305 1433 caducum

188 1457 226 1499 est
243 1451 326 1500 debile
344 1457 369 1500 et
386 1466 492 1511 meum,
510 1451 582 1501 nullo
598 1452 705 1516 impetu,
722 1458 749 1500 et
765 1451 878 1500 inrelido
894 1448 1000 1500 brachio
1017 1454 1126 1510 tortum3
1142 1456 1174 1500 ut
1191 1452 1305 1502 ostendet

185 1516 235 1568 tibi
258 1519 404 1582 Propertius
426 1518 531 1568 Horatii
553 1520 636 1568 nostri
659 1524 686 1569 et
708 1519 864 1568 Maecenatis
882 1519 990 1578 Sodalis
1007 1518 1052 1578 IV,
1070 1520 1094 1570 2.
1113 1520 1199 1581 [ubi]
1225 1519 1307 1583 „Vidi

187 1602 237 1650 ego
256 1586 371 1635 labentes
388 1589 467 1649 acics,
486 1592 513 1636 et
528 1586 580 1636 telo
596 1588 699 1645 caduco,
708 1588 796 1652 Atque
813 1590 899 1636 hostes
912 1590 988 1651 turpi
997 1592 1074 1651 terga
1085 1585 1189 1636 dedisse
1195 1585 1305 1652 fugae.“

185 1655 256 1718 Ergo
272 1653 362 1714 lessus,
380 1654 480 1719 opinor,
498 1660 523 1704 et
539 1656 637 1704 viribus
654 1655 767 1705 defectus
781 1656 900 1720 Iuppiter
917 1654 1047 1704 caducum
1066 1655 1145 1704 telum
1164 1659 1190 1704 et
1207 1670 1305 1705 mesum

185 1722 280 1771 fulmen
297 1723 325 1772 in
333 1721 493 1771 Enceladum
510 1729 537 1772 ct
553 1722 644 1772 meires
661 1723 787 1773 iaculetus
805 1729 851 1773 est.
876 1722 945 1778 Quin
963 1723 1050 1787 potius
1067 1729 1169 1771 centnm
1178 1721 1305 1773 Librariis

185 1789 246 1839 fidos
264 1790 408 1854 abroganda
425 1797 471 1852 est,
488 1806 564 1854 quum
580 1796 610 1840 ut
627 1791 766 1841 Horetium
784 1791 914 1840 credemus
930 1791 1008 1839 huius
1024 1789 1115 1855 culpae
1133 1791 1236 1840 affinem
1253 1808 1306 1841 esse

185 1858 306 1921 potuisse.
342 1856 499 1908 Crediderim
521 1858 652 1923 equidem,
676 1859 700 1908 si
723 1875 763 1908 res
781 1859 839 1924 ipse
856 1860 965 1921 sineret,
989 1874 1020 1908 en
1043 1858 1168 1924 Aeschylo
1191 1860 1241 1908 hoc
1263 1876 1305 1910 ex·

184 1927 306 1990 pressisse
315 1926 443 1987 Nostrum,
461 1927 507 1989 qni
522 1927 655 1996 κέραννον
671 1927 906 1976 ΚΑΤΑΙΒΑΤΗΝ
922 1926 996 1987 dixit,
1013 1927 1201 1977 inPromcthoo
1213 1929 1303 1980 reos.

184 1994 230 2043 nbi
247 1993 380 2060 Typhoea,
402 1999 433 2043 ut
454 1994 498 2044 hio
516 1995 653 2055 Horatius,
677 2010 693 2044 a
715 1996 775 2044 Iove
799 1994 962 2044 fulminatum
985 1999 1087 2056 neunt,
1113 1988 1199 2052 „M
1225 1984 1307 2076 {taes

185 2056 260 2128 crispi
286 2059 374 2122 Ζηνὸς·
396 2054 538 2130 ἄγρυπνον
559 2061 650 2128 βέλος,
675 2058 851 2127 Καταιβάτης
872 2060 1014 2130 κέραυνος,
1036 2057 1155 2113 ἐκπνέων
1181 2060 1306 2131 φλογα.“

186 2129 599 2262 ittiutz‘i‘iuu'ttt?
614 2129 814 2248 imita
829 2130 1307 2250 ‘'tii‘'‘mtti‘t‘stitt

184 2266 274 2316 Latini
291 2266 372 2329 ratio,
397 2282 462 2330 quae
478 2267 545 2316 nihil
563 2267 697 2332 quicquam
721 2266 850 2316 caducum
867 2265 944 2327 dicit,
954 2235 1020 2316 ’nisi
1042 2268 1110 2330 quod
1134 2267 1263 2317 infirmum
1281 2274 1308 2318 et

184 2333 267 2383 debile
285 2342 332 2383 cst.
366 2334 440 2390 Quod
458 2334 480 2384 si
498 2337 582 2385 acrius
599 2335 736 2385 contendat
753 2335 895 2399 quispiam,
914 2336 1029 2398 potuisse
1045 2334 1164 2386 Flaccum
1182 2352 1249 2385 nove
1266 2337 1306 2386 di·

185 2416 241 2451 cere
260 2402 389 2453 caducum
406 2403 508 2464 lulium
525 2420 573 2468 pro
598 2403 709 2453 cudente
732 2404 785 2452 sire
805 2401 971 2470 nuturssdrgn
995 2403 1063 2452 idem
1087 2409 1172 2452 tamen
1195 2404 1308 2454 fateatur

184 2485 285 2520 neeesse
303 2475 355 2533 est,
373 2476 398 2520 et
415 2471 559 2532 incautum,
577 2476 602 2520 et
619 2471 746 2521 infelicem
764 2471 808 2520 hic
825 2471 903 2520 luisse
920 2471 1054 2521 Nostrum:
1078 2486 1136 2520 cum
1154 2476 1180 2521 et
1197 2472 1311 2522 ridicule.

185 2537 260 2600 plene
278 2538 306 2586 in
323 2536 478 2602 Ambiguum
494 2539 629 2600 inciderit,
653 2545 680 2588 et
696 2540 822 2588 neminem
839 2545 898 2604 post
914 2555 941 2588 se
957 2538 1090 2600 hebuerit,
1114 2540 1160 2603 qui
1184 2541 1258 2604 sequi
1282 2548 1309 2590 et

184 2605 281 2654 imitari
298 2606 381 2654 vellet.
417 2607 466 2655 Sed
484 2622 536 2656 non
553 2607 591 2656 ite
608 2612 659 2656 est:
684 2623 766 2671 neque
784 2606 901 2656 dubitare
918 2622 1036 2671 possum,
1060 2607 1123 2672 quin
1146 2607 1198 2657 leri
1222 2614 1307 2658 mute-

184 2672 255 2721 tione
272 2673 309 2721 sic
326 2673 397 2722 locus
414 2674 449 2723 sit
466 2674 634 2738 retingendum
653 2675 736 2738 qualis
753 2691 769 2724 a
784 2680 875 2740 poetae
892 2690 969 2724 manu
986 2675 1097 2740 primurn
1108 2676 1239 2740 proiectus
1253 2683 1305 2737 est3

184 2742 298 2800 ‚seimus
320 2745 352 2788 ut
368 2744 464 2805 impios
484 2739 594 2791 Titanus
618 2745 809 2808 immunemque
832 2748 948 2793 turmam
965 2742 1090 2793 Fubaine
1105 2745 1248 2794 contulerit
1263 2762 1306 2794 co·

184 2811 288 2856 rusco“:
315 2814 367 2855 tam
385 2814 446 2872 epto
464 2814 489 2858 ct
504 2809 567 2858 forti
585 2812 611 2858 et
627 2810 724 2859 usitato
740 2811 788 2860 hoc
807 2811 935 2874 epitheto,
953 2825 1029 2875 quam
1045 2811 1092 2861 illo
1109 2811 1189 2861 altero
1207 2812 1305 2878 inepto,

184 2873 278 2939 debili,
303 2880 328 2924 et
350 2875 475 2925 manum.
511 2877 568 2941 Ipse
592 2876 657 2926 uini
673 2864 755 2927 sirm.
777 2880 798 2937 r,
816 2880 858 2941 34,
876 2882 901 2931 o.
934 2892 1065 2944 „numm
1087 2879 1224 2945 mopsus
1247 2882 1307 2945 igni

184 2958 288 2991 corusco
305 2943 397 2992 nubilo
416 2943 563 2993 dividens.“
597 2944 687 3009 Virgil.
699 2949 761 2996 Aen.
773 2946 845 3007 VIII,
855 2949 914 2999 391.
951 2946 1032 3011 „Non
1049 2962 1124 2997 seem
1142 2953 1222 3012 atque
1243 2948 1307 2998 oiim

185 3010 283 3061 tonitru
301 3026 361 3060 cum
378 3016 459 3076 rupte
477 3028 581 3062 corusco
600 3013 682 3077 ignea
699 3017 769 3063 rima
786 3019 889 3064 misum
904 3018 1042 3080 permeruit
1059 3014 1159 3064 lumine
1176 3018 1307 3068 nimbos.“

184 3084 210 3128 et
227 3079 317 3144 Georg.
335 3080 356 3141 Ι,
376 3081 438 3141 328,
462 3080 539 3145 „lpse
555 3086 633 3145 puter
648 3081 736 3131 medio
754 3084 904 3132 nimborum
921 3086 951 3133 iu
968 3087 1045 3133 nocte
1063 3098 1167 3132 oorusoa
1185 3084 1307 3134 Fulmina

183 3147 295 3198 molitur
312 3146 425 3198 dextrs.“
442 3148 516 3199 Ovio.
533 3149 601 3198 Fust.
620 3149 663 3198 VI
682 3152 714 3212 [v.
725 3151 785 3212 635]
822 3150 927 3213 „Signa
945 3151 1019 3201 dedit
1035 3154 1151 3215 genitor,
1171 3157 1228 3202 mim
1246 3169 1307 3202 cum

185 3221 267 3280 caput
282 3216 343 3280 igue
361 3231 464 3265 corusco
483 3215 627 3281 Conti’gitf‘
660 3217 763 3266 Lucret.
781 3218 825 3278 VI,
844 3220 894 3270 236
912 3218 943 3268 (16
960 3219 1093 3282 himine,
1118 3234 1221 3284 „usque
1239 3221 1306 3271 odeo

182 3283 286 3348 pollens
309 3284 406 3334 fervore
429 3287 560 3334 corusco.“
595 3284 711 3334 Valerius
734 3285 840 3335 Flaccus
863 3286 890 3349 1,
910 3288 967 3339 622.
1002 3286 1086 3350 „mm
1108 3290 1180 3352 picei
1204 3287 1306 3348 fulsere

184 3349 254 3415 poli,
276 3350 454 3417 pavidumque
471 3367 589 3421 coruscae
608 3353 676 3403 Ante
693 3358 778 3403 ratem
796 3353 913 3403 cecidere
929 3355 1023 3404 feces.“
1049 3359 1075 3403 et
1092 3355 1136 3419 VI,
1154 3358 1196 3407 55.
1232 3355 1307 3418 „Nec

180 3419 287 3484 primus
304 3418 404 3482 radios,
422 3419 496 3470 miles
514 3419 644 3481 Romane,
668 3422 767 3470 corusci
783 3421 924 3484 Fulminis,
948 3424 1088 3473 structiles
1104 3427 1188 3473 scutis
1205 3424 1306 3487 diffun-

185 3485 257 3534 deris
274 3486 361 3536 ulas.“
385 3486 483 3537 Statius
499 3486 577 3538 Theb.
588 3490 608 3549 l,
619 3490 677 3541 216.
696 3489 801 3552 „taedet
817 3490 921 3540 saeuire
937 3506 1043 3541 corusco
1060 3491 1206 3541 Fulmine.“
1225 3493 1305 3542 Silius

183 3552 290 3602 Italicus
312 3553 356 3602 VI.
376 3557 407 3616 [v.
427 3558 486 3618 605]
522 3561 635 3622 ,‚quater
657 3556 720 3606 inde
744 3572 875 3607 coruscum
900 3556 1036 3609 Coutorrtt
1061 3559 1158 3609 decim
1180 3559 1308 3611 fulmenf‘

184 3621 254 3671 Idem
271 3619 316 3670 lib.
334 3621 404 3671 VIII.
424 3626 456 3686 [v.
476 3625 535 3687 652]
570 3626 649 3688 „Aue
664 3640 745 3690 super
761 3625 864 3688 medio,
882 3625 978 3693 Libyes
997 3643 1013 3676 u
1028 3631 1116 3693 parte,
1133 3643 1253 3679 coruscae
1272 3628 1305 3679 ln

186 3687 295 3740 betium
312 3705 407 3739 uenere
424 3691 516 3743 iaces,“
551 3693 587 3742 Et
603 3692 649 3743 lib.
658 3691 714 3742 XV.
725 3696 758 3755 [v.
771 3695 829 3756 143]
857 3694 915 3758 „bis
934 3699 1026 3760 terque
1042 3710 1174 3745 cormeum
1191 3696 1307 3747 Addidit

187 3759 302 3822 augurio
319 3755 415 3807 lulmen
432 3762 537 3824 pater.“
562 3762 699 3811 etiterum
718 3764 749 3823 [v.
764 3763 823 3824 715]
857 3760 912 3826 „Ut
928 3767 1040 3828 torrem,
1058 3769 1091 3813 ut
1107 3769 1256 3829 tempestus,
1274 3770 1306 3814 ut

184 3827 292 3887 flemma
309 3827 408 3876 corusci
425 3827 578 3882 Fulminis.“
612 3830 718 3879 Severus
740 3829 768 3878 in
785 3831 867 3879 Aetne
891 3832 926 3892 [v.
943 3832 1002 3894 54],
1026 3831 1134 3882 delore
1157 3837 1183 3881 et
1207 3834 1304 3898 Gigon-

184 3892 266 3953 tibus3
291 3894 431 3959 „luppiter
448 3911 462 3944 e
479 3897 551 3947 coelo
569 3899 670 3960 metuit,
689 3896 865 3961 domuumque
880 3913 985 3948 corusca
1002 3901 1130 3949 Armatus
1145 3899 1246 3951 flamma
1264 3918 1304 3950 re

184 3967 271 4012 mouet
294 3961 411 4025 caligine
433 3964 586 4015 mundum.“
620 3967 717 4015 Auctor
739 3965 770 4015 de
793 3965 876 4015 Morte
899 3966 984 4016 Drusi.
1010 3970 1043 4030 [v.
1062 3969 1122 4030 321]
1157 3969 1233 4032 „Hoc
1249 3970 1306 4030 fuit

184 4028 312 4093 Foedus,
337 4035 400 4079 iuno
417 4045 477 4082 oum
493 4031 617 4093 ferienda
634 4033 746 4082 coruscis
762 4031 923 4083 Fulminibus
944 4034 1082 4101 Capaneus
1099 4036 1236 4101 impavido
1254 4052 1303 4087 oro

186 4096 283 4147 deduc
318 4097 452 4148 Petronius
476 4100 507 4150 (16
524 4100 617 4153 Mutat.
641 4101 750 4166 Reipub.
770 4103 801 4164 [c.
814 4103 861 4153 122
881 4118 902 4151 v.
920 4103 978 4165 122]
1013 4103 1088 4167 „Vim
1106 4104 1168 4154 dum
1185 4106 1302 4169 linisset,

186 4179 244 4213 cum
268 4164 369 4229 fulgure
392 4172 473 4232 rupta
496 4184 600 4219 corusco
625 4168 769 4219 Intremuit
790 4171 887 4233 nubes,
912 4171 1040 4236 elisosque
1064 4172 1180 4223 abscidit
1201 4175 1303 4237 ignea‘*

185 4231 280 4281 Seneca
297 4232 385 4272 ‘ludin
399 4236 471 4287 11129.
491 4235 571 4300 „Non
588 4239 614 4287 ei
629 4240 687 4301 ipsc
702 4235 830 4287 mundum
849 4241 987 4288 concitans
995 4238 1093 4290 Divum
1110 4241 1302 4292 sotorGorusou
