2810 4764
246 264 307 329 238
633 282 664 342 a.
686 282 828 331 nonauu
848 285 972 334 sunem

331 414 425 481 Venti
446 421 631 514 paventem:
653 437 727 482 mox
750 417 782 483 in
804 418 900 484 ovilia

290 513 319 561 ro
332 500 469 566 Demisrt
489 499 613 566 hostem
635 501 761 570 vividus
782 502 926 590 inpetus3

373 586 466 651 Nunc
487 585 519 649 in
541 585 726 653 reluctantis
747 589 901 655 dracones

447 671 524 752 Egit
544 691 635 737 amor
655 673 749 759 dapis
770 680 868 758 atque
890 694 1036 759 pugnae:

265 834 268 839 ¹
331 756 507 836 Qualemve
528 756 622 823 laetis
644 778 761 844 caprea
783 760 913 845 pascuis

329 842 465 922 Intenta,
487 841 594 907 fulvae
618 843 730 910 matris
750 846 791 909 ab
814 846 911 911 ubere

203 959 205 965 ·
287 940 317 990 15
372 930 442 994 Iam
463 927 546 994 lacte
568 927 738 1014 depulsum
759 930 892 1004 leonem,

447 1014 551 1079 Dente
572 1033 655 1080 novo
677 1016 829 1100 peritura,
851 1014 946 1082 vidit:

244 1164 347 1216 dicendi
365 1170 444 1217 eraut.
476 1166 577 1222 Quanto
594 1166 689 1216 rectius
705 1166 788 1217 iuerat
805 1185 856 1218 non
874 1167 1045 1219 dissimulasse
1062 1168 1231 1235 complurium
1247 1166 1371 1217 codicum

244 1233 387 1295 lectionem,
406 1249 469 1298 quae
487 1239 513 1284 et
528 1234 652 1300 Scaligeri
667 1236 838 1300 experientiae
855 1253 907 1286 non
924 1237 1073 1302 refragatur,
1092 1241 1117 1286 et
1125 1236 1266 1286 Horatium
1285 1240 1370 1285 tamen

245 1301 276 1352 ab
295 1301 364 1351 omni
382 1302 458 1367 culpa
475 1308 588 1368 praestat
604 1304 752 1355 immunem:
777 1304 936 1369 „Vernisque
953 1307 1009 1355 iam
1032 1306 1128 1355 nimbis
1144 1307 1270 1367 resnots's,
1295 1303 1371 1353 Inso-

246 1370 307 1420 litas
325 1369 439 1420 docuere
455 1373 530 1420 nisus
547 1370 629 1421 Venti
641 1375 811 1436 paventem.“
831 1374 892 1427 ,ua
903 1374 1090 1423 uetustissimus
1112 1377 1199 1423 noster
1221 1370 1369 1443 Leidensis,

246 1442 272 1488 et
289 1436 465 1499 colbertinus,
483 1442 508 1488 et
525 1438 678 1489 Bodleianus
696 1440 774 1502 alter,
793 1445 818 1490 et
835 1456 901 1490 uuus
918 1441 1081 1491 Bersmanni:
1105 1441 1143 1490 ita
1160 1441 1308 1501 Patrensis,
1327 1438 1368 1488 cui

245 1507 322 1555 cerni
338 1521 385 1570 pro
403 1506 472 1556 varia
489 1505 599 1557 lectione
617 1507 745 1557 additum:
763 1508 801 1557 ita
819 1509 910 1575 optimi
926 1507 989 1559 libri
997 1508 1154 1559 Graevianns
1168 1513 1194 1558 et
1202 1506 1366 1572 Baginensis,

245 1575 273 1623 in
297 1573 390 1638 quibus
413 1573 488 1624 litera
511 1574 528 1633 S
547 1590 618 1625 erasa
635 1576 717 1626 adbuc
741 1577 861 1627 cernitur.
896 1577 933 1626 Ut
954 1593 986 1627 ue
1010 1576 1178 1628 dubitandum
1201 1577 1308 1641 quidem
1325 1574 1366 1637 sit,

245 1641 309 1706 quin
321 1642 388 1692 idem
400 1642 428 1692 in
441 1641 572 1692 nonnullis
584 1644 637 1693 suis
649 1642 779 1693 codicibus
787 1646 942 1710 Interpretes
953 1645 1111 1696 invenerint:
1129 1645 1178 1694 etsi
1190 1644 1217 1694 id
1229 1643 1370 1693 memoriae

245 1709 343 1759 tradere
359 1726 412 1759 non
430 1725 521 1775 operae
534 1712 645 1775 pretium
657 1710 798 1766 videbatur.
816 1713 932 1763 Profecto
945 1730 996 1764 uon
1008 1714 1083 1764 aliter
1093 1712 1186 1778 legisse
1196 1711 1365 1762 Scholiastam

245 1782 354 1828 veterem
371 1777 446 1829 facile
463 1778 565 1829 odorari
581 1784 713 1844 poterant:
739 1784 954 1847 „oes·niqua,“
978 1783 1026 1843 ait,
1050 1786 1099 1845 „ut
1120 1783 1179 1831 ruit
1195 1779 1366 1841 imbriferum

244 1848 316 1898 aar.“
350 1846 431 1911 Atqui
453 1846 594 1912 exemplum
615 1846 681 1897 illud
703 1864 733 1897 ex
750 1849 842 1914 Virgil.
861 1850 950 1913 Georg.
968 1851 990 1912 I,
1008 1852 1065 1902 313.
1090 1849 1199 1914 petitum
1223 1849 1370 1914 scripturae

244 1914 289 1964 isti
306 1931 409 1980 prorsus
426 1921 565 1980 repugnat:
589 1916 631 1966 hic
656 1916 724 1965 enirn
741 1932 787 1966 ver
810 1916 978 1978 imbriferum
993 1919 1055 1968 ‚sire
1072 1917 1215 1967 nimbosum
1232 1921 1285 1978 est,
1311 1915 1366 1965 illia

244 1985 323 2033 cuni
337 1988 401 2033 sunt
417 1986 496 2045 veriti,
515 1987 623 2033 cernatis
639 1986 742 2033 nimbis.
761 1985 821 2035 Sine
839 1983 917 2035 dubio
934 1987 1071 2051 scripserat
1088 1985 1256 2046 Scholiastes;
1274 2000 1366 2049 „ver-

244 2054 369 2116 nisque
385 2053 518 2115 nimbis)
537 2058 575 2115 ut,
585 2049 650 2102 lluit
665 2052 833 2113 imbriferum
846 2055 918 2103 oer.“
940 2055 995 2103 Iam
1012 2053 1079 2104 enim
1096 2053 1124 2103 id
1142 2052 1285 2118 exemplum
1304 2051 1369 2102 adeo

245 2119 362 2185 apposite
386 2119 491 2180 citatur,
517 2125 545 2169 ut
568 2119 634 2169 nihil
657 2122 747 2185 magis.
783 2120 885 2187 Quippe
911 2122 938 2171 in
957 2116 1023 2172 ltalo
1047 2121 1117 2172 caelo
1134 2137 1178 2170 rer
1195 2120 1322 2171 imbribus
1341 2124 1367 2168 et

244 2187 339 2237 nimbis
356 2187 503 2253 plerumque
520 2188 641 2239 infestum
659 2192 705 2240 est.
738 2189 867 2239 Iuvenalis
885 2190 937 2240 Sat.
953 2190 996 2251 IV,
1009 2192 1049 2242 st.
1084 2188 1167 2254 „Cum
1185 2205 1238 2254 quo
1256 2189 1291 2239 cle
1306 2188 1366 2253 plu-

244 2258 309 2319 viis,
334 2261 382 2306 aaut
405 2258 534 2319 aestibus,
559 2262 607 2306 aut
627 2254 743 2306 nimboso
767 2257 831 2307 Vere
855 2259 973 2308 locuturi
994 2259 1081 2320 fatum
1100 2257 1236 2323 pandebat
1259 2256 1368 2308 amici.“

245 2323 340 2374 Seneca
358 2323 416 2373 Nat
436 2324 537 2380 Quaest.
556 2323 600 2388 IV,
619 2327 642 2376 4.
678 2323 786 2388 „Quare
803 2340 877 2390 aare,
901 2328 955 2376 iarn
973 2324 1078 2391 frigore
1102 2324 1234 2390 infracto,
1256 2323 1366 2389 grando

246 2392 343 2444 cadat?
363 2390 427 2441 Cura
445 2407 492 2442 ver·
509 2395 603 2457 caepit,
620 2395 709 2442 maiar
727 2393 867 2444 inclinatio
880 2396 950 2443 airr‘s
961 2398 1090 2459 requitur,
1109 2400 1135 2443 et
1147 2393 1277 2444 calidiore
1292 2391 1365 2443 caclo

244 2462 348 2510 maiora
371 2460 442 2521 fiunt
457 2460 605 2510 stillicidia.
639 2460 717 2523 Ideo,
741 2466 773 2510 ut
789 2464 831 2511 ait
848 2460 981 2526 Virgilius
998 2467 1100 2525 noster,
1124 2460 1188 2511 Cum
1205 2462 1259 2511 ruit
1275 2460 1365 2511 imbri·

243 2528 324 2578 lerum
343 2543 392 2588 ver,
411 2529 588 2578 oebaaentior
605 2531 754 2578 irnmrctatio
773 2535 812 2578 eat
828 2532 899 2581 airis
915 2530 1034 2595 undique
1050 2530 1182 2596 patefacti
1198 2535 1225 2579 et
1239 2530 1368 2580 solemio

244 2613 279 2658 re,
303 2599 360 2660 ipso
385 2601 502 2660 ternpore
520 2596 607 2657 (sorte,
630 2596 687 2662 ipso
705 2601 801 2662 tepore)
821 2597 972 2648 adiuvante.
1010 2599 1046 2649 ab
1066 2600 1115 2649 boc
1137 2598 1245 2649 nimbi
1266 2612 1364 2662 graues

244 2667 332 2727 magia
350 2666 470 2727 emtique
487 2679 566 2728 quarn
586 2667 739 2729 pertinaces
756 2665 941 2727 destrantur.“
975 2667 1073 2717 Statius
1091 2665 1152 2717 silv.
1170 2666 1214 2727 IV,
1233 2668 1258 2717 4.
1277 2669 1312 2729 [v.
1325 2666 1366 2725 121

246 2732 319 2795 „lam
339 2736 424 2780 terras
442 2731 627 2796 volucremque
644 2732 735 2796 palum
752 2734 821 2797 fuga
838 2734 903 2784 veris
921 2735 1009 2799 aquosi
1028 2733 1143 2784 Lanat“
1167 2734 1260 2798 Virgil.
1271 2735 1363 2796 Georg.

238 2799 360 2858 „Inane
379 2798 462 2861 „Vere
478 2799 590 2848 madent
606 2799 656 2849 udo
675 2805 763 2850 terrae
780 2816 812 2851 ac
829 2802 984 2865 pluvialibus
994 2803 1120 2853 Austris.“
1137 2803 1258 2852 Lucanus
1266 2801 1363 2866 uari.

244 2866 369 2931 „Perfida
386 2865 498 2916 nubiferi
516 2872 587 2916 uetat
604 2869 786 2918 inconstantia
803 2870 894 2919 reris.“
912 2871 989 2920 Recte
1006 2872 1087 2935 igitur
1104 2868 1180 2920 habet
1198 2870 1365 2920 vetustiorum

245 2934 359 2986 codicum
383 2934 472 2996 lectio,
497 2937 585 2985 cunis
603 2937 699 2985 nimbis
716 2940 836 2998 rernotis,
862 2954 937 3003 quam
960 2939 1024 2990 bene
1042 2955 1102 2989 sane
1119 2939 1258 3003 explicavit
1275 2952 1364 2988 manns

245 3003 351 3069 antiqua
368 3003 394 3053 in
415 3018 461 3052 ora
474 3002 575 3053 Codicis
591 3005 740 3065 Graeviani;
757 3007 881 3068 „vernali
898 3012 1014 3073 turpare
1032 3012 1177 3071 aanracto,
1195 3022 1248 3071 quo
1265 3007 1364 3071 plume·

243 3077 323 3122 scunt
339 3074 425 3122 aues.“
461 3072 491 3121 In
509 3076 611 3136 recepta
627 3073 827 3135 resolutione,
854 3070 1031 3137 sarcinarii,
1056 3078 1110 3124 iam
1127 3074 1225 3124 nimbis
1243 3077 1363 3132 reinolt-53

244 3140 289 3191 ubi
307 3139 388 3193 nimbi
406 3140 513 3190 hiberni
528 3141 670 3191 necessario
686 3140 800 3205 intelligi
825 3140 931 3206 debent,
955 3159 1007 3193 non
1025 3142 1098 3192 video
1123 3142 1184 3207 quid
1207 3159 1254 3208 pro
1271 3142 1364 3192 Flacco

244 3209 363 3258 adversus
381 3208 537 3273 Scaligerum
555 3210 645 3272 reponi
661 3208 750 3273 possit.
786 3208 915 3274 Ceterum,
940 3211 962 3261 si
986 3212 1028 3262 cui
1046 3211 1111 3260 illud
1128 3227 1153 3260 1s
1171 3215 1210 3261 ter
1227 3211 1362 3276 repetitum
1395 3246 1396 3249 κ

244 3276 393 3326 delicatulus
411 3293 484 3326 aures
501 3277 627 3337 offendat3
651 3277 674 3326 is
691 3277 801 3341 primum
819 3278 855 3327 sic
874 3279 982 3343 cogitet,
1006 3280 1121 3343 ineptum
1139 3294 1193 3328 esse
1210 3279 1364 3343 Euphouine

245 3344 375 3395 consulere
399 3361 455 3395 cum
481 3344 561 3394 totius
574 3346 580 3355 '
594 3346 735 3395 sententiae
753 3345 900 3410 dispendio;
926 3352 980 3397 tum
1003 3351 1092 3413 postea
1115 3347 1301 3412 contempletur
1318 3346 1363 3395 bos
1395 3392 1396 3423 ,

244 3427 343 3473 versus,
367 3411 470 3477 Virgilii
490 3418 515 3462 et
532 3413 656 3473 Nasonis3
679 3412 723 3462 ubi
743 3412 818 3463 verba
836 3415 938 3478 singula
960 3416 1035 3466 litera
1053 3415 1069 3464 S
1088 3414 1265 3466 terminantur.
1300 3417 1363 3465 Aen.

243 3477 303 3539 XII,
324 3481 380 3531 708.
415 3480 552 3544 „lugentis
574 3484 679 3545 genitas
698 3482 809 3531 (liversis
830 3485 955 3548 partibus
978 3486 1074 3534 orbir.“
1108 3483 1212 3535 Metam.
1229 3482 1286 3545 vn,
1304 3485 1361 3534 540.

245 3546 405 3611 „Larrigeria
420 3550 549 3612 gregibus
567 3549 671 3599 balatum
688 3549 814 3599 dantibus
831 3553 953 3613 aegrae.“

315 3617 353 3666 10.
372 3614 485 3665 {sicidae
502 3619 623 3681 impetur]
650 3616 734 3667 Codex
750 3618 845 3681 Regiae
863 3618 1014 3682 Societatis,
1030 3619 1158 3681 seviana
1194 3619 1254 3668 Non
1271 3618 1362 3683 placet.

245 3683 343 3733 Statius
361 3682 393 3732 de
410 3683 486 3748 Equo
503 3684 644 3734 Domitiani
663 3685 735 3749 [silv.
748 3686 768 3747 l,
782 3688 870 3748 1‚4s]:
905 3686 975 3751 „Cui
991 3687 1089 3752 rigidis
1106 3691 1180 3737 stant
1196 3686 1267 3737 colla
1284 3687 1360 3749 iuba,
1395 3712 1396 3777 p

243 3752 366 3817 ususque
381 3766 432 3817 par
449 3766 538 3801 armos
555 3752 694 3816 Impetus.“

313 3822 352 3872 15.
371 3818 428 3869 Iam
447 3819 515 3870 lacte
539 3819 686 3885 depulsum]
721 3821 788 3872 Mihi
812 3821 913 3886 quidem
931 3839 1028 3887 semper
1044 3823 1126 3872 visum
1144 3827 1182 3872 est
1198 3822 1263 3874 illud
1280 3821 1362 3875 Lacte

243 3888 353 3938 otiosum
377 3892 402 3938 et
425 3887 587 3953 superfluum.
622 3887 749 3953 Leonem,
773 3890 871 3954 inquit,
895 3893 948 3942 iarn
973 3891 1111 3955 depulsura
1135 3890 1203 3940 lacte
1226 3891 1363 3941 ababuc
1395 3914 1396 3939 r

243 3955 335 4017 fulvae
351 3958 453 4006 matria.
488 3956 568 4020 Atqui
587 3957 649 4005 satis
667 3961 721 4007 erat
744 3958 907 4021 alterutrum,
931 3963 976 4008 aut
999 3959 1067 4008 lacte
1090 3957 1242 4023 depulerat,
1266 3964 1311 4009 aut
1328 3960 1359 4009 ab
1395 3948 1396 4025 l

243 4025 324 4074 ubere
341 4023 487 4089 deponam.
521 4023 615 4088 virgil.
633 4025 722 4090 Eulog.
737 4025 840 4089 v11.[v.
855 4029 894 4089 15]
929 4026 1071 4091 „Depulsos
1089 4041 1105 4075 a
1121 4025 1188 4077 lacte
1205 4027 1278 4076 domi
1294 4041 1361 4092 quae

244 4091 383 4143 clauderet
399 4093 511 4157 agnor.“
543 4092 698 4143 Prudentius
715 4094 856 4159 Peristeph.
874 4094 907 4156 X,
926 4097 983 4148 663.
1017 4109 1118 4157 „unum
1142 4094 1304 4144 decateron
1321 4096 1359 4144 in·

244 4158 361 4218 fandum
378 4160 507 4223 Parvum,
531 4175 579 4209 nec
597 4161 660 4211 alim
683 4161 748 4211 lacte
766 4161 925 4227 depulsum.“
960 4162 1096 4213 Suetonius
1113 4163 1141 4212 iu
1159 4160 1261 4212 Tiberio
1280 4178 1302 4214 o.
1318 4164 1359 4216 tr.

244 4225 383 4288 „Infantes
398 4227 539 4292 finniorea,
557 4244 606 4279 nec
623 4228 686 4279 dum
704 4234 791 4279 tamen
808 4229 874 4280 lacte
888 4228 1032 4296 depulsos.“
1049 4229 1358 4296 VirgiliieorglILlSl.
