2818 4758
196 257 260 319 '132
421 268 453 328 o.
476 265 618 315 nonaum
638 264 762 312 rnnoor
784 264 885 311 caan.
907 265 973 312 nra.
996 266 1032 312 11.
1055 261 1093 312 to.

282 404 351 468 Iam
372 399 536 467 Daedaleo
558 400 644 466 ocior
663 400 763 476 Icaro,

285 487 395 553 Visam
417 485 576 567 gementis
598 485 691 550 litora
713 483 857 568 Bospori,

240 587 269 636 15
326 570 494 656 Syrtisque
517 570 682 646 Gaetulas,
706 587 841 634 canorus

365 655 452 731 Ales,
474 655 765 740 Hyperboreosque
787 672 927 737 campos.

280 741 331 806 Me
354 740 567 818 Colchuset,
592 738 648 822 qui
670 737 852 803 dissimulat
873 744 993 803 metum

280 827 406 891 Marsae
428 824 576 902 cohortis,
599 825 717 901 Dacus,
741 829 773 887 et
795 821 896 887 ultimi

322 911 464 976 Noscant
486 906 616 975 Geloni:
640 927 691 972 me
736 907 835 972 eritus

238 1008 268 1057 no
367 994 478 1060 Discet
498 994 607 1071 Hiber,
629 929 840 1074 circinique
861 997 963 1077 potor.

280 1079 396 1145 Absint
416 1077 505 1144 inani
525 1079 638 1144 funere
658 1075 803 1156 naeniae,

281 1165 466 1246 Luctusque
488 1168 609 1247 turpes,
632 1169 664 1227 et
686 1160 919 1245 querimoniae:

325 1248 489 1346 Conpesce
512 1247 693 1326 clamorem,
716 1266 754 1311 ae
777 1245 914 1331 sepulcri

365 1334 455 1398 Mitte
478 1352 695 1417 supervacuos
715 1330 862 1395 honores.

197 1486 277 1545 notet,
294 1485 504 1550 quamSupernus
514 1485 628 1548 eorporis
641 1489 740 1548 partes:
758 1487 785 1532 at
793 1482 920 1547 Superbe,
929 1481 1011 1546 magis
1025 1496 1089 1545 quae
1101 1495 1178 1546 supra
1191 1495 1285 1544 corpus
1297 1484 1323 1530 et

198 1557 275 1616 caput
293 1557 358 1614 sunt,
377 1568 452 1615 quarn
470 1552 603 1616 superiora
620 1551 741 1616 corporis.
771 1551 884 1615 Elegans
903 1564 961 1598 vero
979 1548 1136 1598 constructio
1153 1551 1199 1608 est,
1218 1548 1322 1597 aGrae·

197 1620 235 1669 eis
259 1621 365 1681 hausta,
389 1618 482 1669 Mittor
498 1635 617 1684 superno
641 1619 668 1668 in
692 1619 794 1679 alitem3
819 1622 848 1668 ut
866 1617 972 1667 Ovidius
996 1617 1099 1667 Metam.
1118 1614 1163 1677 lX,
1182 1617 1222 1667 81.
1257 1614 1323 1679 „Sic

197 1702 302 1752 quoque
320 1686 422 1737 deuicto
440 1689 559 1737 restabat
576 1689 657 1736 tertia
675 1690 752 1737 tauri
768 1686 868 1736 Formo
886 1687 987 1736 trucis:
1013 1689 1091 1734 tauro
1108 1687 1221 1733 mutatus
1244 1699 1323 1732 mem·

196 1754 374 1805 bracobello.“
392 1755 481 1819 Neque
498 1771 556 1805 vero
572 1754 691 1805 formides
708 1754 860 1820 syllabarum
878 1753 1013 1803 earundem
1032 1768 1189 1812 cancamum
1200 1750 1323 1815 Superna

196 1828 355 1872 nascuntur:
374 1823 412 1872 sio
429 1823 498 1873 enim
514 1822 642 1886 Virgilius
662 1823 734 1884 [Aen.
753 1823 787 1882 II,
807 1823 875 1883 4621,
894 1821 1012 1870 Achaica
1029 1825 1126 1883 castro,
1145 1820 1262 1881 [Aen.Il,
1274 1821 1323 1879 273

197 1890 241 1952 VI,
260 1891 302 1953 88]
320 1891 421 1940 Dorica
439 1895 544 1953 casim
564 1896 590 1939 et
607 1890 719 1955 plurima
737 1889 841 1940 similia.

267 1959 306 2010 13.
324 1958 382 2008 lom
399 1958 535 2008 Daedaleo
554 1961 630 2008 ocior
646 1958 735 2020 Icaro]
754 1958 836 2007 Miror
854 1956 978 2021 equidem,
997 1971 1042 2004 cur
1060 1956 1127 2005 Icari
1146 1955 1258 2018 exemplo
1277 1955 1322 2004 hio

196 2026 236 2076 uti
257 2024 369 2076 soluerit
391 2026 491 2076 Noster.
527 2024 597 2081 auid
621 2041 685 2090 opus
710 2029 776 2086 erat,
801 2029 831 2074 ut
855 2025 920 2074 male
943 2022 994 2073 sibi
1017 2022 1192 2073 ominaretur?
1227 2022 1323 2072 Melius

197 2093 310 2157 profecto
337 2095 424 2159 sapuit
450 2092 531 2143 Carm.
550 2093 595 2155 IV,
621 2094 645 2154 2,
667 2095 688 2143 l.
723 2093 891 2158 „Ih'ndurum
917 2093 1036 2157 quisquis
1061 2090 1165 2140 studet
1181 2090 1322 2154 aemulata,

196 2161 262 2225 Iule,
280 2164 378 2212 caratis
396 2158 709 2227 opcDaedaleaNititur
726 2163 830 2225 penam,
848 2163 933 2210 vitreo
953 2159 1066 2208 daturus
1075 2156 1193 2208 Nomina
1211 2160 1322 2222 ponto.“

198 2228 319 2294 Quisquis
343 2245 403 2294 ergo
420 2229 495 2279 Icari
511 2228 626 2294 exemplo
644 2228 781 2292 volaverit,
806 2229 861 2278 sive
880 2231 954 2279 ocior·
972 2227 1024 2276 sive
1042 2225 1139 2275 tardior
1158 2226 1225 2276 nihil
1242 2226 1323 2277 inter·

197 2300 249 2358 est,
276 2298 298 2347 is
317 2302 384 2347 certe
402 2297 466 2347 male
483 2314 536 2346 rem
553 2301 670 2361 gesturus
688 2302 741 2358 est,
767 2299 793 2345 et
812 2296 952 2346 temerariis
976 2295 1045 2344 ausis
1069 2294 1170 2344 excidet
1193 2294 1221 2343 in
1248 2294 1322 2358 aquis

196 2366 334 2429 periturus.
369 2364 421 2416 Vix
438 2365 589 2415 crediderim
606 2369 659 2414 tam
676 2370 795 2414 nasutum
817 2370 919 2429 poetam
936 2378 951 2412 a
968 2368 1020 2412 tam
1044 2362 1150 2412 sinistro
1167 2362 1252 2411 omine
1270 2378 1323 2411 non

197 2433 248 2484 sibi
266 2434 371 2484 cauisse.
407 2432 491 2484 Codex
509 2438 596 2483 noster
612 2432 747 2482 Leidensis
765 2432 824 2497 plus
842 2430 927 2481 DCCC
945 2446 1070 2481 annorum
1087 2447 1134 2496 pro
1154 2433 1228 2480 ocior·
1245 2430 1324 2480 habet

197 2503 325 2551 notior.
361 2500 488 2550 Nimirum
506 2502 558 2550 iarn
575 2501 637 2550 olim
655 2499 794 2550 turbabant
818 2499 917 2549 codices
935 2499 964 2549 in
980 2499 1029 2548 hoc
1047 2497 1176 2549 uocabulo.
1214 2496 1283 2552 Quid
1301 2497 1324 2547 si

197 2568 374 2632 rescripseris:
392 2568 467 2631 „lum
476 2568 614 2619 Daedaleo
633 2569 714 2620 tutior
726 2568 813 2630 Ioue-o,
832 2567 925 2618 loram
940 2569 1071 2631 gesaente's
1090 2567 1172 2617 litora
1180 2564 1324 2630 Bospori.“

197 2636 245 2684 hoc
264 2641 315 2696 est,
334 2651 381 2700 ego
399 2635 493 2685 iamin
511 2652 619 2701 cycnum
636 2640 761 2696 mutatus,
780 2651 832 2684 non
849 2635 917 2684 Icari
934 2635 1066 2700 exemplo,
1087 2634 1129 2683 sed
1149 2636 1214 2683 tutis
1232 2634 1324 2698 pennis

198 2701 296 2763 volabo,
315 2706 341 2752 et
358 2707 466 2752 remotas
485 2704 602 2767 regiones
619 2703 707 2754 visam.
744 2702 1011 2765 0vid.JTrist.111,4.
1031 2706 1063 2765 [v.
1076 2704 1118 2764 21]
1154 2700 1246 2764 „Quid
1260 2701 1324 2764 fuit,

199 2775 230 2820 at
253 2773 322 2819 tutas
347 2771 465 2834 agitarit
490 2770 618 2820 Daedalus
642 2771 713 2834 ulus,
739 2773 827 2821 Icarus
851 2770 954 2821 Icarius
978 2773 1084 2821 nomino
1107 2772 1198 2834 signet
1220 2771 1324 2834 aquus?

198 2836 300 2902 Nempe
325 2837 399 2901 quod
420 2838 464 2887 lie
488 2838 555 2899 alte,
582 2838 720 2888 docuissem
744 2839 790 2888 ille
807 2838 932 2889 volabat:
966 2836 1038 2889 Nam
1055 2852 1157 2903 pennos
1174 2838 1252 2887 umbo
1269 2852 1325 2887 non

200 2907 316 2955 habuere
332 2907 423 2955 suos.“
448 2903 492 2954 ubi
511 2909 578 2956 reete
598 2906 760 2957 acutissimus
777 2907 909 2968 Heinsius,
928 2909 1042 2970 agitarit
1058 2921 1106 2971 pro
1124 2907 1255 2969 agitaret:
1282 2904 1325 2954 de-

200 2973 259 3022 buit
277 2988 377 3037 quoque
396 2989 426 3022 ex
445 2977 554 3037 quatuor
572 2974 792 3039 seriptislcaeuas
809 2990 856 3039 pro
874 2977 1022 3035 innocensus,
1040 2973 1107 3038 quod
1124 2974 1183 3023 nive
1203 2973 1261 3039 ipsa
1278 2973 1324 3021 fri·

200 3041 286 3106 gidius
304 3046 350 3092 est.
368 3042 503 3107 Perpsram
520 3058 579 3093 vero
598 3042 665 3092 idem
683 3047 772 3092 contra
784 3058 869 3091 omnes
884 3042 984 3092 codices
999 3042 1027 3091 in
1040 3042 1097 3107 ipso
1114 3044 1185 3090 textu
1201 3040 1325 3106 reposuit,

199 3107 288 3172 „Nom
304 3125 406 3175 pennas
424 3111 500 3159 ambo
517 3125 573 3160 non
591 3111 707 3160 habuere
723 3113 821 3160 suoe?“
845 3111 925 3162 Recte
943 3111 1012 3159 enim
1028 3115 1124 3160 veteres
1141 3109 1218 3158 libri:
1246 3107 1325 3171 „Nou

199 3178 310 3227 habuere
328 3180 417 3228 suas“:
436 3178 483 3227 hoc
502 3181 546 3243 est,
558 3178 639 3228 Ambo
658 3178 726 3228 enirn
742 3193 839 3243 pennas
856 3175 968 3228 habuere
986 3193 1041 3228 aon
1057 3192 1128 3237 suas,
1148 3178 1202 3226 sive
1214 3178 1324 3240 alienus,

200 3244 335 3305 factitias:
355 3262 400 3295 cur
417 3260 469 3295 non
486 3246 568 3309 igitur
587 3261 667 3310 aeque
685 3246 759 3296 ambo
776 3250 821 3295 aut
839 3246 890 3295 tuti
908 3250 987 3307 erant,
1006 3249 1051 3295 aut
1060 3245 1210 3310 perierunt?
1235 3259 1325 3309 nempe

201 3312 325 3377 hinnite,
349 3313 393 3362 ille
411 3313 518 3364 demisse
535 3313 645 3364 volabat.
681 3314 773 3379 Virgil.
793 3314 886 3378 Georg.
905 3315 940 3376 11,
959 3315 998 3366 82.
1034 3313 1225 3379 „Miraturque
1243 3327 1325 3362 nocue

201 3379 312 3439 frondes
329 3386 356 3430 et
371 3396 423 3430 non
440 3396 486 3430 sua
501 3382 613 3447 poma.“
