2810 4764
235 267 296 327 244
617 279 648 340 q.
672 278 815 328 nonaum
835 282 961 330 unaccr

432 413 635 481 Dedecorant
656 415 739 480 benc
760 421 837 480 nata
859 416 983 502 culpae.

313 499 399 580 Quid
421 500 551 578 debeas,
575 501 594 563 6
616 500 726 579 Roma,
750 500 942 580 Neronibus,

311 587 419 653 Testis
440 587 620 651 Metaurum
641 584 771 662 flumen,
794 592 826 650 et
847 585 1031 653 Hasdrubal

352 671 516 747 Devictus,
540 675 573 734 et
593 670 730 755 pulcher
748 670 870 751 fugatis

268 769 299 818 tc
431 757 491 821 llle
513 755 583 820 dies
604 756 697 820 Latio
720 755 870 833 tenebris,

311 841 374 920 Qui
396 841 519 927 primus
542 840 629 904 alma
650 840 721 906 risit
742 840 876 917 adorem

309 927 409 991 Dirus
431 945 490 1011 per
511 925 601 990 urbis
622 924 701 991 Afer
724 930 760 990 ut
780 925 891 1003 Italas,

352 1012 421 1077 Ceu
442 1010 573 1075 flamma
594 1030 653 1095 per
675 1008 798 1087 taedas,
820 1010 872 1075 vel
894 1028 990 1075 eurus

426 1097 489 1161 Per
511 1094 636 1161 Siculas
659 1095 814 1178 equitavit
836 1094 949 1160 undas.

265 1193 296 1242 45
309 1182 388 1246 Post
409 1179 469 1246 hoc
492 1179 640 1246 secundis
663 1200 766 1262 usque
789 1179 953 1245 laboribus

307 1266 452 1330 Romana
472 1265 576 1351 pubes
599 1265 707 1343 crevit,
731 1272 763 1329 et
782 1264 870 1349 inpio

348 1352 485 1416 Vastata
507 1351 686 1415 Poenorum
710 1350 847 1414 tumultu

427 1436 519 1500 Faria
540 1436 628 1500 Deos
650 1435 792 1501 habuere
813 1439 927 1500 rectos.

307 1517 461 1602 Dixitque
485 1518 614 1584 tandem
635 1520 778 1603 pertidus
799 1517 961 1585 Hannibal
968 1540 976 1595 ;

265 1616 296 1665 ab
311 1602 428 1684 Cnnvr,
451 1605 600 1690 luporum
622 1604 745 1690 praeda
766 1603 939 1703 rapacium,

350 1690 518 1756 Sectamur
539 1690 633 1768 ultro,
657 1709 738 1772 quos
760 1709 886 1774 opimus

425 1775 553 1841 Fallere
577 1781 609 1841 et
630 1775 772 1857 effugere
795 1780 845 1840 est
866 1771 1056 1857 triumphos.

307 1859 404 1936 Gens,
428 1879 512 1943 quae
534 1867 674 1926 cremato
697 1859 788 1925 fortis
811 1859 851 1923 ab
874 1858 933 1923 Ilio

305 1943 428 2009 lactata
449 1946 566 2012 Tuscis
588 1945 782 2026 aequoribus
804 1964 897 2010 sacra

262 2041 292 2090 55
348 2031 515 2112 Natosque
537 2035 745 2112 maturosque
767 2035 876 2115 patres

423 2115 560 2181 Pertulit
581 2115 742 2180 Ausonias
766 2115 807 2179 ad
830 2114 929 2192 urbis,

302 2197 402 2265 Duris
425 2205 461 2265 ut
482 2200 548 2265 ilex
569 2206 663 2264 tonsa
684 2200 876 2299 bipennibus

303 2282 425 2365 Nigrae
448 2285 548 2350 feraci
570 2284 693 2350 frondis
714 2306 747 2348 m
770 2284 898 2364 Algido,

347 2371 409 2433 Per
431 2370 559 2448 damna,
581 2390 640 2455 per
662 2369 780 2448 caedis,
804 2369 938 2453 abipso

259 2461 291 2513 60
425 2456 523 2521 Ducit
545 2476 624 2541 opes
646 2454 853 2537 animumque
875 2455 968 2518 ferro.

216 2651 325 2702 formata
342 2657 393 2704 est:
418 2661 448 2705 ut
464 2658 531 2705 enim
549 2672 564 2705 a
582 2657 723 2720 dedecore,
742 2656 884 2714 dedecor03
908 2656 946 2703 ite
964 2650 995 2702 ab
1013 2650 1139 2701 indecore
1158 2649 1280 2701 indecoro
1299 2648 1338 2698 dc·

218 2719 278 2768 duci
295 2725 386 2785 potest.
424 2724 517 2773 Accius
535 2725 562 2773 in
580 2726 733 2775 Athamante
752 2724 820 2789 apud
838 2722 952 2773 Nonium
971 2724 1006 2784 [p.
1017 2720 1075 2782 489,
1096 2718 1224 2780 lMerc.]:
1249 2714 1339 2781 ,βαῖν’

217 2790 253 2835 sit
271 2791 327 2837 vita
345 2790 480 2852 indecoris,
498 2796 609 2841 mortem
628 2792 747 2857 effugere
765 2798 870 2857 turpem
888 2792 955 2840 baut
972 2789 1120 2837 eonvenit.“
1149 2782 1338 2850 VirgiliusXII,

217 2855 274 2906 679.
292 2871 359 2919 „nec
376 2873 418 2907 mc
434 2859 591 2921 indecorem,
608 2875 756 2925 germane,
781 2860 910 2910 ornetisf‘
933 2857 978 2922 qui
996 2860 1023 2905 et
1039 2854 1103 2904 alibi
1121 2859 1211 2919 quater
1228 2870 1255 2903 eo
1271 2867 1340 2902 voca-

216 2922 277 2972 bulo
295 2939 356 2975 usus
374 2931 425 2975 cst:
450 2926 605 2978 Claudianus
629 2928 656 2977 in
675 2929 795 2978 Rufinum
813 2928 854 2976 III
872 2925 926 2990 [lib.
945 2926 977 2987 Il,
995 2925 1036 2975 58.
1073 2922 1127 2986 „At
1142 2938 1192 2973 nos
1216 2921 1338 2971 indecores

217 2990 297 3057 longo
316 2996 479 3060 torpebimus
503 2997 593 3046 ncoo.“
628 2996 722 3046 Tamen
740 3000 812 3046 vetus
830 2997 972 3045 Enarrator
994 2990 1124 3041 Iuvenalis
1148 2989 1181 3039 ad
1206 2991 1257 3040 Sat.
1272 2986 1336 3039 XIV.

216 3075 238 3110 v,
259 3061 364 3178 hbcitat
388 3063 415 3113 in
439 3065 487 3115 hoc
510 3064 600 3114 Nostri
623 3066 679 3115 loco
704 3064 880 3114 dedecoraret:
904 3061 947 3112 sed
971 3066 998 3110 et
1022 3058 1061 3109 ibi
1085 3058 1337 3125 consulendae'eruut

216 3143 280 3176 mem
298 3145 383 3180 ranae.

283 3199 323 3248 66.
342 3198 426 3249 Ducit
444 3216 507 3265 opes
524 3204 696 3266 animumque
712 3199 799 3261 ferro]
821 3195 1026 3262 Magdalenensis
1044 3197 1131 3244 noster
1148 3198 1175 3243 et
1192 3194 1336 3244 Bodleianus

217 3265 384 3330 animosque:
403 3268 441 3316 ita
458 3284 562 3333 prorsus
581 3269 649 3334 apud
667 3267 805 3332 Virgilium
823 3269 885 3315 Aen.
901 3266 1005 3326 litas.
1043 3261 1184 3327 „Undique
1202 3277 1336 3314 convenere

215 3330 308 3379 animis
326 3332 469 3399 opibusque
486 3339 605 3401 parnti.“
623 3340 649 3386 et
669 3337 780 3385 Statium
799 3335 861 3385 silv.
879 3334 929 3398 111,
948 3336 971 3383 1.
990 3336 1023 3393 [r.
1044 3333 1101 3392 166]
1132 3328 1237 3393 „Macte
1253 3330 1336 3382 animis

215 3395 366 3463 opibusque,
384 3416 455 3453 rneos
468 3405 573 3453 imitate
586 3404 715 3454 labores.“
734 3403 828 3452 Tamen
842 3401 930 3467 plures
942 3400 985 3449 hic
1001 3403 1027 3448 et
1038 3399 1197 3463 antiquiores
1208 3399 1336 3464 sequimur,

215 3463 355 3529 inquibus
373 3473 412 3517 est
430 3473 614 3537 onirnnmque3
634 3477 661 3520 ut
679 3470 771 3521 Caesar
788 3471 819 3520 de
837 3468 909 3518 Bello
927 3467 1027 3517 Gallico
1045 3467 1103 3527 VII,
1122 3469 1162 3517 id.
1181 3467 1335 3534 „Omnesque

216 3534 243 3580 et
259 3533 345 3583 animo
370 3541 396 3583 et
419 3536 512 3602 opibus
537 3543 566 3589 tn
584 3539 614 3588 id
638 3539 735 3589 belhem
758 3538 967 3588 incumberent.“
1003 3536 1069 3584 Sane
1086 3534 1180 3583 Noster
1196 3537 1335 3586 varietatem

215 3600 316 3650 numeri
334 3601 434 3653 videtur
452 3605 537 3655 studio
556 3612 717 3657 consectatus
735 3622 799 3667 osse,
817 3611 847 3654 ut
865 3619 942 3668 supra
960 3602 1041 3654 Oarm.
1060 3601 1105 3663 IV,
1115 3604 1139 3663 2,
1149 3604 1190 3652 22.
1219 3609 1261 3666 „ct
1276 3604 1336 3655 vires

215 3667 380 3735 animumque
398 3675 649 3737 moresqueAurcos
667 3675 756 3725 edrsctt
774 3677 803 3724 trs
821 3675 924 3724 artro.“
950 3670 996 3721 ubi
1013 3671 1100 3735 potuit
1116 3669 1213 3734 pariter
1230 3674 1335 3723 unimor-

215 3751 279 3801 qstc3
299 3739 341 3788 uti
359 3753 419 3789 sanc
438 3756 454 3790 a
470 3740 554 3807 prima
570 3758 648 3792 mann
666 3743 769 3793 exhibet
787 3742 865 3791 codex
874 3739 1017 3790 Patrensis:
1036 3754 1118 3803 neque
1136 3737 1212 3788 aliter
1219 3737 1335 3804 Virgilius

214 3807 277 3855 Aen.
296 3807 338 3869 11,
356 3808 415 3860 617.
449 3808 527 3875 „lpse
554 3815 636 3876 pater
658 3812 764 3861 Danais
794 3810 893 3860 animos
917 3808 1032 3873 viresque
1057 3805 1186 3858 cerseredus
1210 3805 1335 3870 Sufficit.“

215 3871 332 3925 Valerius
341 3874 479 3939 Flaccusl,
490 3879 549 3930 243.
585 3877 658 3941 „Vos
675 3894 780 3945 quoque
796 3893 870 3928 mirac
886 3876 953 3927 vires
970 3876 1118 3940 animosque
1135 3873 1239 3936 adferte
1254 3882 1335 3941 pater

214 3944 291 3992 που(
324 3943 396 3994 Idem
412 3944 457 4007 IV,
477 3947 535 3999 621.
571 3945 644 4009 „Seu
667 3953 692 3997 te
715 3963 770 3998 mon
793 3946 900 4006 animis,
929 3961 978 3995 nee
1000 3944 1066 3995 solis
1083 3941 1180 3993 viribus
1205 3947 1334 4009 acquum“

214 4007 310 4059 Maluit
326 4014 410 4062 temen
430 4017 501 4064 utres
519 4017 699 4081 animumque,
717 4019 743 4065 ct
760 4013 894 4065 varietatis
911 4018 937 4064 et
953 4011 1107 4079 Euphoniae
1124 4011 1221 4076 gratia:
1237 4016 1267 4063 ut
1281 4014 1334 4065 Vir·

214 4075 293 4139 gilius
311 4095 411 4145 quoque
425 4084 486 4131 Aen.
497 4081 543 4143 IX,
553 4084 613 4135 tlt.
631 4082 784 4148 „HicMers
801 4085 966 4148 armipotens
983 4082 1049 4131 vires
1066 4082 1228 4144 animumque
1236 4079 1333 4133 Latinis

215 4142 356 4197 Additur
374 4153 400 4199 et
416 4148 513 4202 ibidem
531 4153 589 4203 tet.
609 4151 696 4216 „lemn
713 4152 780 4203 uiros
798 4152 960 4216 animumque
977 4150 1140 4200 mtnrbtratf‘
1165 4148 1260 4199 Statim
1277 4151 1331 4202 silv.
