2842 4758
215 236 277 297 424
603 250 634 309 o.
657 249 798 297 nonnum
819 247 942 296 nuncet

280 383 429 450 Caesaris
450 382 559 449 invicti
579 402 630 448 res
653 381 767 459 dicere,
788 382 890 447 multa
910 382 1056 449 laborum

278 467 425 537 Praemia
446 468 580 534 laturus.
624 466 795 553 Cupidum
818 474 909 552 pater
930 467 1058 551 optime,
1081 467 1167 533 vires

278 553 455 620 Deficiunt:
476 573 580 637 neque
603 555 687 618 enim
710 552 814 635 quivis
835 552 997 617 horrentia
1018 551 1093 637 pilis

279 638 428 721 Agmina,
450 658 509 704 nec
530 639 632 704 fracta
652 638 815 723 pereuntis
837 638 969 722 cuspide
991 637 1112 715 Gallos,

238 740 267 789 15
281 726 346 789 Aut
366 725 503 791 labentis
525 744 607 807 equo
628 722 780 789 describit
801 724 932 788 volnera
952 721 1073 788 Parthi.

278 812 427 876 Attamen
448 816 481 874 et
502 808 621 875 iustum
644 821 772 894 poteras
798 815 830 872 et
852 808 990 874 scribere
1011 806 1135 881 fortem,

280 893 462 981 Scipiadam
485 899 521 959 ut
541 893 671 979 sapiens
693 892 845 959 Lucilius.
890 892 984 957 Haud
1005 891 1084 955 mibi
1106 892 1212 972 deero,

280 980 362 1046 Cum
384 999 435 1044 res
457 978 529 1065 ipsa
551 979 647 1043 leret:
669 978 732 1045 nisi
753 978 866 1044 dextro
888 984 1040 1062 tempore,
1062 977 1170 1041 Flacci

279 1066 386 1131 Verba
407 1084 465 1151 per
486 1070 639 1129 attentam
661 1084 723 1127 non
745 1064 837 1128 ibunt
859 1062 1008 1128 Caesaris
1030 1082 1156 1128 aurem:

237 1163 269 1214 20
284 1149 344 1216 Cui
365 1149 500 1231 malelsi
522 1149 663 1235 palpem,
686 1148 863 1214 recalcitret
885 1146 1025 1229 undique
1046 1152 1144 1212 tutus.

280 1236 405 1313 Quanto
428 1235 545 1300 rectius
567 1235 636 1312 boc,
659 1255 754 1317 quam
778 1233 859 1299 tristi
885 1234 1013 1298 laedere
1034 1252 1129 1297 versu

279 1320 488 1385 Pantolabum
511 1339 662 1395 scurram,
685 1321 959 1384 Nomentanumvc
981 1319 1151 1402 nepotem?

279 1404 359 1470 Cum
383 1404 443 1470 sibi
466 1405 602 1487 quisque
626 1406 730 1483 timet3
754 1424 949 1493 quamquam
970 1410 1019 1468 est
1036 1402 1184 1481 intactus,
1208 1409 1241 1468 et
1254 1403 1332 1468 odit

279 1489 364 1568 Quid
386 1488 524 1555 faciam‘.l
546 1490 643 1554 saltat
664 1489 824 1567 Milonius,
847 1498 882 1554 ut
904 1489 1003 1555 semel
1024 1487 1086 1552 icto

291 1659 313 1692 v.
334 1644 372 1693 15.
398 1642 473 1706 Vulg.
491 1642 638 1692 Describal.
675 1644 715 1694 10.
734 1641 902 1692 Hecalcltrat.
938 1639 1255 1706 remuneratoriumque.

218 1809 325 1860 nimium
343 1810 418 1876 plane
436 1817 462 1860 et
478 1813 622 1861 affectatum
641 1815 719 1870 esset,
748 1816 787 1872 et,
814 1810 880 1874 quod
902 1826 941 1859 me
965 1815 1047 1859 movet
1069 1810 1190 1870 maxime,
1218 1809 1331 1861 Trebatii

215 1894 338 1944 personae
356 1878 533 1944 incongruens.
568 1880 646 1928 Extat
670 1877 771 1942 quidem
795 1877 870 1926 hodie
893 1876 961 1942 apud
977 1877 1102 1927 Nasonem
1121 1878 1188 1926 Fast.
1208 1879 1249 1940 II,
1273 1880 1329 1931 tot.

215 1946 340 2009 „Interea
359 1951 461 1996 r'uocnr's
478 1948 595 2008 sarriatur
613 1949 712 2010 regias,
728 1950 803 2010 agnen
823 1944 957 2009 concapit,
985 1951 1011 1994 et
1035 1960 1112 1995 caeco
1134 1949 1226 2010 raptus
1249 1961 1331 1997 amore

214 2017 296 2064 nritf‘
332 2014 405 2070 Quod
423 2015 472 2065 etsi
488 2016 516 2064 in
535 2014 626 2064 Ouidio
650 2014 827 2078 praetulerim,
853 2013 913 2077 qnia
937 2013 1066 2078 praecedit
1089 2016 1221 2078 concipit:
1247 2015 1330 2065 decem

215 2087 298 2132 temen
326 2082 440 2143 codices,
467 2082 589 2133 referente
612 2082 649 2131 ibi
672 2082 795 2143 Heinsio,
819 2081 913 2132 habeut
937 2086 1030 2145 eaptus
1053 2096 1156 2130 amore:
1185 2087 1216 2131 ut
1238 2082 1329 2147 Virgil.

215 2152 316 2215 [Georg.
334 2151 389 2211 Ill,
407 2153 468 2214 285]
502 2150 637 2215 „Singula
662 2150 725 2200 dorm
743 2150 811 2214 capti
831 2153 1067 2199 circumvectamur
1084 2151 1199 2199 emore“:
1225 2155 1251 2200 et
1268 2150 1330 2200 alibi

214 2219 280 2282 [Ecl.
290 2221 314 2282 6,
334 2221 390 2281 10]:
409 2222 510 2283 „siquis
529 2224 616 2268 tamen
635 2218 699 2267 baec
717 2233 827 2282 potoque,
845 2219 929 2282 siquis
947 2216 1043 2282 Captus
1060 2233 1144 2266 amore
1164 2218 1260 2281 leget.“
1281 2219 1329 2268 Ve-

212 2303 268 2337 rum
290 2292 426 2351 utcumque
451 2287 481 2336 de
499 2286 587 2336 Ovidii
605 2286 661 2336 loco
680 2286 812 2347 decernas,
838 2285 866 2334 in
883 2284 1025 2334 Horatiano
1044 2291 1110 2335 certe
1135 2289 1222 2351 capi
1229 2291 1241 2336 t
1256 2286 1331 2351 longe

214 2355 300 2421 aptius
318 2359 343 2404 et
360 2355 513 2404 familiarius
530 2359 574 2404 est.

283 2425 322 2474 15.
357 2422 497 2472 [describat
520 2422 631 2472 uttlnera
655 2421 758 2483 Partho]
792 2420 885 2472 Haesit
907 2420 954 2470 hoc
979 2436 1010 2470 ex
1035 2420 1191 2470 editionibus
1215 2422 1327 2472 vetustis.

213 2489 301 2540 Plures
311 2490 377 2539 enim
386 2491 494 2552 codices,
504 2491 532 2540 in
542 2490 633 2555 quibus
642 2488 774 2539 Blendinii
784 2493 886 2550 veteres,
906 2488 925 2537 d
931 2504 963 2537 cs
971 2491 1024 2538 crt'
1029 2489 1065 2538 be
1075 2489 1131 2538 tvcl
1141 2489 1160 2539 d
1166 2505 1246 2539 eser
1253 2493 1265 2539 i
1272 2493 1286 2540 b
1294 2494 1305 2538 ι’
1311 2495 1327 2539 t.

213 2557 300 2608 Placet
317 2559 457 2623 posterius,
481 2559 549 2624 quod
566 2561 708 2622 agnoscunt
725 2572 755 2606 ex
772 2557 866 2606 nostris
883 2556 1048 2621 Baginensis,
1071 2557 1166 2621 Regiae
1185 2557 1328 2619 Societatis,

212 2626 385 2690 Batteliauns,
411 2626 615 2691 Magdalenensis
648 2641 704 2674 cum
733 2625 858 2675 Patrensi.
899 2625 941 2674 Sic
967 2625 1060 2674 Noster
1084 2627 1146 2675 Arte
1173 2625 1244 2675 Post.
1270 2628 1326 2679 263.

214 2691 294 2757 „Non
313 2695 395 2758 quivis
413 2694 483 2744 videt
499 2693 674 2744 immodulata
691 2695 814 2758 poemata
833 2692 941 2742 iudem.“
967 2692 1094 2741 Martialis
1109 2694 1180 2742 Vlll.
1199 2695 1240 2745 48.
1260 2697 1290 2757 [v.
1301 2695 1326 2756 5]

212 2759 291 2823 „Non
310 2762 460 2878 guicumque
479 2763 549 2828 capit
566 2766 703 2811 saturatas
720 2764 821 2810 cnurice
838 2766 935 2810 vestes.-
952 2759 1009 2810 Nec
1024 2763 1078 2809 nisi
1089 2760 1193 2811 deliciis
1208 2764 1329 2812 conuenit

213 2832 262 2878 iste
284 2844 314 2878 co
327 2834 383 2880 or.“

281 2898 321 2949 20.
358 2895 407 2947 Cui
423 2897 493 2947 male
509 2899 535 2946 si
548 2897 675 2962 palpare,
701 2896 857 2947 recalcitrat
879 2890 997 2960 crudique
1015 2898 1097 2958 tutus]
1133 2895 1180 2945 Vel
1198 2897 1255 2962 lege
1272 2912 1327 2947 cum

214 2964 300 3014 codice
317 2967 445 3027 Petrensi‚
464 2963 533 3028 „Cui
549 2966 618 3014 naula
634 2968 660 3014 si
675 2965 828 3030 palpare,
846 2965 1003 3014 recalcitrat
1019 2964 1137 3028 undique
1155 2968 1262 3014 tutus“:
1288 2964 1326 3015 vel

212 3034 364 3097 potiuscum
373 3033 526 3095 Batteliano‚
545 3032 613 3094 „Cui
621 3033 690 3082 male
706 3035 731 3081 si
746 3032 864 3098 palpare,
882 3032 1085 3082 recalcitret
1102 3032 1325 3098 ecudr'quetntuc.“

212 3100 305 3151 Melius
323 3102 391 3151 enim
409 3107 454 3161 est,
476 3107 503 3151 ut
521 3106 654 3165 utrumque
664 3100 774 3151 Verbum
792 3099 876 3149 eodem
895 3100 971 3149 Modo
990 3101 1114 3151 efferatur.
1142 3101 1184 3150 Sic
1205 3100 1324 3163 Sermll,

213 3169 237 3230 3,
255 3170 310 3220 214.
340 3169 386 3231 „Si
405 3170 461 3233 quis
480 3170 572 3219 lectica
590 3169 704 3218 nitidam
719 3173 826 3232 gestare
844 3172 909 3216 earet
928 3183 1035 3232 agnum,
1052 3197 1087 3204 —
1104 3169 1248 3220 interdicto
1266 3172 1326 3220 tatic

213 3251 289 3285 omne
306 3237 402 3286 adimat
419 3239 461 3285 inc
478 3237 598 3299 Praetor,
617 3242 641 3286 et
659 3236 695 3286 ad
711 3250 790 3286 sanor
807 3235 881 3286 abeat
899 3236 981 3285 tutela
997 3238 1190 3301 pr·opr'nquos.“
1227 3243 1253 3288 et
1270 3239 1323 3290 249.

212 3302 261 3367 „Si
278 3319 353 3368 quem
371 3303 479 3354 delectet
497 3305 649 3366 bardanem,
677 3306 792 3353 amentia
810 3306 918 3353 verset.“
952 3308 978 3352 et
995 3305 1052 3356 259.
1088 3303 1198 3364 „Same⁹
1219 3306 1325 3363 catella·

212 3377 308 3437 negat:
326 3375 350 3421 su'
367 3387 420 3421 non
439 3371 491 3436 des,
509 3375 605 3437 optet.“
633 3371 695 3421 Cum
713 3379 796 3422 autern
811 3371 943 3421 translatio
954 3371 997 3421 hic
1010 3374 1044 3422 sit
1062 3370 1092 3420 ab
1107 3387 1171 3436 equo
1183 3373 1321 3433 calcitroso,

212 3444 237 3488 et
255 3439 285 3488 de
302 3438 406 3489 Caesare
424 3439 458 3488 sit
477 3455 573 3499 sermo;
590 3440 691 3489 mollior
708 3455 768 3489 sanc
786 3440 963 3503 honestiorquc
982 3440 1212 3490 estSubiunctirus
1229 3442 1320 3500 modus,

152 3532 155 3537 ¹
211 3506 370 3558 Recalct'tret
387 3510 442 3557 rive
451 3505 632 3557 Recalcitraue
642 3507 713 3570 uelit,
733 3523 805 3571 quam
816 3505 995 3567 Ilceulct'trut3
1014 3509 1080 3573 quod
1092 3507 1121 3557 de
1134 3506 1240 3560 Caesare
1251 3508 1322 3559 nimis

211 3575 371 3625 familiariter
389 3576 483 3625 dictum
502 3575 579 3637 soret,
608 3580 633 3625 et
655 3590 720 3640 pene
744 3575 930 3625 contumeliose.
958 3576 1055 3641 Digest.
1076 3574 1127 3637 IX,
1155 3579 1182 3639 1,
1208 3580 1230 3628 1.
1256 3576 1282 3642 [ξ
1300 3578 1321 3639 1]

211 3644 343 3710 „Ideoque
359 3646 384 3693 ci
401 3659 483 3709 equam
501 3643 592 3694 dolore
609 3645 770 3706 concitatus,
789 3644 860 3694 calce
876 3645 990 3708 petierit,
1010 3659 1111 3694 cessare
1129 3648 1275 3696 actionem:
1292 3671 1322 3682 -

212 3718 241 3762 at
257 3715 288 3774 ai,
308 3727 367 3763 cum
385 3727 480 3777 equiem
497 3710 678 3778 permunisset
695 3713 762 3777 quic,
780 3711 822 3761 uel
838 3711 956 3777 palpatus
974 3716 1019 3774 est,
1038 3708 1089 3780 (et)
1107 3712 1179 3762 calce
1197 3729 1255 3763 eum
1265 3728 1321 3778 pcr-

213 3784 331 3842 cusscnit,
350 3782 402 3830 erit
421 3782 523 3830 actioni
536 3780 635 3841 locas,“
652 3777 703 3829 Ubi
721 3795 767 3845 pro
785 3779 910 3845 palpatus
928 3785 967 3830 est
984 3786 1017 3841 et,
1036 3780 1090 3829 sine
1109 3779 1186 3830 dubio
1199 3781 1321 3846 corrigen-

212 3847 278 3907 dum,
296 3848 423 3914 palpatus
441 3854 515 3899 esset.

278 3917 317 3968 22.
353 3914 601 3981 Nomentanumque
626 3918 755 3979 nepotem]
797 3914 900 3965 Rectius
923 3915 1002 3965 codex
1027 3914 1195 3979 Regiuensis,
1223 3914 1321 3966 Colbcr·

211 3983 293 4037 tinus.
312 3984 407 4049 Regiae
424 3984 574 4046 Socierctis,
598 3983 739 4046 Patrensis,
763 3982 871 4047 Collegit
888 3983 1039 4044 Trinitatis,
1064 3998 1120 4033 cum
1139 3983 1237 4034 duobus
1253 3985 1320 4033 Bers-

214 4053 312 4112 manni3
332 4052 525 4113 „Pantolabum
543 4050 681 4112 Scurram,
698 4051 776 4102 Nom
787 4058 989 4101 entannmve
1007 4052 1155 4117 nepotem.“

278 4121 318 4170 24.
355 4119 443 4168 Saltat
467 4119 603 4181 rllc'lonias]
646 4117 729 4168 Codex
755 4118 864 4184 Regius,
890 4117 1036 4171 Milioniam.
1077 4119 1201 4169 Gruterus
1227 4121 1273 4182 54,
1299 4120 1318 4169 1.

211 4184 247 4235 Μ.
264 4184 455 4235 MILLONIUS
473 4186 508 4234 lli.
526 4186 556 4235 L.
575 4184 717 4236 AUCTUS.
