2834 4758
163 264 230 325 324
499 264 505 271 '
559 277 591 336 q.
614 277 755 325 nonnam
776 276 900 326 rancor

252 410 405 492 Vulgata,
428 429 555 477 sacrum
577 410 669 477 liberi
692 410 740 477 Cu
764 410 881 477 idinist

250 498 292 561 Et
312 494 471 580 Esquilini
493 496 638 646 pontifex
658 432 791 562 venetici

249 581 372 667 Inpone
395 587 430 645 ut
450 583 497 649 Ur
520 600 570 646 em
592 581 720 647 nomine
741 580 875 666 inpleris
896 585 991 647 meo?

202 678 237 729 eo
251 666 337 745 Quid
359 665 512 752 proderat
532 666 655 732 ditasse
677 666 830 748 Pelignus
852 685 943 750 anus,

250 751 440 817 Velociusve
462 751 630 817 miscuisse
652 751 815 818 toxicum?

249 836 314 902 Sed
335 835 478 901 tardiora
499 837 567 902 fata
588 843 621 903 te
641 837 725 928 votis
746 841 891 901 manent:

453 969 476 1003 r.
494 956 536 1006 60.
561 954 637 1019 Vulg.
655 953 788 1004 Proderit.
824 957 866 1008 62.
885 952 918 1004 Si
934 952 998 1003 tard.

159 1089 267 1153 exponit
286 1093 357 1138 vetos
375 1091 520 1139 Annotator
538 1090 709 1141 Graecianus:
728 1093 754 1140 et
772 1089 873 1154 quidem
890 1088 1027 1139 ridiculum
1043 1086 1108 1138 illud
1117 1087 1296 1138 Partumeius

158 1171 178 1205 a
200 1157 279 1206 simili
303 1156 453 1221 glossemate
477 1163 566 1207 natum
589 1175 643 1208 esse
666 1173 714 1224 pro
737 1161 807 1208 certo
830 1157 973 1207 habendum
997 1160 1041 1206 est.
1078 1154 1179 1206 Venter
1196 1160 1294 1217 antean

161 1224 215 1273 sive
232 1230 338 1288 uterus,
364 1242 410 1290 pro
428 1224 535 1288 infante,
553 1227 598 1290 qui
617 1227 644 1275 in
662 1230 750 1275 ventre
768 1230 820 1286 est,
841 1241 891 1275 non
910 1224 1034 1274 inusitata
1050 1223 1123 1273 bonis
1141 1224 1295 1274 auctoribus

160 1291 266 1341 locutio.
301 1292 405 1342 Tacitus
429 1292 520 1343 Annal.
546 1294 573 1354 l,
597 1296 638 1345 59.
674 1295 857 1357 „Armininm‚
884 1308 968 1358 snpra
993 1294 1102 1342 insitam
1126 1292 1295 1356 violentiam,

159 1364 242 1424 rapta
260 1375 342 1422 recor,
359 1363 492 1411 subiectas
508 1364 619 1411 seruitio
637 1365 733 1411 neoris
751 1366 846 1422 uterus,
865 1359 1002 1412 vecordem
1020 1361 1161 1425 agebunt.“
1196 1365 1223 1410 et
1241 1359 1295 1409 ibi-

159 1427 218 1476 dem
237 1426 290 1487 XV,
309 1430 350 1480 23.
385 1429 460 1490 „lam
477 1434 586 1479 senatus
603 1436 703 1479 uterum
712 1427 1181 1495 Poppaeaecommendaueratdiir.“
1207 1427 1294 1484 Quin·

158 1494 267 1544 tilianus
286 1494 396 1544 Daciam.
415 1494 588 1548 CCLXXVll.
613 1500 697 1560 [exta]
733 1497 802 1562 „llln
821 1499 908 1560 igitur
924 1499 1002 1561 prior
1019 1495 1159 1545 damnauit
1177 1502 1295 1545 ventrem

158 1577 258 1611 suurn:
277 1563 391 1613 victurus
410 1568 499 1614 nutem
516 1565 571 1625 fnit
589 1566 641 1627 ille,
659 1568 684 1615 si
701 1580 750 1629 ego
764 1563 915 1614 adulteram
926 1563 1171 1614 nonacetdissem.“
1189 1564 1295 1628 Digest.

158 1628 295 1690 XXXVII,
314 1633 337 1682 9.
366 1635 388 1693 [l
411 1631 470 1697 Η]
507 1631 634 1697 „Totiens
658 1638 747 1683 entem
771 1635 888 1682 mittitur
913 1635 941 1681 tn
962 1632 1152 1697 possessionem
1176 1633 1295 1680 venter.“

162 1700 189 1759 [1
211 1702 225 1761 ᾗ
245 1700 269 1760 ιι]
306 1698 356 1761 „st
371 1704 460 1749 venter
476 1700 509 1749 ab
528 1703 659 1751 institutis
677 1700 873 1751 endaaredatas
890 1703 940 1761 sit,
959 1716 975 1749 a
993 1699 1142 1749 ssebstitntis
1156 1701 1295 1765 proeteri-

162 1768 233 1815 tus.“
251 1769 274 1828 [l
296 1769 319 1831 ς’
334 1769 374 1830 11]
410 1765 567 1831 „renonem
585 1785 640 1819 non
659 1785 721 1830 esse,
740 1784 789 1819 cnr
807 1773 895 1818 venter
911 1766 1008 1832 repelli
1024 1765 1146 1816 debent.“
1163 1770 1188 1830 [t
1209 1767 1225 1831 ἓ
1249 1768 1292 1830 13]

161 1831 241 1897 „Non
266 1837 295 1883 in
320 1840 404 1885 toturn
422 1836 517 1951 repelli
534 1841 620 1886 uterus
639 1836 737 1888 debet.“
755 1838 779 1899 [i
800 1836 817 1902 ξ
841 1838 880 1898 l'l]
914 1835 1008 1898 „Solet
1024 1835 1121 1884 mulier
1138 1841 1294 1886 recreatorem

160 1902 244 1951 ventri
260 1904 376 1966 petere.“
394 1908 420 1953 et
437 1904 448 1953 i
465 1903 531 1953 idem
550 1904 581 1967 V,
599 1908 623 1965 4,
634 1907 657 1956 3.
693 1903 827 1968 „Antiqui
844 1904 927 1954 libero
939 1903 1022 1953 ventri
1033 1906 1071 1951 ita
1080 1907 1293 1968 prosperarent,

160 1975 193 2019 nt
209 1972 237 2018 in
256 1975 360 2036 tempus
377 1971 508 2022 nascendi
524 1975 616 2022 omnia
635 1975 661 2021 ei
676 1974 739 2022 inre
758 1974 865 2036 integra
882 1974 1076 2021 reservarent.“

228 2040 269 2090 60.
280 2041 356 2091 etos.
375 2038 447 2100 Quid
461 2038 585 2105 proderit
602 2039 709 2102 ditasse]
728 2041 769 2089 Ita
784 2056 851 2089 nunc
867 2039 943 2103 vulgo
953 2038 1087 2088 editnrhic
1097 2037 1182 2097 loeus3
1201 2035 1295 2099 ,βαιά

157 2105 284 2171 proderit
301 2106 398 2157 ditasse
407 2106 533 2172 Pelignus
551 2124 626 2167 anus,
647 2106 802 2158 Velocr'usoe
819 2110 955 2157 miscuisse
973 2108 1100 2168 loricam,
1119 2104 1151 2155 St
1165 2105 1293 2155 tardiore

157 2173 220 2234 fcto
246 2179 269 2223 ta
292 2178 360 2225 coda
384 2177 529 2225 ιηιινιιηιιιι
563 2175 634 2230 Quae
660 2176 692 2224 ad
715 2176 791 2225 verba
815 2175 867 2224 iam
892 2175 952 2224 olim
980 2174 1113 2224 adnotavit
1139 2174 1294 2239 Porphyrio‚

157 2237 258 2301 fallere
275 2243 319 2292 tte
336 2258 450 2306 sensnm,
469 2248 494 2292 et
504 2243 651 2308 ambiguum
661 2259 722 2304 esse,
742 2249 828 2293 utrum
846 2243 877 2293 ad
889 2240 1023 2293 Canidiam
1032 2243 1103 2302 haee,
1121 2241 1295 2291 anadHora·

158 2309 226 2358 tium
244 2310 374 2361 reserenda
391 2310 454 2364 sint.
489 2310 627 2361 Concludit
644 2316 737 2371 tamen,
756 2312 789 2361 ad
801 2310 936 2362 Horatium
956 2310 1193 2375 potiuspertinere;
1212 2309 1292 2359 utsic

158 2377 213 2425 sint
231 2378 414 2442 intelligenda,
440 2379 511 2441 Quid
528 2381 567 2429 ici
582 2379 712 2444 proderit,
732 2379 835 2440 Horati,
855 2380 952 2429 ditasse
972 2379 1099 2441 Pelignus
1116 2392 1199 2440 aneu,
1217 2382 1246 2427 ut
1266 2382 1293 2427 te

157 2459 176 2493 a
199 2446 262 2494 meis
287 2446 506 2497 incantationibus
529 2463 576 2512 psr
592 2446 751 2512 potentiores
769 2447 957 2497 incantationes
975 2445 1133 2495 liberarent?
1159 2449 1207 2494 aut
1225 2444 1295 2510 quid

159 2513 283 2576 proderit
308 2516 358 2563 tibi
374 2518 510 2565 miscuisse
528 2515 644 2565 uelocius
663 2517 797 2578 tonicam,
824 2531 874 2581 quo
892 2530 987 2579 poenas
1005 2512 1054 2563 tibi
1073 2529 1088 2562 a
1105 2529 1144 2563 me
1162 2513 1292 2577 irrogatas

156 2579 212 2629 cita
229 2586 309 2631 morte
326 2583 467 2645 effugeres?
502 2586 585 2647 Atque
603 2584 631 2632 in
649 2584 714 2633 hanc
733 2583 788 2632 eius
805 2583 957 2633 sententiam
968 2583 1050 2631 omnis
1060 2580 1112 2631 iere
1121 2582 1294 2645 interpretum

159 2655 263 2698 senatus
288 2649 395 2713 pedibus
420 2649 527 2701 accedit.
561 2650 618 2714 Ego
636 2667 695 2700 vero
713 2650 794 2700 altera
811 2650 898 2715 potius
915 2650 957 2700 via
974 2649 1145 2700 insistendum
1163 2650 1293 2701 existimo.

164 2715 254 2778 Neque
279 2717 345 2766 enim
371 2717 411 2765 vel
435 2716 510 2766 verbo
536 2717 662 2768 iudicavit
678 2719 803 2768 Horatius
820 2719 848 2767 in
866 2718 950 2783 priore
968 2722 1041 2783 parte
1058 2716 1193 2777 Carminis,
1214 2733 1241 2767 se
1259 2714 1293 2766 ab

157 2781 220 2830 aliis
238 2783 355 2833 veneficis
374 2783 491 2833 antidota
507 2785 627 2849 petiisse:
655 2802 737 2850 neque
754 2802 813 2836 vero
831 2802 878 2850 par
895 2790 958 2847 erat,
976 2791 1006 2835 ut
1024 2787 1069 2849 qui
1087 2787 1226 2835 vanitatem
1237 2800 1294 2834 nra·

158 2849 245 2912 gicam
262 2856 312 2898 tam
329 2850 394 2900 salse
412 2851 454 2901 hic
472 2852 600 2914 derideat,
619 2854 650 2903 ad
669 2854 769 2904 easdem
786 2861 853 2904 artes
871 2870 898 2903 se
917 2854 1062 2905 devolutum
1080 2870 1134 2903 esse
1152 2853 1293 2902 fateretur:

159 2917 241 2967 multo
258 2919 342 2968 minus
359 2924 466 2969 mortem
483 2921 568 2971 toxico
585 2918 635 2971 sibi
654 2937 778 2972 arcessere
796 2922 920 2972 voluisse:
944 2922 971 2971 id
990 2922 1059 2971 enim
1076 2921 1158 2985 ipsius
1177 2921 1293 2971 orationi

157 2983 236 3050 plane
252 2991 386 3051 repugnat.
422 2987 545 3038 Omnibus
563 2990 631 3038 enim
647 2988 766 3054 precibus
783 2990 834 3040 iam
852 2991 1027 3039 obsecraverat
1038 2987 1179 3049 Canidiam,
1197 2996 1227 3037 ut
1241 2988 1293 3038 sol·

157 3062 229 3102 reret
246 3071 272 3104 se
291 3055 432 3118 dementia,
450 3057 568 3122 vitaeque
586 3073 656 3122 spem
674 3062 700 3107 et
717 3058 888 3108 valetudinem
907 3058 958 3107 sibi
976 3057 1132 3108 restitueret.
1168 3057 1241 3121 Ergo
1259 3057 1293 3106 de

158 3119 283 3183 Canidia,
309 3139 360 3173 non
385 3124 415 3174 de
433 3124 556 3186 Horatio,
581 3125 642 3175 baec
668 3125 744 3175 verba
762 3126 912 3191 accipienda
931 3130 1006 3175 sunt:
1032 3141 1097 3189 quae
1115 3130 1200 3174 tamen
1218 3124 1293 3189 prius

156 3190 299 3252 emendare,
311 3207 386 3256 quam
394 3207 514 3241 enarrare
524 3197 632 3257 oportet
641 3192 742 3257 Quippe
752 3193 929 3258 propenderit
938 3193 1085 3243 veterrimus
1095 3192 1293 3243 ccdexLeiden·

159 3256 204 3317 sis,
223 3260 420 3309 etnoninfimae
436 3259 723 3324 notaeMagdalenensis
738 3260 911 3326 proderet
928 3260 995 3311 clare
1014 3260 1148 3310 exhibent:
1166 3267 1192 3309 et
1208 3276 1257 3324 pro
1268 3263 1296 3310 sl

159 3324 292 3388 tardiora,
302 3327 427 3377 editiones
436 3331 550 3377 vetustae
559 3327 678 3390 Venetae,
686 3329 826 3395 Porphyrio
833 3328 995 3390 Scholiastes,
1004 3328 1131 3378 Torrentii
1142 3328 1241 3392 aliquot
1250 3344 1294 3378 oo-

159 3390 229 3439 dices
242 3407 272 3440 ex
282 3394 396 3458 optimis,
407 3395 545 3445 Pulmanni
553 3411 619 3446 unus
627 3398 826 3461 Bersmannique
836 3397 908 3457 alter,
927 3402 952 3446 et
961 3411 976 3446 a
985 3396 1068 3460 prima
1077 3412 1154 3446 manu
1163 3396 1294 3460 Reginca·

160 3458 196 3507 sis
216 3464 309 3519 noster,
327 3461 386 3510 sed
404 3462 534 3512 tardiora.
562 3463 604 3513 Sic
621 3464 704 3528 igitur
721 3469 790 3514 totus
807 3465 877 3515 locus
888 3464 1048 3529 refingendus
1060 3469 1084 3514 et
1095 3463 1294 3528 distinguendus

160 3526 273 3576 videtur:
285 3526 375 3590 „Quid
400 3530 501 3580 roderat
512 3530 610 3580 ditasse
619 3531 745 3595 Pelignus
755 3548 831 3590 enus,
842 3531 870 3582 V
867 3533 997 3583 elcetnsoe
1007 3535 1143 3582 micenisse
1153 3534 1296 3583 tonicaml?

160 3595 210 3644 Sed
229 3594 352 3646 tardiora
368 3545 429 3657 (iila
448 3603 472 3646 te
490 3602 558 3648 votis
575 3602 709 3649 manent.“
733 3599 811 3651 Cuius
821 3601 882 3650 haee
895 3600 993 3650 demum
1004 3600 1053 3650 erit
1063 3600 1199 3662 sententia,
1217 3600 1295 3650 etsie

158 3679 192 3713 ex
201 3664 411 3728 praecedentibus
428 3666 578 3731 colligenda.
604 3667 710 3717 lnrslteas
727 3673 756 3717 ut
766 3673 794 3717 tu
804 3683 875 3718 sacra
892 3669 991 3732 magica
1004 3667 1130 3728 deriseris,
1149 3670 1297 3733 etimpane

158 3747 199 3781 me
218 3731 313 3783 famoso
331 3734 443 3784 carmine
461 3735 633 3798 proscideris?
669 3736 812 3799 Numquam
831 3752 917 3797 ame,
944 3751 976 3785 ne
994 3751 1083 3800 spera,
1107 3736 1173 3785 hanc
1192 3736 1296 3785 veniam

159 3799 317 3864 impetrabis.
354 3801 423 3858 Quid
448 3803 516 3852 euim
539 3802 669 3867 proderat
691 3804 771 3866 mihi,
798 3804 875 3853 etiam
900 3803 1012 3867 plurium
1031 3818 1150 3868 sagarum
1168 3802 1296 3853 auxilium

161 3883 253 3931 magno
271 3870 355 3933 pretio
373 3870 531 3934 conciliasse,
550 3875 596 3919 aut
613 3870 729 3920 velocius
747 3871 928 3934 potentiusque
947 3872 1060 3922 toxicum
1078 3870 1128 3920 tibi
1145 3871 1297 3931 miscuisse;

152 3935 183 3983 si
201 3952 269 3985 nunc
288 3944 312 3986 te
331 3938 443 3987 inultum
460 3943 486 3988 et
504 3938 662 4003 impunitum
680 3939 802 3988 dimitto?
837 3939 898 3989 Noli
917 3944 1011 4002 tamen,
1032 3940 1093 4004 quia
1101 3938 1220 3989 velocius
1229 3939 1295 4001 dixi,

160 4002 261 4052 brevem
284 4006 351 4054 vitae
377 4006 472 4055 exitum
496 4021 615 4071 sperare,
639 4006 684 4069 qui
708 4007 759 4056 cito
777 4012 803 4057 te
821 4022 836 4056 a
854 4007 988 4056 tormentis
1007 4008 1108 4072 eripiat.
1145 4006 1208 4056 Vita
1226 4008 1296 4056 enim

160 4067 210 4118 tibi
235 4071 311 4121 etiam
330 4073 413 4121 invito
432 4073 599 4137 producetur3
625 4080 654 4122 ut
673 4074 771 4125 diutius
789 4075 920 4125 crucieris.
957 4075 1032 4124 Nihil
1050 4075 1152 4139 quidam
1172 4076 1219 4124 hac
1238 4091 1297 4125 sen·

160 4137 243 4185 tentia
268 4139 362 4188 clarius
389 4145 434 4188 aut
457 4141 609 4206 simplicius.
647 4140 720 4203 Qetid
741 4142 873 4204 proderat
895 4146 994 4202 autem;
1022 4148 1051 4192 ut
1076 4142 1166 4193 Cicero
1194 4143 1242 4192 Ill.
1269 4143 1298 4192 in

161 4200 264 4251 Verrem
290 4208 348 4264 [aot.
368 4206 394 4253 ΙΙ
412 4206 428 4253 l.
448 4207 460 4255 Ι
478 4222 501 4259 c.
520 4209 552 4259 39
572 4206 587 4272 ξ
610 4211 682 4270 loll,
713 4208 800 4271 „Quid
825 4210 944 4274 proderat
963 4212 1012 4260 titt
1030 4216 1055 4263 te
1072 4225 1224 4276 expensum
1243 4210 1302 4260 illis
