2840 4752
409 274 593 325 wauouffl
614 275 680 325 ΜΒ.
696 275 732 323 11.
754 270 780 320 5.

66 411 233 490 'Seilieeb
254 409 339 479 elabi
360 409 389 476 si
410 417 521 496 posset
541 414 682 488 mertum
705 407 810 486 erede,

89 497 187 577 Quod
209 495 341 563 nimium
363 495 523 563 institerat
543 493 671 561 viventi.
714 499 828 561 cautus
849 488 952 561 adite':

88 584 163 649 Neu
189 580 276 648 desis
298 600 425 667 operae,
446 600 528 647 neve
549 578 767 647 inmoderatus
789 578 943 645 abundes.

66 666 267 734 enitentem
289 673 322 733 et
343 685 504 733 meretum
527 663 670 732 offendes
692 664 842 745 garrulus
867 663 959 729 ultre.

89 753 164 818 Nan
188 751 284 819 etiam
306 751 414 817 sileae.
457 752 569 817 Davus
592 749 636 817 sis
658 748 813 826 eomieus3
835 755 933 832 atque

91 840 168 906 Stes
191 836 296 938 eapite
317 834 453 922 obstipo,
475 836 610 900 multum
633 833 746 901 similis
767 834 929 900 metuenti.

90 921 257 1006 Obsequo
279 940 445 1007 grassare:
468 940 571 998 mnne,
594 920 622 986 si
642 919 815 985 increbruit
836 939 924 998 aura,

91 1008 218 1076 Cautus
241 1006 286 1073 uti
308 1006 393 1074 velet
414 1025 523 1071 earum
544 1010 656 1091 eaput:
680 1002 813 1073 extrahe
835 1004 929 1070 turba

66 1089 262 1179 suppositis
283 1089 441 1158 humeris:
466 1110 576 1156 aurem
588 1089 785 1172 substringe
805 1090 943 1172 laquaci.

90 1180 129 1245 In
154 1184 288 1245 adunus
309 1183 397 1242 amat
417 1175 566 1242 lauded?
594 1175 694 1242 donee
718 1174 787 1242 Ohe
808 1174 887 1239 iamt

90 1200 153 1330 Aul
168 1262 292 1330 eaelum
313 1261 462 1328 manibus
485 1260 620 1328 sublatis
642 1260 768 1332 dixerit.
790 1280 908 1341 urgue;
932 1264 964 1327 et

93 1348 299 1417 Crescentem
322 1345 453 1413 tumidis
474 1345 550 1412 infla
572 1344 773 1413 sermonibus
795 1352 908 1411 utrem.

93 1433 177 1499 Oum
200 1438 232 1498 te
253 1431 383 1499 servitio
405 1432 502 1513 lenge
524 1449 664 1514 curaque
685 1431 813 1501 levaritt

66 1534 72 1580 t
93 1520 137 1584 ut
158 1524 280 1583 eertum
301 1516 450 1600 vigilans,
474 1516 615 1595 Quartae
638 1522 707 1581 esto
728 1515 830 1602 partis
852 1513 974 1593 Ulixes,

90 1602 254 1679 Audieris,
275 1602 384 1669 heres:
412 1602 498 1683 Ergo
521 1622 604 1667 nune
630 1604 732 1668 Dama
754 1599 873 1667 sodalis

91 1686 262 1772 Nusquam
284 1691 356 1754 est?
386 1686 470 1753 unde
491 1685 571 1754 mihi
591 1694 657 1753 tam
679 1686 804 1770 fertem,
828 1694 957 1767 umque
979 1683 1128 1752 fidelem?

276 1805 299 1840 r.
318 1791 359 1840 90.
383 1787 458 1853 Vulg.
478 1787 606 1850 offenda.
643 1789 701 1840 100.
727 1784 850 1852 Quartae
863 1789 905 1836 rit.

72 1911 235 1971 (inaruerunt
252 1906 381 1958 melereto
397 1906 505 1971 prefuit
521 1907 597 1956 sra.“
631 1906 686 1957 lam
703 1910 795 1967 autem,
811 1919 887 1969 quam
903 1921 982 1972 propa
999 1906 1118 1959 abseedat
1134 1924 1151 1957 a

66 1978 134 2041 igatn
147 1977 282 2040 seriptum,
299 1973 361 2040 quid
374 1975 469 2025 attinet
477 1974 579 2025 dinem
596 1976 625 2024 ia
643 1979 668 2025 et
684 1988 711 2024 ns
729 1974 758 2023 in
775 1971 906 2024 eeddaibue
924 1974 1028 2025 eandm
1040 1977 1150 2041 speeiem

66 2050 139 2105 eent3
164 2044 193 2095 dt
210 2048 236 2095 et
252 2059 269 2093 a
287 2058 340 2093 nen
356 2042 428 2093 valde
445 2041 604 2093 dissimilem.
638 2040 712 2094 Cute
734 2040 780 2106 qui
797 2041 997 2093 emendationem
1021 2043 1088 2093 hana
1110 2058 1149 2093 re·

66 2118 133 2176 rent,
151 2111 178 2163 id
195 2111 235 2162 rel
251 2111 329 2161 inriti
346 2109 509 2171 latebuntn13
527 2111 550 2161 si
566 2110 706 2171 Horatius,
723 2118 753 2161 nt
769 2126 817 2161 nes
834 2110 935 2174 quidem
953 2110 1091 2172 eredimus,
1108 2113 1150 2161 e'a-

66 2196 145 2242 ‚rneaa
163 2181 307 2244 resipuerat,
325 2177 369 2229 rix
385 2184 471 2229 menen
487 2179 517 2229 ia
528 2178 581 2231 *hae
599 2178 836 2230 seutentinerenire
850 2177 925 2228 aliter
935 2178 1056 2244 petuisse,
1074 2194 1150 2244 quam

77 2248 194 2299 Librarii
211 2262 338 2312 magnam
356 2246 547 2298 substituerent
584 2247 667 2304 Quare
684 2251 729 2299 eut
745 2247 794 2298 hoe
810 2244 944 2297 nobiseum
960 2252 1079 2309 utantur,
1105 2252 1151 2297 aut

66 2319 81 2367 ri
101 2317 199 2381 aliquid
216 2316 311 2367 reatina
329 2315 361 2365 de
377 2330 422 2365 auo
440 2315 599 2380 impertiant.
632 2315 697 2365 Nam
716 2315 824 2379 quipse
842 2319 944 2379 reeepta
962 2314 1071 2365 tentione
1087 2331 1149 2366 een·

66 2386 135 2436 idere
146 2389 172 2435 et
185 2384 331 2449 depugnare
341 2384 425 2448 parati
436 2388 519 2445 erunt,
536 2383 603 2434 nihil
620 2383 719 2433 interea
735 2383 794 2434 nevi
813 2383 840 2432 in
857 2381 968 2433 medium
986 2384 1150 2448 prodeuntes,

67 2470 95 2504 es
114 2452 229 2517 equidem
246 2451 313 2502 nihil
330 2450 454 2503 merebor.
957 2486 959 2492 -
1110 2474 1114 2485 ·

100 2523 140 2574 00.
175 2519 322 2582 Difficilem
340 2523 366 2570 et
381 2534 516 2571 moratam
534 2518 651 2582 effandet
666 2517 796 2584 gerentes
814 2518 896 2580 uttan]
931 2518 973 2568 Ita
990 2533 1075 2568 omnes
1093 2518 1150 2569 ubi·

66 2606 96 2651 e,
120 2588 173 2639 nisi
206 2587 256 2638 uad
273 2586 407 2639 Leidenaie
424 2586 517 2638 habaet
534 2587 654 2650 effendit.
688 2585 824 2637 Mandanae
843 2591 927 2637 temen
951 2594 991 2637 est
1012 2587 1097 2648 lenus,
1124 2591 1150 2638 et

66 2675 83 2707 n
101 2656 181 2706 multo
224 2654 287 2706 bere
304 2656 342 2705 aie
360 2654 545 2707 restituendus:
563 2661 676 2719 „enema
693 2653 780 2705 aditor
803 2652 863 2706 Nea
880 2654 948 2705 desis
965 2669 1070 2720 epoeae,
1086 2670 1151 2706 aene

67 2725 221 2776 enodaretur
239 2723 368 2776 abundes.-
385 2723 532 2785 Difficilem
551 2729 577 2774 st
601 2737 735 2773 monestere
753 2737 891 2773 erumnas
913 2722 1045 2786 gamariae
1060 2723 1150 2775 selua.-

66 2810 93 2843 m
113 2794 191 2843 ettam
208 2791 300 2843 sileas:
326 2792 418 2845 Danae
436 2791 471 2842 sis
489 2793 630 2842 eemteerr.“
665 2789 760 2841 Oeneus
777 2790 814 2841 sit
828 2794 942 2856 opertet,
966 2789 1010 2855 qui
1034 2791 1150 2842 emenda·
1206 2810 1207 2814 ¹

66 2877 129 2911 »nem
146 2860 211 2910 hane
229 2875 280 2910 nan
298 2864 433 2924 agnesmt:
460 2875 519 2910 nem
536 2860 564 2910 ni
583 2860 620 2910 ite
638 2859 680 2920 sit,
698 2858 796 2909 ridebit
813 2863 838 2909 et
855 2858 969 2909 advertet
985 2858 1071 2909 omnia
1088 2860 1150 2910 haee

66 2928 144 2979 :unda
160 2943 268 2994 persona
285 2928 376 2978 efferri.
394 2927 466 2980 llere
483 2934 567 2979 autem
584 2943 631 2978 see
647 2927 749 2978 tertiam
765 2927 808 2977 hie
826 2932 1014 2992 supposuerunt
1030 2926 1150 2990 Librarii
1229 2938 1234 2946 ·

66 2993 958 3129 0001001010οῑ110001.01100101
976 2995 1152 3127 iiiiii&

66 3133 141 3184 eidb.
176 3132 292 3183 Offendes
310 3136 393 3182 autem
408 3132 554 3196 gera-aler,
579 3132 629 3181 bae
647 3134 699 3194 est,
722 3131 745 3181 si
767 3129 885 3195 garrulus
902 3131 995 3190 suariae
1021 3131 1151 3181 lunatione

66 3202 94 3252 ie
109 3200 202 3251 Nostro
220 3199 292 3251 valde
309 3200 438 3251 familiari.
1129 3245 1130 3248 ,

105 3271 159 3321 100.
194 3267 314 3331 Quartae
335 3271 372 3319 eit
393 3270 480 3334 partis
500 3264 598 3329 Ueien]
633 3266 702 3332 Lege
725 3280 757 3317 ex
778 3266 886 3330 nestris,
910 3266 1100 3333 Magdalenensi
1124 3272 1152 3317 et

66 3337 193 3399 desumo,
218 3340 245 3388 et
265 3335 387 3387 Lambini
404 3333 567 3401 quibusdam:
593 3333 646 3397 „ut
670 3339 770 3386 eertum
794 3335 924 3400 vigilam,
950 3335 1068 3399 Quartae
1084 3350 1150 3386 esre

66 3408 119 3456 ntia
140 3403 242 3467 Uliaes,
258 3405 398 3465 Audieris,
424 3405 523 3453 berer.“
559 3402 679 3454 Imitatus
696 3409 734 3454 eet
751 3403 850 3454 seiliaet
867 3403 1084 3456 Testamentomm
1101 3403 1152 3453 ter-

66 3474 139 3533 riam3
166 3472 262 3523 Seneca
280 3472 397 3523 Controv.
416 3471 472 3522 XV.
496 3470 523 3535 [ξ
542 3474 573 3534 6,
591 3486 616 3536 p.
638 3474 700 3535 175,
720 3474 751 3523 li
768 3473 853 3535 Burs]
888 3473 971 3536 „Sata
993 3474 1061 3523 anibi
1077 3472 1153 3522 berea

66 3545 126 3592 r0.“
143 3568 174 3578 -
195 3544 220 3603 [ς’
240 3543 269 3603 i,
288 3557 312 3605 p.
333 3543 397 3602 175,
414 3541 457 3603 ll]
476 3539 585 3604 „Ornata
601 3542 732 3605 semaiae
748 3555 822 3594 aneae
838 3542 895 3591 reia
914 3543 989 3592 beree
1006 3543 1150 3591 351οὲ-

79 3611 104 3669 9,
122 3625 146 3675 p·
168 3611 222 3670 lid,
243 3610 283 3671 10]
301 3606 396 3672 „an
412 3623 472 3660 enea
490 3608 564 3659 berar
582 3611 672 3659 esno.“
701 3608 794 3663 lustin.
811 3609 896 3660 Inatit
915 3610 950 3672 11,
971 3611 1001 3661 13
1020 3608 1047 3674 [ξ
1067 3610 1099 3668 tt.
1119 3609 1152 3659 tt

74 3680 109 3740 9],
129 3679 159 3729 15
176 3679 245 3742 [pr.]‚
266 3679 297 3729 10
317 3676 386 3742 [pr.].
414 3675 521 3739 „Titiae
537 3677 611 3738 tilius
627 3692 700 3727 meur
717 3676 827 3728 eatan
843 3681 935 3727 nsn0.“
951 3704 986 3714 -
1010 3676 1152 3739 „Quicum-

66 3762 84 3795 *e
101 3746 166 3795 mibi
182 3745 255 3806 filiun
269 3749 378 3810 genitur
395 3743 488 3807 feeerit,
506 3747 616 3796 eederet
633 3743 883 3810 nsae.“-,‚tques
900 3743 1072 3795 attentandas
1088 3742 1152 3792 illas

66 3829 108 3863 ree
124 3816 213 3863 ssue.“
247 3813 345 3879 Digest
364 3813 401 3875 L,
421 3815 460 3866 10.
481 3815 537 3865 tta.
573 3811 676 3877 „Titim
700 3816 726 3862 et
742 3811 863 3864 Maenius
886 3828 920 3863 aa
936 3817 1015 3877 parte
1038 3810 1152 3861 dimidia

67 3880 141 3932 redet
159 3886 271 3932 snun0.“
287 3909 321 3920 -
337 3879 530 3947 „Semproniae
547 3897 582 3932 ea
597 3886 677 3947 parte
693 3881 805 3932 dimidie
823 3883 898 3932 beru
915 3882 1008 3930 nese.“
1033 3878 1069 3929 Ilt
1086 3877 1149 3928 alibi

66 3964 116 4014 epe.
148 3951 227 4000 Porro
244 3954 346 4000 eertum
363 3949 481 4014 uigilans
498 3950 560 4014 quid
578 3949 629 4000 sibi
645 3949 721 4011 velit,
745 3962 798 4000 nen
816 3947 918 3999 aliunde
933 3947 1023 3998 melius
1046 3947 1151 3997 raineria

68 4033 107 4067 am
130 4033 160 4067 ex
182 4019 310 4069 centraria
332 4017 463 4069 leentiene
484 4020 615 4069 incertam
628 4017 763 4082 uigilans.
797 4016 903 4067 Ovidius
919 4016 1004 4081 Epist.
1023 4014 1151 4066 Anaduae

66 4087 105 4138 ier.
117 4088 146 4139 10
163 4102 186 4137 r.
196 4088 235 4150 9]r
261 4088 407 4149 „Incertum
424 4084 548 4150 uigilans,
566 4100 583 4136 a
599 4099 690 4137 manna
710 4083 850 4149 teneatue,
865 4087 937 4135 mevi
957 4081 1055 4134 Therae
1072 4098 1151 4148 paea·

66 4170 111 4205 rar
126 4156 287 4220 semisupina
304 4155 425 4205 maner.“
451 4151 780 4207 adnuntiaberunt.
797 4150 958 4217 „tertam
976 4151 1151 4216 incertumque

67 4222 118 4273 etita
134 4220 308 4287 vigilantibus,
330 4223 429 4273 testem
448 4220 591 4287 anupat.“
