2840 4762
177 242 220 304 38
574 254 607 312 q.
629 253 770 300 uonrrn
791 252 915 301 mecon

263 389 322 454 Ille
345 408 401 455 seu
425 386 561 452 Parthos
582 387 676 452 Latio
696 387 879 452 inminentis

264 472 375 555 Egerit
395 472 480 537 iusto
503 471 641 536 domitos
663 472 834 557 triumpho,

219 572 250 621 se
264 559 339 625 Sive
361 556 523 626 subiectos
545 557 676 622 orientis
696 577 773 622 orae
865 578 869 583 ’

317 652 321 663 ’
414 641 511 708 Seras
537 651 569 706 et
591 642 705 720 Indos;

262 729 310 793 Te
331 725 435 793 minor
456 727 557 791 latum
580 733 671 808 roget
692 745 817 808 aequus
838 724 963 799 orbem:

266 815 317 877 Tu
339 810 430 893 gravi
453 832 547 876 curru
570 813 698 894 quaties
719 811 908 895 Olympum

264 900 315 961 'Iu
338 917 452 982 parum
475 897 573 962 castis
595 896 723 962 inimica
744 895 852 960 mittes

218 993 251 1045 ou
418 979 567 1046 Fulmina
588 982 678 1048 lucis.

697 1149 787 1215 XIII.

587 1268 653 1332 AD
684 1266 895 1332 LYDIAII.

266 1400 347 1467 Οιιιιι
370 1408 415 1472 tu.
437 1400 551 1485 Lydis,
575 1399 709 1487 Telephi

351 1484 515 1552 Cervioem
539 1506 673 1565 roseam,
696 1487 799 1551 lacteo
813 1482 949 1569 Telephi

495 1621 518 1655 ν,
537 1607 561 1657 2.
580 1603 654 1670 Vulg.
674 1603 756 1655 Cerea
776 1602 892 1670 Telephi,

183 1811 228 1870 „ct
244 1805 318 1856 sulec
338 1806 447 1855 attritus
462 1805 645 1870 splendescere
659 1813 758 1858 vomer)
775 1804 926 1855 Lueretius:
946 1804 1054 1855 Occulta
1070 1803 1199 1854 decresctt
1215 1817 1306 1852 corner·

178 1878 208 1925 in
236 1875 327 1924 creo.“
362 1874 403 1923 lto
427 1873 544 1923 Servius:
569 1874 613 1925 sed
637 1874 692 1924 siue
715 1873 794 1923 (lubio
818 1877 962 1938 corruptus.
1003 1871 1055 1928 Qui
1078 1870 1147 1923 elim
1171 1870 1254 1934 magis
1276 1868 1304 1918 in

179 1942 284 1992 occulto
302 1954 367 1991 aruo
386 1940 510 1991 decrescit
527 1959 618 2004 vomer,
637 1957 713 2006 quem
730 1941 759 1991 in
775 1940 851 1991 obvio
868 1947 894 1991 et
902 1940 1060 1991 exercitato?
1076 1940 1131 1990 Imo
1140 1938 1163 1989 si
1172 1938 1305 1990 occultam

178 2016 218 2060 ost
235 2024 335 2068 errum3
354 2014 408 2058 tum
426 2013 452 2060 et
468 2009 605 2073 meretum,
624 2025 705 2074 neque
722 2025 847 2060 vomerem
864 2013 945 2059 terere
954 2014 1046 2073 potest.
1063 2007 1136 2068 Vide,
1155 2006 1305 2072 suscripse-

178 2077 216 2129 rit
231 2076 383 2128 Lucretius:
403 2075 550 2140 „Stiltieidi
567 2093 644 2128 ecem
663 2077 778 2142 lapidem
796 2081 893 2127 cauci:
910 2092 997 2127 uncus
1023 2078 1113 2127 crati-i
1127 2075 1242 2126 Ferreus·
1264 2089 1306 2123 oc·

178 2145 248 2196 culto
258 2144 386 2195 decrescit
394 2160 484 2195 vomer
494 2149 522 2195 in
531 2150 618 2198 eevo.“
628 2144 734 2195 Ovidius
743 2149 827 2196 Amor.
837 2146 858 2205 1,
870 2147 910 2209 15,
920 2147 960 2197 31.
970 2143 1064 2209 „Ergo
1074 2144 1236 2206 cstmsiticcs,
1246 2157 1306 2192 mam

178 2213 240 2264 dens
257 2215 386 2278 patientis
403 2216 493 2264 aratri
509 2215 661 2279 Depereant
678 2229 753 2264 aevo:
773 2216 894 2264 wrmina
916 2219 1002 2263 inerte
1019 2213 1138 2263 earent“
1177 2211 1249 2261 Idem
1267 2215 1305 2259 te·

179 2298 234 2332 men
254 2284 307 2331 Art.
327 2282 348 2343 Ι,
367 2283 425 2335 474.
462 2283 577 2343 „Interit
594 2281 703 2333 assidua
721 2296 812 2333 corner
831 2280 953 2331 wenera-
970 2282 1074 2331 humo.“

245 2353 287 2403 54.
305 2349 402 2414 Egerit
419 2353 489 2401 ilceto
508 2349 621 2401 domitos
640 2350 784 2414 triumphu]
817 2348 1001 2399 celeberrimus
1033 2348 1095 2398 Tho.
1121 2346 1199 2410 Gale,
1225 2344 1307 2410 Lege,

178 2418 272 2481 iuquit,
290 2416 415 2468 dominus
432 2417 603 2468 veldomitor.
641 2416 690 2467 Sed
704 2416 771 2467 nihil
786 2417 943 2469 mutandum.
961 2418 1056 2466 Noster
1069 2414 1152 2465 (lorus.
1168 2414 1306 2478 111‚8‚22.
1347 2462 1349 2467 .

178 2485 287 2549 „Sermt
301 2485 438 2549 Hispanae
456 2491 530 2534 vetas
548 2487 630 2535 hostis
648 2501 712 2535 orae
732 2483 865 2537 Cantaber·
879 2500 942 2535 sera
960 2484 1072 2534 domitus
1090 2484 1211 2535 catena.“

246 2554 288 2605 55.
307 2551 369 2603 Siue
386 2554 517 2603 subiectos
535 2556 646 2602 orientis
665 2555 721 2603 oric
738 2552 819 2604 Sorae
837 2558 863 2603 et
880 2552 970 2615 Indae]
996 2553 1087 2603 Omnes
1110 2551 1162 2601 iere
1178 2549 1307 2599 editiones

179 2619 322 2669 maculavit
339 2619 501 2669 invenustum
519 2619 584 2669 illud
602 2623 666 2683 oris,
684 2635 734 2684 quo
753 2620 828 2671 litut
845 2620 913 2673 idem
930 2620 1022 2671 sibilus
1039 2636 1085 2685 per
1102 2619 1215 2683 quinquo
1235 2632 1307 2668 voees

179 2688 358 2746 continuetur;
383 2687 471 2739 odiose
496 2688 595 2736 aurium
619 2689 770 2737 offensione:
796 2704 854 2739 cum
877 2695 962 2739 temen
987 2704 1074 2738 omnes
1098 2686 1193 2751 ubique
1216 2684 1307 2751 scripti

179 2752 279 2805 codices
304 2758 330 2802 et
353 2752 432 2805 editio
449 2754 546 2805 Veneta
573 2757 636 2807 1478
665 2754 776 2805 habeant
801 2772 871 2808 orae.
919 2758 1061 2808 Revocetur
1079 2756 1160 2820 igitur
1176 2755 1205 2804 iu
1223 2753 1307 2804 sedem

178 2837 258 2871 suom.
294 2821 338 2870 Sic
355 2826 441 2872 noster
458 2821 535 2884 olibi,
555 2822 609 2874 Ora
626 2824 816 2888 septentrionis,
835 2823 917 2875 Germ.
934 2826 956 2875 L
974 2827 1015 2887 26,
1035 2827 1060 2877 l.
1084 2826 1144 2890 quie
1157 2822 1205 2873 soth
1223 2821 1307 2872 Arcto

179 2887 238 2940 lien
253 2889 360 2955 gelidae
377 2895 513 2943 moneatur
530 2893 614 2942 ome.“

247 2959 288 3008 57.
307 2956 404 3009 Latum
423 2965 498 3023 reget
513 2975 615 3024 aequus
631 2961 731 3021 orbem]
749 2958 878 3011 Torrentii
896 2965 962 3018 tres,
981 2958 1120 3011 Pulmenni
1136 2974 1212 3019 unus,
1230 2957 1308 3008 Lam·

180 3024 237 3075 bini
257 3025 367 3090 aliquot,
385 3030 459 3077 etex
476 3029 571 3078 nostris
589 3027 758 3089 Battelianns,
776 3027 848 3078 Bodl.
866 3026 1070 3092 Magdolenensis
1088 3044 1104 3078 o
1122 3028 1205 3093 prime
1221 3040 1309 3086 mena,

179 3091 341 3145 colbertinus
358 3110 405 3159 pro
430 3096 501 3146 veris
524 3096 648 3157 lectione,
672 3096 787 3145 laetum:
811 3095 878 3159 quod
896 3095 1030 3146 Torrentio
1048 3100 1074 3145 et
1089 3095 1208 3146 Docierio
1225 3092 1309 3158 magis

179 3160 270 3224 pleeet.
305 3161 447 3227 Utrumque
473 3179 532 3213 seue
558 3163 659 3213 tolerari
685 3167 778 3227 potest.
803 3161 917 3213 Laetum
940 3164 1008 3213 enim
1033 3163 1127 3213 dixerit
1145 3165 1250 3225 ortem,
1279 3166 1310 3210 nt

179 3228 303 3293 Virgilius
322 3230 352 3280 de
378 3231 465 3282 eodem
481 3234 609 3296 August03
628 3232 719 3296 Georg.
746 3230 792 3294 IV,
810 3233 868 3284 560.
904 3230 1022 3295 „Caesar
1046 3231 1109 3282 dum
1132 3245 1248 3295 magnus
1272 3228 1311 3279 cd

179 3296 264 3347 altum
273 3296 412 3349 Fulminat
420 3299 580 3364 Euphraten
604 3299 680 3360 hello,
690 3298 957 3363 ¹ae'etorquerolentis
972 3299 1023 3349 Per
1038 3300 1152 3366 populos
1170 3299 1219 3348 dat
1236 3300 1309 3360 iura,

179 3364 301 3427 cientque
327 3364 448 3426 adfectat
474 3366 613 3432 Olpmp0.“
647 3366 752 3417 Rectius
777 3370 861 3417 temen
879 3368 963 3418 lateam
980 3372 1072 3431 reget,
1100 3373 1129 3417 ut
1155 3366 1310 3417 vetustiores

180 3430 273 3494 quique
289 3429 359 3481 libri.
377 3432 471 3483 Noster
481 3433 565 3484 Germ.
575 3434 611 3495 ΙΙ,
621 3436 646 3495 2,
662 3435 685 3485 9.
724 3434 833 3496 „Latius
845 3451 934 3500 regnes
952 3435 1060 3486 avidum
1079 3435 1211 3486 domando
1221 3434 1310 3499 Spiri-

180 3503 244 3562 tum,
263 3513 342 3562 qnam
359 3498 507 3567 eichpam
522 3504 631 3552 remotis
648 3499 766 3551 Gadibus
785 3504 891 3567 iungas,
909 3509 936 3553 et
951 3509 1064 3568 aterque
1078 3503 1184 3555 Perenne
1201 3501 1310 3553 Serviat

179 3567 254 3617 uni.⁸‘
276 3565 368 3631 Virgih
387 3570 449 3619 Aen.
468 3569 512 3631 IV,
533 3571 589 3621 199.
609 3567 739 3634 „Templa
761 3569 821 3620 Ioci
842 3577 956 3634 cerotum,
973 3570 1035 3621 letis
1053 3574 1175 3623 inmania
1192 3570 1306 3635 regnis.“
1396 3630 1397 3633 Ἴ

178 3633 253 3696 Eri,
271 3635 312 3685 25.
339 3634 426 3697 „Hinc
441 3636 571 3701 poputum
588 3636 640 3688 lete
657 3653 741 3701 regern
759 3637 879 3705 belloque
895 3638 1064 3705 superbum.“
1100 3641 1195 3689 Seneca
1215 3637 1311 3691 Trono
1396 3660 1397 3663 ¹

178 3702 236 3753 879.
262 3699 332 3765 „Ceti
348 3717 427 3766 regne
449 3707 540 3770 campi
564 3704 618 3757 lete
638 3703 783 3756 Thessalici
805 3708 919 3758 incent.“
944 3706 1017 3758 Ovid.
1043 3706 1147 3758 Metam.
1174 3705 1218 3767 IX,
1248 3707 1307 3758 794„
1396 3694 1397 3719 ¹

179 3771 306 3832 „Postera
324 3768 373 3819 tren
390 3770 476 3821 radiis
493 3772 572 3822 lotum
587 3772 757 3838 patefecerat
773 3772 885 3826 orhem.“

246 3839 270 3889 2.
290 3835 371 3888 Cerea
393 3836 502 3903 Telephi
518 3839 628 3890 Laudas
646 3842 766 3903 trachia]
784 3841 885 3904 Omnes,
905 3844 1005 3910 opinor,
1024 3847 1152 3908 quotquot
1169 3841 1245 3892 hodie
1262 3857 1306 3891 ex-

178 3908 248 3965 tent,
272 3903 431 3955 membranae
454 3907 483 3956 in
506 3907 663 3959 selectione
680 3910 860 3971 consentiunt,
889 3911 1023 3976 firmatque
1041 3911 1143 3961 Servius
1161 3909 1193 3959 od
1211 3908 1310 3974 Virgil.

178 3971 268 4037 Eolog.
282 3973 317 4036 II,
334 3974 374 4026 59
387 3973 511 4038 „Addam
523 3991 600 4026 cereo
608 3982 707 4041 prrunal
723 3982 771 4027 cett
785 3979 856 4027 cerei
864 3980 971 4040 actoris,
991 3983 1040 4031 cul
1049 3978 1151 4029 mollia.
1170 3977 1309 4041 licentius,

178 4054 250 4089 ceres
266 4037 374 4105 Telephi
391 4040 487 4092 laudas
504 4043 641 4095 trachia.“
675 4044 734 4094 lure
743 4048 827 4097 temen
837 4045 974 4112 displicuit
992 4045 1059 4097 Iulio
1070 4045 1213 4110 scaligero:
1233 4045 1309 4096 ouius

178 4108 253 4157 verbe
271 4107 332 4157 lmee
350 4114 425 4158 sunt:
444 4108 528 4173 „Cum
544 4109 616 4161 tuest
632 4127 729 4161 roseum
745 4113 878 4175 ceruicem,
896 4131 969 4167 ceree
987 4114 1094 4166 brechio
1111 4114 1227 4167 colorem
1245 4129 1311 4179 qno·

178 4188 229 4239 que
246 4174 367 4227 indicare
383 4180 595 4243 ampiectentem
612 4183 684 4231 sient
699 4179 775 4245 apud
790 4186 982 4247 poetcmcerec
995 4199 1093 4248 pruno:
1115 4179 1310 4250 prosectoplnr
