2818 4758
204 225 266 288 rie
598 239 629 300 a.
651 241 793 288 nonnrn
814 241 938 289 mrccr

289 375 466 460 Pauperem
490 375 664 450 laboribus,
737 446 742 459 ¹

245 471 278 523 to
377 461 517 525 Vocatus
539 466 636 542 atque
658 478 721 522 non
742 466 875 525 vocatus
897 459 997 524 audit.

724 644 814 710 XIX.

602 781 655 846 lN
677 779 927 853 BAOOHUM.

288 914 448 980 Bacchum
470 914 502 978 in
526 915 656 980 remotis
678 914 819 978 carmina
841 914 976 1001 rupibus

289 1000 362 1065 Vidi
385 998 551 1063 docentem
575 999 706 1071 (credite
728 999 859 1084 posteri)

331 1084 565 1169 Nymphasque
587 1083 749 1162 discentis,
773 1090 805 1148 et
826 1083 914 1149 auris

374 1168 590 1254 Capripedum
612 1170 800 1253 Satyrorum
823 1175 944 1236 acutae.

260 1255 393 1318 ulluoel
416 1254 534 1318 recenti
555 1274 647 1319 mens
669 1252 809 1339 trepidat
830 1259 927 1329 metu,

288 1339 450 1421 Plenoque
473 1338 588 1403 Bacchi
610 1345 738 1425 pectore
760 1338 921 1402 turbidum

330 1425 494 1489 Laetatur,
516 1428 609 1488 euoei
633 1442 729 1509 parce
750 1422 855 1501 Liber,

370 1510 481 1586 Parce,
503 1508 595 1589 gravi
615 1507 786 1574 metuende
808 1508 928 1592 thyrso.

271 1663 294 1711 l.
313 1660 449 1724 Plenaque
465 1658 567 1710 Bacchi
582 1665 689 1726 pectore
707 1659 843 1710 meldram
861 1658 1000 1721 Laetatur]
1036 1658 1203 1727 Virffisnmmo
1220 1659 1327 1724 ingenio

202 1729 269 1778 Dan.
290 1726 411 1779 Heinsius
436 1743 482 1792 pro
501 1726 631 1778 Laetatur
656 1727 792 1779 substituit
808 1726 993 1794 Lyraptraiur:
1016 1726 1094 1790 idque
1111 1728 1189 1787 adeo,
1213 1727 1274 1790 quia
1292 1725 1326 1776 τὸ

202 1801 275 1847 metu
292 1796 320 1846 in
338 1811 411 1845 versu
428 1796 595 1859 praecedente
618 1794 817 1862 interpretatur,
841 1795 950 1856 furere,
977 1797 1099 1857 insania,
1127 1794 1325 1860 lymphaticum·

202 1864 271 1928 quod
288 1867 314 1913 et
331 1868 391 1913 ente
407 1862 481 1913 illum
499 1863 560 1913 iecit
572 1864 728 1925 Torrentius,
747 1868 773 1914 et
789 1867 848 1927 post
861 1864 991 1912 Ducarius.
1026 1862 1167 1926 Utrumque
1184 1877 1323 1928 perperam.

202 1948 261 1981 nam
280 1935 305 1982 et
322 1927 393 1980 metu
412 1931 466 1980 illic
484 1931 662 1994 accipiendum
684 1948 731 1996 pro
756 1934 866 1992 timere;
890 1936 916 1980 et
939 1935 1006 1980 recte
1029 1930 1106 1979 habet
1122 1929 1255 1979 laetatur
1270 1930 1325 1980 sive

201 1999 304 2065 graeca
340 2000 396 2049 Hoc
415 2000 482 2048 enirn
499 1998 576 2064 tingit
591 2000 732 2062 Horatius,
756 2014 782 2050 se
800 2014 858 2049 cum
881 2000 946 2049 forte
964 1999 993 2048 in
1010 1997 1105 2048 abditis
1122 1998 1194 2048 silvis
1212 1997 1326 2048 carmine

200 2068 327 2118 mediteris
350 2063 497 2131 reperetur,
527 2067 648 2117 incidisse
671 2068 700 2117 in
723 2067 851 2118 Bacchum
874 2082 932 2117 cum
956 2066 1080 2116 comitatu
1102 2065 1276 2131 Nympharum
1298 2071 1325 2116 et

203 2136 362 2202 Satyrorum:
389 2150 420 2184 ex
436 2135 484 2184 hoe
502 2135 601 2185 risose
625 2140 651 2185 et
669 2136 772 2185 taetitia
796 2139 822 2185 et
844 2140 916 2186 metu
938 2135 1056 2184 effectum
1079 2149 1147 2184 essex
1175 2139 1201 2182 et
1219 2133 1323 2184 laetitia

203 2204 318 2268 quidem,
343 2209 397 2253 tum
415 2204 476 2265 quia
493 2203 638 2268 propinquo
656 2204 711 2253 eius
728 2204 833 2253 numine
857 2207 941 2253 tactus
959 2207 1036 2265 esset,
1063 2206 1117 2250 tum
1135 2202 1197 2265 quie
1214 2201 1324 2251 amicum

202 2271 253 2321 sibi
275 2272 356 2321 Deum
374 2271 494 2322 uidisset:
521 2271 648 2336 siquidem
664 2274 758 2321 Poetae
782 2275 855 2321 erant
879 2272 925 2320 snb
948 2270 1038 2320 Liberi
1062 2269 1156 2318 tutela:
1183 2274 1214 2318 ut
1231 2270 1323 2319 Noster

202 2339 284 2389 Carni.
302 2339 330 2400 I,
351 2342 380 2401 1,
398 2341 439 2391 31.
475 2354 533 2403 „mc
553 2339 674 2403 gelidum
697 2354 790 2389 nemus
808 2339 1031 2404 Nympharumque
1055 2337 1123 2387 lena
1146 2352 1207 2387 cum
1225 2337 1320 2403 Satyris

204 2409 281 2457 cheri
306 2406 455 2458 Secermunt
480 2408 612 2473 pepule“.·
647 2407 731 2472 Epist.
750 2408 778 2469 1,
805 2408 848 2468 19,
872 2409 896 2458 4.
931 2406 1102 2470 „Adscriprit
1125 2404 1206 2455 Liber
1227 2405 1324 2470 Satyris

200 2474 356 2539 Faunisque
371 2476 501 2540 podtaa“.·
528 2480 553 2525 et
570 2477 619 2540 Ep.
637 2476 677 2537 11,
696 2477 726 2537 2,
745 2476 787 2525 te.
822 2472 899 2536 „Rite
916 2474 995 2525 cliens
1012 2473 1122 2535 Bacchi,
1146 2488 1239 2523 semaa
1255 2487 1323 2537 gau·

201 2543 287 2593 dentis
306 2548 332 2591 et
348 2544 475 2593 umbrc“.·
492 2548 565 2593 metu
582 2559 648 2605 vero,
667 2544 728 2608 quia
745 2541 867 2593 mortalis*
877 2558 929 2593 non
945 2546 1030 2607 potest
1047 2557 1098 2591 non
1116 2541 1207 2591 terreri
1221 2542 1323 2590 deorum

201 2610 380 2660 immortalium
400 2615 519 2673 aspectu:
542 2614 572 2660 ut
589 2613 686 2661 Aeneas
703 2612 766 2674 ipse,
784 2610 937 2660 fortissimus
953 2611 1022 2670 licet,
1041 2613 1095 2658 tcto
1112 2624 1218 2673 corpore
1235 2609 1324 2658 cohor·

201 2679 267 2737 ruit,
294 2693 352 2726 curn
368 2677 413 2727 Dii
431 2678 539 2727 Penates
557 2677 608 2727 sibi
625 2679 654 2727 in
678 2695 765 2728 somno
783 2679 977 2743 apparuissent,
1004 2677 1098 2742 virgil.
1115 2681 1177 2726 Aen.
1196 2677 1246 2737 III,
1266 2678 1320 2727 172.

201 2744 331 2809 „Talibus
355 2745 480 2794 attonitus
506 2745 583 2805 risis,
610 2760 643 2796 ac
665 2761 730 2796 uoce
754 2746 874 2796 deorum.
911 2744 978 2796 Tum
999 2745 1106 2809 gattam
1131 2750 1186 2795 tete
1201 2747 1323 2794 manauit

201 2827 314 2876 corpere
330 2811 442 2862 mador.“
459 2822 482 2863 et
499 2817 590 2877 postea
607 2814 661 2863 riso
678 2814 814 2875 Mercurio,
831 2814 895 2863 Aen.
913 2814 957 2875 IV,
975 2815 1033 2866 279.
1068 2812 1124 2877 „At
1138 2827 1202 2862 aero
1220 2812 1323 2862 Aeneas

201 2884 306 2944 aspectu
330 2877 458 2929 obmutuit
482 2895 585 2943 amena,
611 2881 794 2946 Arrectaeque
815 2882 918 2932 horrore
943 2897 1048 2944 cernae,
1075 2885 1101 2929 et
1122 2894 1176 2929 vox
1197 2879 1322 2941 sancitus

201 2949 313 2998 dueatss
347 2947 444 3012 Sponte
468 2953 551 2998 tamen
570 2953 595 3000 et
611 2950 719 3000 Penates
744 2956 770 3000 et
786 2949 928 2999 Mercurius
952 2965 978 2999 se
1004 2951 1103 2999 Aeneae
1127 2946 1322 3011 conspiciendos

200 3016 338 3076 dederunt3
363 3016 456 3066 iustior
473 3017 561 3079 itaque
577 3018 682 3067 Horatii
699 3022 796 3080 meam,
823 3017 867 3081 qui
885 3018 1035 3082 inopinatus
1052 3022 1078 3067 et
1095 3016 1209 3065 iniussus
1226 3015 1320 3065 Bacchi

200 3089 226 3135 et
242 3085 417 3151 Nympharum
434 3085 571 3135 concilium
589 3086 670 3136 oculis
688 3089 859 3135 temeraverat.
895 3086 1010 3150 Quippe,
1028 3090 1058 3135 ut
1074 3084 1151 3147 vulgo
1169 3088 1225 3133 tum
1241 3083 1321 3133 credi·

200 3158 254 3204 turn
272 3156 318 3213 est,
337 3153 392 3203 sine
409 3168 503 3217 magno
520 3153 587 3203 melo
603 3154 645 3204 vel
661 3169 758 3204 summo
776 3153 923 3205 discrimine
947 3168 1020 3203 nemo
1037 3167 1157 3216 nmquam
1173 3152 1256 3201 Deum
1274 3150 1321 3200 ali·

201 3237 275 3286 quem
293 3221 402 3271 invitum
421 3221 562 3286 conspexit.
596 3221 693 3271 Netum
710 3221 775 3272 illud
791 3221 898 3272 Homeri
916 3220 1010 3271 Iliados
1028 3220 1060 3283 Y,
1068 3237 1093 3271 ι.
1105 3221 1161 3270 131.
1180 3214 1320 3283 „Xalenal

201 3287 231 3341 di
248 3286 310 3340 decl
328 3286 482 3356 patrandae
499 3284 648 3355 ἐναργεῖς,“
672 3293 698 3339 et
713 3288 881 3350 Callimachi,
906 3289 1009 3356 Hymnc
1027 3289 1055 3338 in
1073 3287 1203 3338 Palladem
1220 3304 1243 3336 r.
1264 3288 1319 3338 too.

200 3352 317 3422 Κρόνιιιι
335 3349 363 3405 d’
385 3343 438 3407 udde
455 3355 562 3423 λέγοντι
579 3353 672 3425 νόμοι,
686 3351 764 3408 “Oeae
783 3349 837 3407 τιν’
858 3351 1017 3418 ἀθανάτων,
1035 3352 1085 3406 ὅκα
1102 3351 1139 3422 μὴ
1158 3350 1224 3410 θεὸς·
1239 3346 1321 3409 αὐτὸς

199 3419 306 3483 ἕληται,
331 3421 461 3492 Adprp'ep,
484 3425 580 3494 μισθῷ
598 3425 698 3475 τοῦτον
717 3421 785 3476 ἰδεῖν
801 3421 937 3494 μεγάλῳ,“
963 3424 1008 3474 uhi
1026 3423 1084 3474 vide
1105 3424 1180 3488 plura
1204 3422 1237 3472 ad
1254 3423 1320 3472 hanc

198 3508 252 3542 rem
275 3491 344 3556 apud
367 3492 501 3545 illustriss.
537 3493 718 3558 Spanhcmium
743 3489 792 3543 τὸν
815 3489 887 3543 πάνυ
911 3489 957 3542 καὶ
981 3488 1031 3542 τὸν
1047 3488 1226 3559 mauripensem
1262 3490 1321 3540 Iure

199 3561 286 3622 itaque
304 3558 380 3624 fingit
396 3560 528 3621 Horatius,
546 3559 607 3623 sibi,
624 3562 680 3611 riso
696 3562 805 3622 Baccho,
824 3577 868 3611 cor
884 3566 957 3611 metu
973 3559 1114 3626 trepidare;
1138 3559 1218 3608 mixta
1236 3562 1321 3608 tamen

200 3628 320 3690 laetitia,
347 3628 408 3691 quia
430 3630 684 3690 noverattcarm.1,
705 3632 745 3690 li,
765 3631 816 3692 13)
847 3631 974 3695 pietatem
998 3643 1075 3679 meam
1097 3633 1123 3677 et
1138 3625 1245 3676 Metram
1268 3625 1320 3675 diis

199 3712 255 3746 esre
272 3694 354 3746 cordi.
390 3698 468 3748 Reate
492 3697 574 3762 igitur
595 3696 685 3759 habet,
711 3696 848 3748 turbidum
871 3697 1006 3759 laetatur,·
1032 3700 1062 3745 nt
1083 3695 1259 3759 intelligemus
1277 3709 1320 3742 vc·

197 3764 323 3829 luptatern
341 3779 395 3814 eam
413 3780 470 3815 cum
487 3766 591 3815 horrore
608 3765 686 3815 fuisse
703 3766 824 3816 iunctam.
860 3764 916 3821 Quo
933 3764 1008 3815 modo
1025 3768 1052 3814 et
1068 3762 1205 3814 Lucretius
1222 3762 1318 3822 itate.

198 3833 265 3895 „Hm
288 3832 338 3881 titi
359 3847 402 3882 me
424 3834 502 3884 retur
524 3833 658 3898 quaedam
681 3833 774 3884 diuina
797 3831 914 3898 voluptas
938 3833 1070 3898 Percipit,
1102 3837 1182 3896 etque
1203 3829 1319 3879 horrcr.⁴‘

197 3902 276 3951 Recte
293 3900 379 3963 etiam,
397 3916 468 3952 mens
485 3901 605 3967 trepidat
621 3906 690 3952 metu
707 3905 734 3952 et
751 3902 885 3963 laetatur,·
902 3903 933 3950 nt
949 3900 1001 3951 fere
1018 3899 1120 3949 Persius
1138 3898 1211 3960 dixit,
1236 3895 1320 3961 ,ψασ-

198 3971 254 4019 teri
268 3969 471 4035 praetrepidum
488 3972 561 4020 cor.“
580 3969 630 4020 Sed
647 3969 745 4035 opellae
764 3969 874 4034 pretium
892 3972 938 4031 est,
956 3972 986 4019 ut
1003 3971 1072 4018 totns
1089 3967 1173 4017 Persii
1189 3966 1261 4015 loeus
1277 3962 1320 4014 hie

196 4035 369 4098 describetur,
394 4053 451 4087 cnm
475 4040 501 4087 et
518 4036 688 4103 explicatione
712 4041 739 4088 et
755 4036 931 4088 emendatione
954 4039 1040 4102 egeat,
1068 4035 1233 4087 eat.11.os.
1268 4031 1318 4095 „St

198 4105 248 4156 tibi
269 4109 391 4156 materna
416 4109 536 4170 arpenti,
562 4108 708 4171 iaeueapue
728 4106 829 4170 pingui
850 4106 926 4156 Aure
951 4104 1022 4155 dena
1045 4103 1149 4165 feram,
1175 4101 1268 4165 audes,
1294 4104 1321 4149 et

192 4177 303 4239 pectere
321 4172 395 4224 laeuo
414 4172 547 4224 llaeutica
562 4177 671 4240 guttas:
690 4173 789 4223 laetari
801 4172 1005 4238 praetrepidum
1024 4173 1103 4224 cor“.·
1125 4170 1170 4220 ubi
1188 4184 1320 4235 perperam
