2840 4752
178 228 240 290 478
570 246 602 307 o.
623 248 765 294 nonam
785 248 909 297 ermom

241 385 319 471 Ipsa
339 400 464 447 memor
487 388 658 467 praecepta
678 401 806 447 canam:
835 383 990 450 celabitur
1010 390 1130 449 auctor.

242 471 356 551 Longa
378 467 495 551 quibus
517 466 617 531 iacies
639 468 707 532 ovis
729 467 799 545 erit,
820 468 878 533 illa
900 477 1067 545 memento,

242 555 286 622 Ut
307 554 394 619 succi
415 552 565 628 melioris,
588 558 620 616 et
641 558 677 615 ut
697 552 803 633 magis
824 554 910 618 alma
931 554 1085 629 rotundis,

240 642 379 706 Ponere:
402 656 540 719 namque
561 656 682 700 marem
705 637 853 703 cohibent
873 639 995 705 callosa
1015 638 1170 705 vitellum.

595 754 618 786 v.
639 740 677 790 13.
707 739 777 803 Vulg.
796 740 873 790 Ana.

179 864 288 912 iuuenta
305 856 452 919 Ferotdur;
479 861 516 917 et,
541 861 665 917 matrona
689 863 796 920 potens,
820 873 853 908 an
876 857 969 908 redula
993 861 1105 919 nutrin5
1130 857 1320 909 Mercator-ne

178 946 271 995 uagus,
290 927 410 978 cultorne
428 925 539 973 virenti}
556 924 640 988 agelli
646 943 656 985 ‚·
685 923 812 985 Colchus,
830 942 862 976 an
882 927 1024 992 Astyrum
1055 925 1151 976 Thetis
1167 931 1317 989 nutritus,

178 1015 210 1048 en
223 997 335 1061 Argrr‘:
353 992 403 1043 Ubi
421 991 539 1041 mendose
549 991 634 1055 vulgo,
652 997 682 1041 ut
698 993 748 1055 hic,
767 993 851 1043 editur
869 1000 1052 1051 cantatione:
1071 1000 1160 1044 contra
1177 994 1314 1044 codicum

178 1065 310 1117 meliorum
328 1062 409 1122 fidem,
427 1065 457 1109 ut
473 1059 511 1109 ibi
529 1060 684 1109 docebimus.

248 1135 286 1185 13.
321 1129 357 1180 n‘t
374 1135 405 1180 ut
421 1131 508 1192 magis
526 1128 587 1177 atha
604 1128 740 1193 rotundis]
776 1128 920 1191 Videamus,
939 1145 989 1193 quo
1006 1135 1083 1194 pacto
1101 1146 1160 1180 suas
1177 1131 1220 1180 hic
1238 1146 1316 1196 par-

178 1207 216 1253 tes
234 1199 310 1250 tutati
329 1199 382 1248 sint
398 1197 566 1260 Interpretes:
593 1195 707 1260 „Longa
726 1198 820 1260 quihus
836 1196 921 1257 facies
939 1200 996 1246 ouis
1013 1201 1074 1261 erit,
1092 1198 1141 1248 illa
1158 1206 1313 1260 incruento,

179 1269 213 1324 tn
228 1271 303 1319 succi
311 1265 428 1316 melioris
445 1270 472 1314 ct
487 1266 614 1327 utmagr'r
630 1264 962 1327 elberotundirfPoner-m·
979 1270 1236 1330 namquemarem')
1257 1283 1314 1317 eo-

177 1339 269 1389 ln'bcnt
286 1334 385 1386 colloca
402 1332 547 1382 vicetiam
569 1331 640 1381 Haec
657 1333 698 1381 illi
715 1331 773 1383 albo
790 1333 888 1382 calculo
905 1334 1024 1397 signant3
1041 1350 1132 1400 nempe
1150 1335 1212 1399 quie
1229 1335 1311 1385 nihil

176 1405 278 1457 sedant
301 1402 407 1452 codices.
442 1400 521 1464 Atqui
544 1399 568 1448 si
591 1415 618 1448 ea
643 1400 793 1464 diligentius
816 1402 905 1466 paullo
928 1402 1079 1462 excusseris,
1106 1410 1231 1467 quantum
1253 1404 1311 1452 hic

177 1472 282 1525 inrinris
300 1469 422 1520 invenies.
458 1467 567 1532 Longa,
585 1468 685 1532 inquit,
706 1483 755 1518 oua
773 1475 837 1519 sunt
852 1472 939 1533 magia
956 1467 1015 1518 alba
1031 1472 1165 1521 rotundis.
1200 1471 1306 1533 Primo,

176 1545 224 1594 hoe
247 1538 410 1590 falsissimum
435 1542 486 1586 estc
513 1535 564 1586 alia
585 1537 654 1585 enirn
677 1536 735 1585 aliis
759 1537 787 1586 in
811 1542 919 1602 utroque
940 1553 1032 1601 genere
1057 1538 1210 1588 candidiora
1227 1548 1305 1599 sunt,

177 1610 249 1662 nulla
266 1609 361 1671 figurae
387 1605 487 1654 ratione
511 1603 606 1653 hahita.
641 1605 755 1653 Ponatur
778 1610 861 1655 tamen
887 1606 935 1655 hoc
956 1621 1042 1656 verum
1066 1622 1133 1656 esse:
1160 1605 1307 1672 pulchrum

176 1694 236 1729 saue
253 1678 424 1741 praeceptum,
442 1678 468 1722 et
484 1672 661 1737 Pythagoricis
677 1673 795 1722 omnibus
813 1674 999 1737 Socraticisque
1016 1674 1135 1738 palmam,
1153 1681 1184 1724 ut
1199 1675 1305 1739 gloria·

177 1754 232 1806 tur,
256 1746 454 1809 pmcrepturum.
490 1740 566 1802 Quid,
584 1740 697 1788 malurn?
723 1757 809 1791 nonne
827 1742 914 1806 quivis
931 1757 1041 1806 coquus,
1064 1742 1109 1806 qui
1126 1743 1209 1792 oculis
1228 1750 1305 1792 reete

176 1815 268 1875 utitur,
286 1818 337 1861 tam
354 1810 429 1859 facile
446 1825 550 1858 osorum
567 1808 662 1857 colores
680 1807 820 1872 dignoscet,
838 1825 914 1874 quam
931 1826 1042 1859 summus
1058 1809 1302 1876 Philosophorum?

179 1884 232 1935 Oua
243 1881 325 1944 longa
335 1878 458 1928 rotundis
469 1877 587 1926 altiora:
605 1892 724 1940 magnum
740 1878 881 1927 mehercule
898 1883 1033 1937 secretum3
1052 1877 1127 1928 cuius
1144 1879 1300 1929 addiscendi

176 1966 266 2002 caussa
283 1952 396 1997 remotos
412 1947 500 2005 sontes
517 1944 601 2005 adire,
619 1950 645 1993 et
661 1944 701 1993 vel
718 1944 889 1995 uadimonium
908 1947 1033 2006 deserere,
1051 1962 1099 2011 par
1116 1951 1162 1995 est
1199 1946 1250 1997 sed
1267 1952 1303 1996 ut

176 2021 224 2070 hoc
242 2010 543 2083 quoque'condonemus3
567 2011 640 2073 illud,
658 2012 726 2077 qnod
742 2014 865 2078 sequitur,
885 2015 965 2063 vincit
981 2029 1080 2063 omnem
1097 2016 1212 2065 omnium
1231 2016 1298 2065 stul-

176 2088 274 2138 titiam:
293 2097 418 2146 „namque
434 2095 534 2130 rnorem
552 2081 675 2131 cohihent
692 2080 791 2131 callosa
801 2082 947 2132 vitellum.“
970 2081 1036 2132 Vide
1053 2082 1126 2132 sodes
1143 2083 1211 2133 illud
1221 2099 1297 2133 nanc-

176 2172 240 2221 que:
267 2170 297 2203 eo
314 2151 381 2201 enim
399 2163 488 2199 cauisse
504 2152 530 2197 et
547 2149 613 2198 ratio
631 2149 761 2213 praecepti
778 2150 927 2214 explicatur.
962 2149 1080 2212 Idcirco,
1098 2151 1199 2215 inquit,
1216 2151 1299 2216 longa

175 2239 223 2276 ora
240 2220 399 2272 candidiora
417 2222 477 2266 sunt
493 2216 617 2277 rotundis,
636 2219 699 2281 quia
709 2232 803 2267 marem
813 2219 917 2281 loetum,
934 2217 1126 2280 eiincubentur‚
1146 2219 1296 2271 excludunt.

175 2292 291 2342 Vestram
308 2288 391 2348 fidem,
414 2285 583 2348 Interpretes!
611 2285 652 2334 eui
670 2301 732 2334 sano
749 2285 871 2335 credibile
889 2291 939 2346 eet,
964 2285 1003 2336 uel
1021 2302 1051 2335 en
1068 2286 1154 2336 aliena
1171 2287 1296 2337 Nostrum

174 2361 352 2426 personatam
370 2352 463 2404 stolida
481 2352 620 2402 effutiissc?
638 2353 743 2403 Deridet
752 2369 812 2404 sane
820 2354 862 2404 hic
871 2353 973 2419 Apitios
987 2359 1013 2404 et
1027 2353 1102 2418 gulae
1110 2355 1296 2420 philosoph0s3

175 2428 219 2478 sed
236 2425 340 2475 minime
358 2439 400 2474 eos
418 2427 469 2471 tam
486 2421 569 2470 fatuos
588 2425 613 2470 ct
629 2420 760 2485 plumbeos
778 2438 832 2472 esse
849 2422 932 2486 fingit,
949 2437 1030 2486 neque
1049 2427 1148 2472 caetera
1156 2434 1299 2489 praecepta

175 2496 271 2546 adhoc
290 2492 430 2555 exemplum
449 2505 524 2540 sensu
542 2504 613 2538 cassa
630 2495 656 2539 ct
679 2489 787 2539 absurda
810 2495 875 2540 sunt.
911 2490 980 2545 Quid
996 2490 1082 2539 multis
1100 2492 1183 2556 opus?
1211 2492 1297 2542 scribe

174 2564 302 2614 levissima
319 2560 467 2618 mutatione,
486 2555 539 2619 „Ut
554 2559 628 2606 succi
644 2557 762 2607 melioris
779 2564 843 2607 ctat
859 2559 945 2622 magis
957 2559 1295 2621 nemrotundr'al’onere3

174 2645 290 2696 namque
311 2643 411 2678 rnorem
435 2626 559 2676 cohihent
580 2624 678 2675 colloca
703 2626 847 2677 vitellum.“
880 2626 960 2676 Alma
983 2626 1025 2676 hie
1049 2626 1150 2692 'accipio
1177 2625 1220 2688 (ab
1238 2628 1295 2680 atel

175 2701 239 2750 benc
256 2698 366 2757 alentio,
384 2693 472 2744 aalide
489 2695 647 2756 nutrientia,
665 2692 807 2761 τρόφιμα,
827 2687 965 2760 εὔτροφα,
982 2693 1159 2762 πολύτροφα,
1178 2696 1296 2745 muttum

175 2774 201 2819 et
217 2768 324 2828 firmum
342 2762 496 2812 alimentum
512 2764 687 2826 praestantia.
723 2760 862 2811 coniunxit
879 2762 921 2812 hic
939 2761 990 2812 duo
1006 2762 1064 2822 illa,
1092 2778 1157 2828 quae
1176 2765 1202 2812 in
1222 2764 1298 2813 cibo·

174 2851 230 2885 rum
247 2838 338 2882 natura
355 2828 452 2894 inquiri
471 2835 497 2878 et
513 2827 668 2878 considerari
686 2829 781 2889 solent;
808 2845 922 2894 quaeque
939 2831 1035 2894 pariter
1052 2832 1187 2881 coniunxit
1204 2830 1296 2881 Celsus

172 2903 219 2955 lib.
236 2902 270 2952 ΙΙ.
290 2916 345 2965 cap.
366 2901 405 2950 19.
423 2903 449 2948 et
466 2900 506 2949 20.
524 2896 625 2946 sedicet
641 2901 670 2946 ut
687 2902 713 2947 et
730 2898 783 2947 sint
808 2900 870 2947 honi
886 2901 973 2960 succi,
996 2913 1060 2963 quea
1077 2892 1181 2966 εὔχυμα
1199 2900 1295 2950 Graeci

173 2975 280 3028 vocent3
307 2973 333 3018 et
349 2967 423 3029 firmi
439 2966 593 3030 robustique
617 2965 750 3029 alimenti,
774 2982 838 3031 quae
860 2960 992 3033 εὔτροφα.
1027 2968 1097 3031 Ergo
1115 2983 1163 3015 ova
1180 2966 1299 3032 oblonga

172 3039 285 3090 melioris
303 3051 356 3086 esse
374 3035 442 3084 succi
461 3039 487 3084 et
504 3034 585 3097 magis
602 3033 698 3084 alentie
715 3033 788 3096 dicit,
807 3050 881 3099 quem
898 3034 1020 3088 rotunda:
1038 3051 1084 3084 cur
1100 3034 1189 3085 istud?
1215 3051 1294 3085 nane·

173 3123 224 3174 que
241 3106 342 3156 saltora
358 3108 429 3163 aunt,
447 3108 474 3151 et
490 3116 590 3151 rnorem
608 3102 726 3151 vitellum
744 3104 871 3153 cohihent.
907 3104 962 3151 Iam
979 3107 1046 3153 certe
1063 3106 1133 3152 recto
1149 3104 1215 3167 pede
1232 3120 1293 3168 pro·

172 3175 241 3226 cedit
258 3176 447 3237 argumentum:
474 3170 569 3234 quippe
586 3170 722 3233 secundum
740 3169 895 3221 medicorum
911 3170 1021 3235 placite,
1045 3170 1074 3220 in
1092 3172 1181 3234 quovis
1199 3188 1296 3235 genere

172 3259 254 3293 mares
270 3237 419 3290 valentioris
436 3243 497 3286 sunt
512 3238 647 3296 materiae,
672 3238 785 3288 femellae
808 3243 896 3288 contra
919 3238 1037 3288 leviorem
1055 3239 1295 3290 et-imbecilliorem

173 3310 258 3361 cibum
276 3310 413 3374 praestent.
448 3304 512 3353 Tum
529 3308 614 3353 eutem
632 3306 747 3370 oblonga
772 3322 821 3356 ova
845 3322 932 3356 morer
955 3308 1045 3372 edere,
1068 3308 1232 3371 quantumvis
1256 3309 1292 3357 eit

172 3379 263 3429 falsum
282 3382 308 3425 et
325 3375 454 3438 ineptum,
471 3372 615 3435 gravissimi
633 3377 717 3423 tamen
735 3379 849 3423 auctores
868 3375 1039 3435 tradiderunt,
1059 3373 1200 3424 Columella
1216 3376 1291 3433 lllll,

172 3450 196 3499 5.
216 3445 243 3512 [ξ
264 3443 306 3510 11]
325 3447 350 3492 et
367 3440 467 3491 Plinius
484 3440 554 3490 Hist.
564 3440 596 3503 X,
615 3443 655 3491 14.
675 3442 776 3507 [5145]
795 3442 868 3491 cuius
885 3441 960 3492 verba
976 3447 1044 3504 sunt,
1063 3442 1156 3505 „Qum
1173 3430 1323 3509 oblonga*

171 3519 234 3566 seint
258 3528 322 3575 oua,
346 3510 479 3575 gratioris
502 3512 607 3574 saporis
629 3514 710 3575 pietat
731 3511 859 3560 Horatius
880 3509 1001 3561 Flaccus.
1037 3509 1174 3561 Fenn‘nana
1199 3511 1290 3573 edunt,

172 3599 242 3650 quae
264 3579 424 3631 rotundiora
440 3579 606 3640 gignuntur,
633 3578 737 3642 reliqua
754 3581 883 3628 marera.“
917 3579 954 3628 De
978 3578 1074 3640 colore,
1099 3578 1231 3642 uirides,
1257 3597 1292 3629 ne

80 3686 84 3696 .
171 3652 274 3703 verbum
293 3647 402 3714 quidem.
436 3644 547 3694 Fallitur
564 3651 646 3697 temen
664 3646 707 3695 hio
726 3646 836 3712 scriptor
853 3647 983 3711 egregius,
1006 3662 1063 3695 curu
1081 3646 1199 3697 melioris
1216 3651 1293 3697 succi

171 3722 355 3785 interpretatur
370 3716 502 3780 gratioris
518 3717 631 3777 capam.
657 3713 716 3763 Alia
733 3715 800 3764 enim
818 3730 857 3764 res
875 3719 926 3764 est:
943 3730 1025 3779 cuper
1042 3714 1073 3763 ad
1091 3714 1206 3779 palatum
1225 3715 1288 3764 dun·

172 3792 242 3838 taxet
259 3788 370 3851 spectat3
389 3797 483 3832 succus
501 3780 534 3832 ad
552 3786 633 3831 totum
651 3783 764 3846 corporis
781 3782 910 3834 habitum:
927 3781 1158 3832 uideOelsumloeo
1174 3782 1289 3846 laudato,

172 3861 197 3907 et
215 3856 286 3906 alios.
321 3851 437 3903 Ceterum
455 3849 523 3900 dices
541 3849 669 3911 fortassis,
695 3851 737 3900 vix
761 3850 824 3900 alihi
847 3866 976 3901 occurrere
994 3851 1065 3900 atina
1083 3867 1129 3915 pro
1147 3850 1286 3915 alentibus,

171 3923 357 3974 nutrientibus.
393 3918 431 3969 Oh
449 3933 503 3969 eam
520 3917 602 3984 ipsam
626 3934 747 3983 caussam,
770 3918 873 3984 inquam
891 3935 952 3985 ego,
976 3918 1090 3969 Librarii
1109 3918 1170 3969 alba
1192 3918 1289 3969 substi-

172 3995 283 4042 tuerunt.
317 3990 351 4039 nt
368 4002 397 4036 ce
414 3985 531 4036 vocabuli
550 3987 588 4037 vis
605 3991 631 4036 et
648 4002 735 4037 sensus
753 3992 804 4050 est,
829 3993 857 4037 ut
879 3987 1008 4052 eleganter
1024 3986 1084 4037 huic
1101 3986 1285 4050 significationi

171 4059 255 4123 aptari
265 4062 354 4122 queat:
372 4054 462 4117 etalii,
480 4070 586 4119 quonam
602 4054 696 4119 scripta
704 4055 843 4120 perierunt,
861 4056 898 4105 sic
908 4055 973 4106 forte
981 4063 1142 4119 usurparunt
1162 4055 1286 4119 ‚‚Atma,“

170 4127 256 4191 inquit
272 4126 363 4176 Festus
386 4126 420 4188 [p.
441 4125 455 4173 1
474 4121 587 4186 Muelll,
613 4130 724 4186 „sancta
740 4124 944 4189 siuevpulchra,
968 4124 1010 4173 vel
1025 4138 1112 4173 annus
1131 4122 1166 4173 ah
1188 4123 1286 4173 alendo

221 4208 244 4257 ⁴)
259 4206 351 4259 [urcem
364 4205 399 4248 ed.
411 4216 430 4245 a.
445 4206 492 4245 1111
507 4205 530 4245 et
543 4203 602 4257 1113]

1412 3206 1415 3357 „
