2810 4764
217 253 279 316 210
605 267 637 328 q.
660 267 801 315 nonnum
821 266 946 315 susem

302 404 424 471 Mentes
446 400 662 487 asperioribus

368 486 561 553 Firmandae
583 486 708 552 studiis.
744 486 846 552 nescit
867 504 949 568 equo
972 485 1062 551 rudis

260 586 290 637 at
304 573 444 638 Haerere
465 571 625 653 ingenuus
646 591 728 658 puer

370 657 550 739 Venerique
572 656 676 736 timet;
698 656 810 722 ludere
831 654 961 732 doctior,

306 742 371 810 Seu
394 742 516 809 Graeco
537 741 651 808 iubeas
672 741 791 817 trocho,

370 825 436 893 Seu
456 826 551 894 malis
571 826 671 893 vetita
690 826 817 909 legibus
839 825 926 890 alea:

590 960 614 994 v.
633 945 674 996 54.
693 943 768 1009 Vulg.
786 941 965 995 Formuudne.

285 1081 327 1131 54.
345 1077 516 1131 Formcndce
532 1078 638 1142 studiis]
657 1079 693 1130 nt
709 1080 736 1129 iu
755 1077 831 1129 editis
848 1082 875 1128 et
891 1077 919 1128 in
937 1076 1051 1141 scriptis,
1067 1076 1135 1141 quod
1152 1076 1239 1138 sciam,
1257 1079 1341 1129 omni-

216 1147 263 1198 bus
280 1147 387 1197 habetur
403 1146 577 1208 formandam
595 1162 676 1211 neque
694 1148 828 1212 quisquam
844 1146 1012 1212 interpretum
1029 1143 1069 1195 vel
1086 1143 1238 1195 levissimam
1255 1147 1341 1211 snspi·
1390 1194 1391 1203 ,

216 1215 315 1265 cionem
338 1213 429 1265 hahuit
451 1214 537 1265 mendi
559 1214 679 1266 latentis:
714 1214 770 1279 „lit
795 1220 901 1265 tenerae
923 1215 1003 1263 nimis
1026 1211 1127 1263 Montes
1156 1216 1340 1278 asperioribus
1390 1220 1391 1225 ’

214 1281 386 1334 Formaudce
401 1282 529 1333 atsaiw:
547 1282 625 1334 Recte
640 1283 708 1333 euim
725 1282 821 1334 dieitur
838 1286 937 1332 mentes
947 1279 1115 1345 immundae,
1132 1285 1162 1330 ut
1172 1280 1235 1332 alibi
1245 1282 1341 1332 Noster

215 1351 300 1415 Epist.
318 1351 353 1414 II,
373 1352 464 1412 1‚128.
501 1348 584 1414 „Moe
601 1353 681 1401 etiam
698 1356 790 1417 pectus
806 1353 957 1417 praeceptis
973 1347 1065 1398 format
1083 1350 1200 1399 amicis.“
1227 1348 1338 1406 Quintil.

214 1417 301 1469 Instit.
319 1419 340 1481 I,
361 1420 383 1471 1.
408 1421 528 1483 [prooem.
546 1419 563 1483 ᾗ
584 1420 626 1481 14]
652 1419 683 1468 de
700 1418 878 1485 Philosophia:
907 1416 969 1479 „Au
985 1416 1128 1467 inmundos
1146 1417 1243 1467 animos
1262 1419 1339 1469 iasti-

216 1485 380 1552 tueudasque
396 1490 467 1536 uitae
485 1485 555 1551 teges
571 1488 711 1551 regressi.“
735 1486 831 1537 ibidem
848 1487 883 1547 il,
903 1487 934 1537 16
953 1485 979 1551 [ξ
1002 1487 1041 1547 tu]
1075 1483 1165 1548 „Quin
1189 1487 1249 1551 ipsc
1269 1488 1342 1536 uitae

214 1558 370 1620 praecepta,
388 1556 494 1604 etiamsi
510 1559 609 1605 actura
626 1560 690 1604 suut
707 1555 825 1616 lunata,
842 1554 904 1620 plus
922 1560 1010 1603 tamen
1028 1551 1065 1603 ad
1080 1552 1223 1604 formandas
1240 1559 1338 1604 mentes
1391 1552 1392 1611 J

215 1621 319 1686 uatum,
342 1624 462 1687 quoties“
479 1625 527 1672 etc.
563 1623 659 1673 Seneca
682 1624 766 1688 Epist.
785 1621 853 1673 XVI.
873 1622 899 1687 [§
918 1623 944 1684 3]
979 1621 1116 1683 „Animum
1138 1621 1230 1671 format
1246 1621 1337 1671 Pusu-
1391 1632 1392 1635 ’

213 1691 310 1755 sophia
329 1693 355 1740 et
371 1688 488 1750 fabricat,
507 1691 589 1740 eitam
608 1689 752 1756 disponit.“
770 1690 847 1752 Quin,
861 1689 927 1755 quod
940 1688 1050 1754 emplius
1062 1695 1108 1748 est,
1121 1694 1228 1738 tenerae
1239 1694 1341 1740 mentes

214 1756 340 1822 peculiari
358 1758 457 1807 ratione
474 1757 592 1819 samari
609 1757 742 1819 dicuntum
760 1764 789 1808 ut
807 1758 902 1810 Seneca
919 1757 1002 1822 Epist.
1020 1755 1138 1806 XXXIV.
1157 1757 1184 1821 [5
1205 1759 1229 1819 l]
1266 1757 1343 1823 „Qui

213 1825 318 1890 ingenie
335 1825 528 1889 educaverunt,
553 1831 579 1877 at
612 1841 664 1877 uae
681 1830 767 1877 tenera
784 1826 970 1888 formaverunt,
993 1824 1087 1875 adulta
1110 1827 1196 1875 subite
1220 1823 1341 1876 uident.“

213 1893 284 1943 Idem
306 1894 355 1959 Ep.
373 1891 454 1946 XXV.
474 1893 500 1959 [ᾗ
522 1895 545 1956 l]
579 1842 706 1960 „limiae
731 1899 842 1945 aetatem
868 1896 924 1943 eius
948 1892 1046 1944 durum
1072 1898 1098 1942 et
1122 1893 1337 1944 intractabilem:
1392 1914 1393 1993 q

213 1977 269 2014 aon
285 1966 371 2026 petest
388 1961 532 2013 reformari:
551 1964 637 2012 tenera
654 1962 811 2033 finguntur.“
845 1960 1155 2023 tertiusnullum.
1189 1963 1286 2024 „euius
1304 1963 1339 2011 atr
1392 2002 1393 2037 ,

213 2035 276 2081 ortu
287 2028 376 2081 Cruda
394 2029 549 2081 rudimenta
566 2034 592 2079 et
609 2034 708 2081 munros
725 2031 876 2081 formaverat
893 2031 1004 2079 aaues.“
1037 2029 1135 2078 Marius
1145 2028 1241 2090 Victor,
1260 2035 1338 2094 poeta
1392 2070 1393 2073 ,

213 2096 389 2160 Christianus,
406 2096 516 2148 Praeiat
535 2099 568 2160 [v.
589 2100 647 2161 107]
682 2098 771 2162 „Dum
789 2104 888 2149 teneros
905 2099 1013 2148 formare
1030 2096 1127 2146 animos
1145 2101 1172 2147 et
1187 2096 1272 2148 eorda
1289 2113 1338 2164 pa-

212 2181 305 2217 ramus
315 2165 358 2216 Ad
373 2181 452 2216 uerae
469 2167 576 2216 uirtutis
593 2168 645 2216 iter·
660 2167 810 2232 puerilitia
827 2168 932 2217 cunis.“
954 2165 1056 2215 Persius
1065 2165 1113 2226 Ill,
1122 2166 1164 2218 23.
1187 2161 1295 2228 „lidum
1313 2170 1341 2215 et

212 2233 287 2284 molle
306 2234 392 2284 lutum
410 2251 451 2285 es:
469 2249 550 2298 nunc,
563 2248 636 2284 nurre
652 2234 847 2300 properandus,
858 2237 884 2284 et
896 2236 957 2283 aeri
964 2231 1111 2297 Fingendus
1120 2233 1338 2295 siuefinerota.“

211 2300 341 2353 Iuvenalis
357 2301 422 2364 VII,
440 2303 499 2355 237.
535 2301 662 2368 „Ea1‘git,
686 2308 718 2354 ut
733 2318 820 2353 mores
843 2305 943 2353 teneros
959 2317 1006 2352 seu
1027 2301 1126 2367 pellice
1143 2301 1232 2362 ducat,
1262 2298 1298 2353 lu
1314 2304 1344 2351 si

212 2372 272 2435 quis
290 2385 352 2421 cera
369 2370 472 2421 uultum
488 2370 581 2432 facit.“
612 2369 715 2435 Tamen,
732 2375 869 2435 utcumque
887 2370 948 2420 haec
966 2370 1026 2432 sint,
1044 2368 1126 2419 nihilo
1144 2369 1233 2430 secius,
1251 2368 1338 2435 ipsius
1393 2372 1394 2443 t

212 2438 354 2489 sententiae
378 2438 404 2488 vi
427 2442 453 2488 et
475 2439 628 2489 necessitate
652 2438 756 2500 ductus,
781 2438 823 2488 aio
848 2438 995 2503 alflrmcque
1020 2437 1057 2488 sic
1080 2436 1111 2486 ab
1129 2436 1233 2487 Horatii
1256 2452 1337 2487 mann
1393 2448 1394 2497 ξ

210 2506 288 2556 fnisse
306 2506 437 2571 scriptum,
461 2511 506 2568 „et
523 2511 629 2558 tenerae
645 2509 726 2557 erimar
743 2505 843 2557 Mentes
860 2506 1041 2572 asperioribus
1058 2504 1195 2555 firmandae
1212 2505 1340 2556 studiis.“

210 2574 286 2624 Hanc
312 2573 514 2625 emendationem
537 2573 651 2639 postulat
676 2573 740 2625 illud
767 2577 856 2626 nimia
896 2574 964 2630 Quid
993 2574 1078 2624 enim?
1112 2589 1230 2638 quorsum
1254 2575 1339 2623 nicer}

210 2646 326 2705 tenerae,
353 2642 375 2692 si
398 2641 560 2703 formandae
583 2643 660 2691 sunt?
686 2658 758 2705 cum,
783 2658 833 2707 quo
851 2642 988 2692 teneriores
1011 2642 1077 2703 sint,
1103 2657 1133 2691 ec
1150 2640 1253 2691 lucilius
1271 2640 1337 2706 fingi

210 2715 238 2760 et
260 2709 364 2759 formari
387 2709 494 2774 possint.
530 2708 603 2760 Certe
627 2709 650 2760 si
672 2709 700 2759 in
724 2727 753 2761 eo
777 2710 869 2760 vitium
893 2716 944 2773 est,
969 2709 1035 2775 quod
1059 2711 1138 2759 nimis
1162 2712 1263 2759 tenerae
1283 2709 1339 2759 sint

210 2782 321 2837 mentcs3
349 2781 402 2826 tum
427 2776 550 2827 eiusmodi
573 2776 711 2827 remedium
733 2778 902 2843 quaerendum
929 2781 979 2840 est,
1007 2793 1056 2842 qno
1079 2777 1201 2841 firmari,
1228 2777 1335 2841 durari,

209 2845 337 2896 roborari
353 2849 454 2910 queant.
489 2844 545 2903 Quo
562 2844 639 2895 etiam
657 2846 769 2911 pertinet
785 2846 850 2897 illud
868 2847 1062 2913 ospes-tortium
1089 2845 1131 2895 cui
1154 2843 1230 2909 longe
1248 2845 1339 2911 aptius

209 2911 346 2978 respondet
365 2910 532 2979 plectendae,
557 2928 631 2977 quam
648 2912 820 2974 formandae:
845 2915 940 2980 qnippe
964 2918 990 2964 et
1012 2913 1136 2964 mollitas
1159 2912 1251 2963 studiis
1275 2912 1335 2974 for·

209 2983 282 3030 mari
303 2979 399 3045 poterit
422 2980 535 3041 animns3
557 2979 679 3048 fimare,
704 2998 756 3032 non
781 2983 832 3032 nisi
857 2984 966 3049 asperas.
1003 2983 1087 3047 Atque
1109 2980 1148 3030 ita
1165 2985 1252 3031 noster
1268 2980 1337 3031 alibi

210 3047 291 3099 carm.
309 3049 354 3113 IV,
372 3051 397 3110 4,
416 3050 459 3103 34.
493 3049 643 3113 „Doctrina
666 3050 714 3100 sed
729 3053 783 3100 atur
797 3056 938 3117 promovet
954 3053 1076 3112 insitam,
1100 3047 1226 3114 Rectique
1244 3048 1337 3100 cultus

209 3121 313 3182 pectora
330 3118 476 3168 roborant“
495 3123 520 3168 et
538 3118 615 3169 Serm.
635 3119 656 3180 1,
675 3121 699 3179 t,
719 3118 777 3171 119.
810 3118 909 3183 „simut
926 3134 959 3169 ae
976 3117 1104 3168 duraverit
1121 3121 1195 3166 aetas
1212 3115 1334 3168 Metalce

209 3185 370 3251 animumque
389 3186 490 3237 tuum.“
524 3185 807 3251 virgil.1nciri‚42.
843 3184 915 3250 „Sed
938 3188 1064 3251 quoniam
1087 3184 1125 3234 ad
1147 3190 1236 3235 tantas
1260 3200 1337 3237 aune

207 3255 325 3318 primum
342 3256 481 3305 nascimur
498 3258 583 3317 ortes,
607 3252 687 3304 Nune
702 3257 821 3319 primum
839 3258 938 3305 teneros
955 3254 1082 3305 firmam
1099 3254 1195 3304 rodere
1211 3254 1338 3304 amorf‘

208 3320 366 3373 OvidPont.
376 3322 397 3385 Ι,
407 3324 430 3374 3.
443 3324 474 3384 [v.
485 3323 528 3385 tt]
551 3321 636 3386 „Cum
654 3325 717 3373 tene
734 3321 867 3372 firmarunt
884 3323 996 3372 animum
1012 3326 1157 3388 praecepta
1174 3322 1335 3371 iacentem.“

206 3387 327 3439 Lucanus
344 3388 374 3451 V,
393 3391 450 3441 tet.
486 3405 566 3453 „nam
590 3395 677 3440 cetera
702 3389 801 3441 damac
818 3390 918 3441 Durata
935 3393 989 3441 inm
1012 3394 1095 3441 mente
1111 3388 1190 3439 matis
1208 3389 1334 3455 firmaque

207 3455 353 3507 tulmuti‘
387 3457 484 3506 Auctor
502 3456 532 3508 de
549 3458 631 3508 Morte
649 3458 741 3515 Drusi,
762 3459 817 3511 tes.
853 3459 1027 3524 „Duravitque
1045 3459 1173 3519 animum,
1199 3456 1332 3508 destituit·

206 3537 257 3588 que
271 3526 393 3588 preces.“
427 3523 499 3574 Ouid.
518 3526 619 3577 Remed.
631 3527 783 3577 1111111245.
819 3525 869 3590 „St
885 3529 940 3577 uisi
955 3526 1053 3577 firmata
1070 3526 1228 3591 properatis
1245 3529 1333 3576 mente

206 3592 331 3642 reomat‘
366 3595 392 3641 et
414 3592 483 3643 Fest.
502 3593 528 3655 I,
552 3596 609 3646 497.
653 3592 787 3658 „Vocibus
810 3593 936 3645 Euander
958 3595 1056 3644 firmata
1078 3597 1162 3643 mente
1184 3593 1335 3658 parentis.“

207 3658 306 3710 Statius
324 3656 387 3711 silv.
406 3659 428 3720 I,
446 3662 469 3712 2.
489 3663 520 3724 [r.
540 3663 583 3725 92]
618 3662 698 3728 „Ipsa
716 3676 765 3727 ego
784 3666 809 3712 te
826 3666 915 3713 tantos
931 3664 1024 3728 stupui
1041 3662 1151 3712 durasse
1165 3677 1216 3728 pes·
1234 3666 1334 3727 aestues,

205 3726 368 3791 Pirmsrique
386 3727 511 3778 animos.“
546 3729 654 3786 Quintil.
672 3729 783 3782 Declam.
801 3729 884 3781 XVII.
904 3734 934 3794 [c.
955 3732 996 3793 13]
1032 3729 1112 3794 „Alia
1130 3734 1192 3780 sunt
1209 3729 1334 3793 adunca,

205 3810 275 3860 quae
298 3794 331 3845 de
356 3798 558 3847 conuersatione
581 3800 626 3847 sui
639 3799 801 3864 patientiam
820 3803 938 3865 parcnt,
962 3814 1032 3862 quae
1057 3797 1150 3847 durant
1173 3797 1334 3849 assiduitate

205 3863 356 3929 timentque
382 3863 494 3914 animum
502 3863 553 3929 *).“
587 3865 719 3915 Minucius
741 3865 814 3919 Felix
832 3866 863 3930 [c.
883 3867 916 3918 36
934 3866 951 3932 ξ
969 3867 1009 3929 31:
1044 3865 1168 3928 „Animus
1192 3869 1278 3931 euim,
1301 3869 1333 3916 ut

204 3930 274 3981 Iucu
290 3932 414 3996 solvitur,
432 3935 472 3983 ita
488 3931 650 3997 fmtgntitcte
667 3933 809 3985 firmetur.“
836 3933 1086 3986 Senecaccnsol..ad
1097 3933 1281 4000 Heluiamcap.
1291 3935 1331 3986 13.

205 3999 232 4061 [ξ
243 4000 269 4061 2]
292 3997 378 4063 „Cum
394 4000 475 4050 semel
491 4000 603 4051 animum
620 4003 706 4051 virtuts
723 4000 861 4063 induravit,
880 4002 998 4067 undique
1015 4002 1235 4053 r'nuutnerabitem
1252 4017 1332 4067 prae·

204 4066 283 4117 stat.“
300 4067 388 4132 Epist.
399 4065 501 4117 CXVII.
512 4070 538 4133 ἢ
549 4069 592 4131 21]
610 4068 690 4133 „Diu
707 4069 802 4135 quibus
820 4069 931 4120 animum
951 4071 1083 4121 labantem
1099 4068 1196 4120 studiis
1207 4070 1333 4120 firmem.“

204 4131 275 4183 Idem
293 4133 323 4184 de
343 4134 485 4199 Tranquill.
503 4150 525 4185 c.
546 4138 569 4192 1.
588 4136 615 4203 [ἦ
635 4138 660 4198 3]
695 4134 775 4202 „Non
794 4142 832 4188 est
855 4138 928 4204 quod
950 4138 1038 4205 dicas,
1064 4140 1181 4188 omnium
1199 4140 1334 4188 virtutum

260 4213 281 4265 *l
298 4215 351 4268 [ser.
363 4216 473 4271 mentem]
