2810 4764
217 231 279 293 234
610 241 641 301 q.
664 242 805 290 norsum
825 241 948 290 sunum

301 379 398 458 Isque
420 375 496 440 dum
518 375 729 461 proceditio
751 374 923 461 triumphe,

260 476 292 525 sc
305 464 378 528 Non
401 460 499 526 semel
521 460 674 539 dicemus,
695 461 731 525 Io
753 461 922 560 triumphe,

303 545 425 613 Civitas
446 545 565 623 omnis:
589 545 800 630 dabimusque
822 547 914 613 Divis

422 633 509 696 Tura
530 629 687 712 benignis.

551 749 573 784 v.
592 734 634 784 49.
652 732 728 797 Vulg.
749 731 848 797 Tuque,
867 731 999 783 Procedia

218 853 373 907 Bodleianus
391 866 448 901 curn
466 850 615 913 quibusdam
633 849 768 911 Lambini,
786 850 841 900 sine
859 851 936 901 dubio
954 850 1061 914 rectius;
1089 849 1175 912 „Tum
1192 866 1276 913 meac,
1296 851 1342 906 isi·

218 921 285 988 quid
299 921 389 985 loquor
407 918 578 973 audiendum)
597 917 677 968 Vocis
701 917 808 968 accedet
831 920 899 969 lone
922 919 1014 983 pors.“
1039 918 1131 983 siquid
1148 919 1258 984 loquor:
1292 920 1341 969 hoc

218 994 265 1054 est,
284 988 369 1052 siquid
387 986 462 1052 loqui
477 986 547 1036 soleo
566 987 736 1036 Romanorum
759 986 863 1036 auribus
887 986 1006 1051 dignum:
1031 986 1126 1053 quippe
1150 988 1202 1037 iam
1223 988 1270 1037 diu
1290 993 1342 1038 tres

219 1057 364 1109 carminum
381 1054 461 1105 libros
479 1054 604 1119 emiserat,
622 1055 666 1119 qui
684 1054 830 1104 avidissime
847 1055 878 1105 ab
897 1056 1015 1105 omnibus
1032 1053 1190 1118 legebantur.

287 1127 328 1177 49.
350 1123 440 1188 Tuque
457 1122 520 1172 dum
534 1125 667 1188 procedis,
683 1123 712 1173 Io
725 1121 878 1187 Triumphe]
896 1121 1018 1173 Loscheri
1036 1122 1115 1172 editio
1132 1139 1190 1172 cum
1206 1122 1341 1173 codicibus

219 1192 370 1259 quibusdam
386 1191 515 1241 interioris
533 1192 632 1250 aetatis,
654 1189 758 1256 Tuque:
777 1196 804 1240 at
820 1190 1008 1255 primaVeueta
1026 1207 1083 1240 cum
1099 1191 1203 1256 scriptis
1220 1190 1343 1240 omnibns

219 1258 414 1321 vetustioribus,
443 1258 535 1324 Teque.
571 1259 599 1308 Si
615 1258 680 1308 illud
704 1257 829 1322 sequeris:
854 1263 907 1307 tum
933 1257 1047 1322 quaestio
1071 1259 1193 1309 continuo
1217 1264 1342 1319 moretur,

219 1345 329 1395 quonam
345 1327 411 1378 illud
431 1325 471 1377 Tu
488 1326 577 1376 reterri
594 1326 691 1377 debeat.
726 1327 792 1377 Sunt
815 1326 860 1391 qui
877 1326 909 1376 ad
925 1327 1007 1378 solem
1030 1332 1143 1392 spectare
1168 1326 1288 1387 credant3
1315 1331 1343 1375 ut

219 1400 277 1458 fiat,
303 1397 392 1458 „Dum
416 1400 458 1455 tu,
485 1394 572 1445 OSol
587 1398 643 1445 siue
667 1395 722 1444 dier
744 1395 857 1460 pulcher
872 1395 1026 1460 procedis“:
1051 1395 1125 1459 quale
1143 1395 1250 1459 Virgilii
1275 1394 1342 1444 illud

219 1465 308 1528 Eclcg.
326 1463 371 1513 IX.
391 1465 423 1525 [v.
441 1465 485 1524 41]
503 1462 589 1526 „dcco
606 1463 723 1512 Dionaei
739 1462 863 1527 processit
882 1461 1002 1513 Caesaris
1020 1467 1146 1513 ochum.“
1165 1468 1190 1513 et
1207 1466 1272 1514 Aen.
1291 1463 1340 1512 111.

221 1535 332 1597 [1356]
367 1531 493 1595 „Iamque
514 1531 571 1603 dics
594 1531 714 1596 alterque
747 1531 802 1581 dies
826 1530 975 1596 processit.“
1010 1531 1104 1581 Verum
1126 1531 1154 1581 hi
1176 1531 1266 1581 faciles
1291 1530 1343 1581 sibi

220 1602 326 1652 lectores
350 1603 376 1649 et
398 1598 502 1648 minime
525 1615 636 1649 morosos
659 1599 778 1649 ridentur
801 1604 953 1663 expectasse.
989 1599 1057 1654 Quid
1074 1599 1160 1648 enimi
1183 1614 1216 1648 an
1235 1615 1251 1648 a
1268 1614 1343 1649 mane

219 1669 253 1720 ad
275 1683 417 1734 vesperam,
442 1667 504 1716 diem
529 1666 583 1716 dies
608 1667 742 1732 procedit,
772 1683 852 1731 usque
875 1667 907 1716 ed
931 1667 1012 1716 ravim
1035 1667 1194 1718 clamandum
1218 1674 1287 1728 erat,
1313 1667 1343 1716 Io

221 1735 372 1802 triumphe?
407 1734 481 1791 Quod
498 1736 519 1785 si
537 1735 644 1785 maxime
661 1735 702 1785 his
720 1733 807 1785 Solem
825 1734 969 1799 siguificare
986 1735 1062 1785 vellet
1078 1736 1184 1797 Noster;
1202 1739 1272 1786 certe
1290 1750 1343 1785 non

221 1805 284 1856 dum
303 1810 332 1854 tu
348 1803 485 1870 procedis,
510 1803 553 1853 sed
571 1803 634 1854 dum
652 1803 698 1852 ille
719 1802 854 1867 procedit,
879 1802 1015 1852 dicendum
1037 1802 1139 1869 luisset,
1162 1808 1193 1854 ut
1216 1802 1344 1854 orationis

220 1874 310 1924 seriem
327 1870 512 1937 contemplanti
529 1871 581 1922 sole
599 1872 656 1936 ipso
673 1871 767 1921 clarius
783 1870 890 1936 patebit.
929 1869 1003 1934 Tum,
1021 1871 1115 1936 inquit,
1133 1887 1236 1933 coriam,
1255 1889 1271 1922 o
1290 1870 1345 1921 sol

218 1942 379 2009 pulcher3
404 1955 467 2005 quae
491 1944 551 1990 sunt
567 1939 625 2005 ipsa
642 1938 717 1989 rerba
734 1938 875 2000 Carminis,
900 1939 967 2003 quod
991 1944 1043 1990 tum
1068 1944 1202 1990 cantarum
1220 1956 1246 1990 se
1264 1939 1343 2005 polli-

221 2014 300 2070 cetur,
318 2013 343 2058 et
360 2007 537 2058 materialiter
554 2010 593 2071 (ut
610 2008 775 2057 Grammatici
791 2007 939 2071 loquuntur)
956 2007 999 2056 hic
1017 2007 1082 2057 sumi
1100 2007 1199 2058 debent.
1234 2008 1344 2058 Minime

221 2077 374 2128 artemiam
390 2091 458 2125 nune
477 2075 563 2126 Solem
581 2075 733 2140 alloquitur;
757 2092 840 2140 neque
862 2075 916 2125 ullo
939 2075 1014 2125 modo
1038 2082 1067 2125 tu
1084 2076 1212 2140 ‘procedis
1231 2076 1261 2125 de
1281 2075 1344 2126 Sole

220 2145 332 2210 intelligi
352 2150 459 2210 queunt,
485 2160 558 2208 quem
575 2144 654 2194 nullis
671 2145 754 2194 adhuc
771 2142 855 2193 verbis
873 2144 1043 2208 compellavit.
1077 2143 1171 2194 Verum
1188 2143 1236 2193 alii
1252 2144 1344 2209 potius

220 2214 253 2264 ad
272 2212 410 2263 Antonium
427 2212 518 2275 Iulum,
537 2211 579 2262 cui
596 2229 697 2262 carmen
714 2213 762 2261 hcc
779 2211 939 2273 inscribitur,
956 2211 1086 2262 referenda
1104 2212 1166 2262 haec
1184 2212 1343 2278 opinantur;

221 2283 283 2333 adeo
300 2286 330 2331 ut
348 2281 410 2331 dum
419 2281 552 2331 Antonius
568 2282 704 2345 procedat,
722 2280 813 2330 civitas
830 2280 912 2329 omnis
929 2281 958 2329 Ιο
970 2280 1098 2345 triumphe
1110 2280 1202 2330 iterare
1215 2279 1343 2330 debuerit

222 2351 272 2401 Sed
295 2366 345 2415 quo
367 2348 471 2399 obsecro
488 2349 590 2399 numine
613 2348 741 2414 procedet
762 2347 909 2397 Antonius?
933 2364 965 2397 an
989 2352 1019 2397 ut
1042 2347 1086 2413 qui
1109 2348 1268 2414 triumphum
1287 2348 1344 2414 ipsc

221 2419 299 2484 agat?
323 2414 391 2467 nihil
407 2418 504 2467 minus:
528 2423 645 2482 spectant
668 2417 736 2467 enim
759 2417 820 2467 hacc
846 2417 933 2465 omnia
956 2415 989 2466 ad
1006 2417 1117 2480 Augusti
1134 2416 1296 2482 triumphum
1314 2415 1345 2466 de

222 2486 369 2544 Sicambris,
387 2502 460 2550 quem
478 2484 614 2550 aliquande
631 2486 745 2534 futurum
763 2500 816 2535 esse
829 2483 984 2534 vaticinatur
1000 2484 1042 2534 hic
1052 2485 1151 2534 Noster.
1170 2484 1248 2535 Anin
1258 2485 1344 2535 alieno

224 2555 324 2621 quidem
343 2553 480 2619 triumpho,
499 2554 542 2603 sed
560 2558 653 2614 tamen,
672 2559 759 2619 utpote
772 2554 811 2602 vir
829 2552 912 2602 clarus
930 2557 956 2601 et
972 2552 1345 2617 magnishonoribust'unctus,

221 2624 290 2673 inter
306 2621 402 2687 primos
418 2621 557 2686 procedet,
581 2621 698 2671 omuibus
715 2619 928 2686 conspiciendus?
962 2620 1013 2670 Sed
1031 2626 1056 2670 et
1073 2620 1121 2670 hoc
1138 2620 1204 2670 nihil
1222 2626 1272 2670 est:
1301 2637 1345 2671 ne·

222 2690 286 2741 mini
304 2690 386 2747 enim,
402 2692 578 2754 praeterquam
595 2690 646 2752 ipsi
664 2688 858 2753 Triumphanti,
883 2690 978 2738 cicitur
996 2690 1081 2739 enanis
1097 2690 1126 2738 Io
1144 2689 1284 2754 Triumphe
1304 2705 1344 2739 ac·

223 2758 333 2808 einebat.
368 2755 473 2805 Ovidius
492 2757 573 2806 Amor.
592 2757 613 2816 Ι,
632 2758 655 2807 2.
675 2760 706 2819 [v.
726 2759 768 2819 33]
787 2757 817 2806 dc
835 2756 961 2822 Cupidine
979 2756 1167 2822 triumphante:
1184 2756 1302 2822 „Omnia
1322 2762 1346 2805 te

222 2829 354 2876 metuent:
377 2823 410 2873 ad
427 2829 453 2872 te
469 2839 518 2873 sua
537 2825 648 2874 brachia
666 2824 773 2874 tendens
791 2822 909 2889 Vulgus,
927 2825 969 2885 Io,
992 2840 1092 2888 magna
1109 2840 1185 2889 uoce,
1204 2824 1346 2891 Triumphe

225 2896 328 2944 canet.“
362 2892 433 2941 Idem
450 2891 478 2942 in
496 2891 659 2953 Tristius.
672 2896 703 2955 [v.
714 2894 757 2954 41]
775 2892 847 2954 „Hos
863 2908 944 2958 super
961 2896 989 2942 in
1008 2908 1099 2954 curru,
1119 2891 1223 2956 Caesar,
1243 2897 1346 2944 uictore

222 2962 325 3012 veheris
343 2960 509 3024 Purpureus,
533 2962 630 3026 populi
646 2963 697 3010 rite
718 2976 768 3025 per
791 2977 840 3011 ora
858 2963 913 3011 tui:
937 2960 1043 3025 Quaque
1064 2959 1127 3026 ibis,
1150 2962 1274 3011 munibus
1293 2964 1346 3012 cir-

224 3028 412 3094 cumplaudere
430 3033 544 3093 tuorum,
565 3026 685 3093 Undique
702 3031 801 3080 iactato
819 3030 887 3091 [tore
905 3034 1008 3093 tegente
1024 3031 1099 3079 cius:
1120 3027 1250 3094 Tempora
1262 3030 1345 3081 Phoe·

224 3101 271 3150 beo
291 3098 367 3147 tauro
391 3098 527 3161 cingetur,
553 3097 647 3162 toque,
670 3095 761 3160 Miles,
784 3098 827 3158 Io,
851 3113 951 3161 inagna
969 3112 1046 3158 uoce,
1073 3097 1220 3163 Triumphe,
1238 3101 1344 3150 conet.“

223 3167 293 3216 Idem
311 3168 394 3216 Amor.
413 3166 433 3226 Ι,
453 3167 475 3214 i.
495 3167 526 3227 [r.
545 3167 588 3227 35]
623 3165 656 3229 „I
671 3181 756 3223 nrinc,
779 3165 939 3229 magnificos
962 3168 1048 3215 uictor
1071 3166 1167 3215 molire
1184 3167 1344 3230 triumphos,

225 3234 308 3298 Cinge
326 3248 427 3284 comam
446 3233 532 3294 lauro,
551 3238 663 3298 uotaque
679 3232 761 3282 redde
770 3233 834 3282 Ioui.
856 3232 980 3298 Quaeque
997 3237 1054 3282 tuos
1072 3249 1168 3283 currus
1186 3236 1344 3284 comitati-ic

225 3302 303 3352 turha
320 3306 450 3366 sequetur,
463 3299 570 3365 Clamet,
588 3302 617 3351 Ic
635 3300 696 3350 torti
713 3301 780 3350 victa
797 3301 882 3366 puella
899 3302 979 3351 rir0.“
1009 3302 1097 3365 Neque
1115 3301 1163 3352 Sol
1178 3301 1260 3365 igitur
1276 3306 1344 3353 recto

224 3369 352 3434 procedit,
370 3384 452 3432 neque
469 3369 617 3423 Antonius:
640 3373 732 3430 restet,
756 3375 786 3418 ut
803 3368 835 3419 ad
851 3369 911 3418 illos
929 3369 1028 3420 demum
1045 3370 1199 3435 interpretes
1218 3385 1266 3419 nos
1283 3386 1344 3420 con·

223 3440 363 3497 vertamus,
382 3435 474 3501 quibus
489 3438 568 3487 Poste
584 3436 616 3486 ad
632 3436 717 3502 ipsum
731 3437 897 3502 Triumphum
915 3451 1049 3487 conversus
1067 3438 1115 3488 hoc
1133 3437 1217 3488 dicere
1233 3437 1344 3488 videtur.

224 3505 294 3554 Dum
313 3510 350 3565 tu,
368 3504 397 3554 lo
415 3503 478 3563 (sive
495 3510 520 3566 o)
543 3503 693 3570 Triumphe,
710 3505 846 3570 procedis:
864 3505 939 3555 utin
956 3504 1158 3571 EpodoIX,21.
1176 3505 1345 3569 Triumphum

225 3577 345 3636 tanquam
362 3571 443 3621 Deum
460 3571 611 3637 alloquitur:
648 3573 694 3635 „Io
716 3570 874 3638 Triumphe,
899 3578 928 3623 tu
945 3576 1061 3624 moraris
1084 3589 1180 3623 aureos
1200 3573 1302 3623 Grirrus
1321 3578 1345 3624 et

224 3644 342 3691 intactos
360 3640 451 3690 bocer.-
475 3640 504 3690 Io
525 3639 677 3706 Triumphe,
695 3656 743 3691 nec
760 3641 920 3705 Iugurthino
938 3657 1031 3706 parem
1041 3640 1115 3692 Bello
1133 3644 1280 3707 reportasti
1296 3642 1344 3693 du·

225 3711 305 3760 cem.“
339 3710 423 3772 Atque
439 3708 505 3758 hauc
523 3708 706 3774 expositionem
724 3708 865 3759 necessario
882 3715 1022 3774 sequuntur
1037 3709 1086 3771 illi,
1104 3709 1149 3775 qui
1168 3725 1222 3761 cum
1240 3710 1344 3761 meliore

224 3777 339 3828 codicum
356 3779 428 3842 parte
440 3774 526 3841 Teque
542 3776 695 3842 praeferunt
720 3776 814 3826 Verum
832 3780 857 3826 et
874 3777 924 3840 hic,
942 3778 964 3827 si
981 3778 1095 3842 penitius
1113 3777 1259 3839 excusseris,
1278 3777 1344 3828 nihil

225 3845 282 3896 sani
299 3844 417 3911 reperies.
453 3844 481 3894 Si
502 3843 593 3910 Tuque
614 3845 696 3910 magis
723 3844 773 3894 tibi
796 3844 904 3909 arridet,
929 3848 983 3895 tum
1005 3846 1067 3896 haec
1090 3845 1150 3896 iude
1168 3846 1266 3896 orietur
1284 3863 1343 3898 con·

224 3914 345 3964 structio:
380 3913 502 3977 Dumque
520 3918 562 3973 tu,
580 3911 610 3963 lo
629 3912 733 3974 (idest,
759 3918 784 3971 o)
805 3913 957 3980 Triumphe,
973 3913 1097 3979 procedis
1103 3932 1112 3975 ,·
1136 3929 1190 3963 non
1207 3914 1289 3964 semei
1306 3915 1344 3965 di·

226 3997 313 4032 ccmus
336 3981 398 4031 haec
422 3980 511 4043 verba,
535 3982 550 4031 I
556 3996 571 4030 o
597 3978 788 4045 Triumphe.
824 3980 887 4036 Quis
911 3998 970 4031 vero
995 3982 1043 4032 boc
1066 3981 1100 4031 iis
1123 3980 1291 4045 condonabit,
1316 3986 1344 4032 ut

224 4049 275 4099 alio
293 4065 368 4100 sensu
386 4054 514 4113 exponant
531 4049 601 4112 prius
619 4049 648 4098 Io
669 4046 826 4114 Triumphe,
845 4048 896 4098 alio
913 4050 1058 4114 posterius?
1082 4048 1139 4114 quis
1156 4048 1184 4098 in
1202 4049 1343 4100 cultissimo

223 4121 298 4181 poeta
316 4117 365 4166 tale
383 4121 529 4181 portentum
545 4116 679 4166 admittet?
714 4115 828 4173 Quodsi
851 4117 930 4167 maris
955 4117 1059 4168 alteram
1082 4116 1218 4168 lectionem
1245 4116 1341 4183 Teque:

223 4183 274 4232 iem
291 4184 337 4234 illa
354 4183 436 4235 exibit
452 4184 592 4245 sententia3
619 4185 755 4249 Ilumque,
780 4200 795 4235 o
817 4182 973 4252 Triumphe,
995 4186 1127 4252 procedis,
1144 4201 1199 4237 non
1216 4187 1298 4238 semel
1321 4191 1343 4236 te
