2842 4758
241 233 302 294 350
628 246 659 304 q.
682 246 824 294 noanrn
845 248 971 295 rancor

304 380 440 460 Quidam
464 384 558 444 notus
580 379 675 444 homo
697 399 768 444 cum
792 379 894 445 exiret
914 381 1048 459 lomice;
1071 385 1176 451 Macte

301 468 427 532 Virtute
449 471 528 543 esto,
550 463 654 548 inquit
675 466 834 531 sententia
855 465 910 530 dia
932 465 1074 532 Catonis.

301 554 385 617 Nam
408 550 503 615 simul
524 569 563 613 ao
584 568 684 616 venas
706 549 829 616 inflavit
850 556 933 616 tetra
953 551 1062 631 libido,

301 639 372 701 Huc
393 636 526 700 iuvenes
547 654 686 717 aequum
709 641 759 700 est
780 636 983 713 descendere,
1005 657 1069 701 non
1091 637 1218 706 alienas

258 734 288 784 35
302 721 483 787 Permolere
508 739 632 785 uxores.
675 720 782 784 Nolim
805 720 976 796 laudarier,
998 722 1112 805 inquit,

301 806 353 873 Sic
374 823 436 883 me,
457 803 589 868 mirator
610 804 705 870 cunni
729 804 926 890 Cupiennius
948 806 1022 871 albi.

299 889 420 957 Audire
443 894 492 955 est
513 909 631 973 operae
653 889 801 974 pretium,
823 891 996 975 procedere
1018 897 1103 956 recte

300 976 362 1055 Qui
384 973 533 1039 moechos
555 992 619 1038 non
640 975 744 1051 voltis,
768 980 803 1039 ut
824 976 909 1039 omni
931 981 1022 1060 parte
1044 975 1204 1055 laborent;

301 1063 408 1142 thue
428 1058 493 1124 illis
514 1059 615 1123 multo
637 1065 787 1144 conupta
809 1059 918 1125 dolore
939 1062 1098 1146 voluptas,

255 1159 287 1208 no
300 1147 406 1227 Atque
427 1143 508 1208 haee
529 1164 612 1223 rara,
635 1144 729 1208 cadat
747 1145 832 1223 ,dura
852 1144 935 1209 inter
957 1165 1055 1231 saepe
1076 1146 1206 1230 pericla.

297 1230 357 1295 Hie
380 1248 415 1295 se
436 1228 643 1313 praecipitem
666 1234 748 1293 tecto
771 1228 875 1294 dedit:
898 1230 953 1295 ille
974 1230 1112 1310 flagellis

298 1315 350 1380 Ad
370 1319 505 1378 mortem
527 1333 658 1379 caesus:
681 1314 810 1394 fugiens
833 1315 884 1379 hic
906 1314 1025 1380 decidit
1045 1334 1152 1380 acrem

298 1398 499 1465 Praedonum
522 1399 554 1461 in
578 1400 721 1463 turbam:
745 1397 833 1462 dedit
853 1399 905 1464 hic
926 1420 984 1486 pro
1007 1419 1138 1500 corpore
1159 1419 1331 1466 nummos:

298 1484 391 1548 Hune
412 1482 654 1567 perminxerunt
676 1483 821 1561 oalones;
845 1485 921 1565 quin
943 1486 1039 1549 etiam
1060 1483 1142 1550 rllud

255 1582 285 1631 45
302 1567 432 1637 Accidit,
457 1573 492 1631 ut
514 1569 641 1632 cuidam
665 1569 756 1633 testis
779 1569 979 1652 caudamque
1003 1569 1141 1634 salacem

297 1656 503 1719 Demeterent
525 1654 618 1717 ferro.
656 1653 725 1718 iure
747 1672 867 1718 omnes.
905 1655 1011 1721 Galba
1031 1655 1181 1736 negabat.

445 1771 467 1803 r.
487 1755 528 1806 38.
555 1753 631 1818 Vulg.
649 1751 773 1803 Moecbr's.
809 1755 851 1806 46.
869 1754 1020 1806 Demeteret
1035 1755 1146 1816 serram

301 1875 342 1927 33.
364 1871 443 1923 Tetra
463 1870 553 1933 libido]
572 1871 639 1921 Nori
657 1873 739 1922 virum
761 1872 935 1937 ingeniosum,
959 1874 1004 1937 qui
1023 1889 1053 1924 ex
1070 1875 1217 1924 coniectura
1234 1889 1364 1938 reponere

234 1943 323 2004 uoluit,
341 1940 428 2005 „Nam
446 1939 527 1988 simul
545 1954 579 1989 ce
596 1955 677 1990 venos
694 1942 802 2001 inflavit
818 1946 888 1990 tenta
907 1941 1016 2005 libido‚“
1034 1945 1109 2006 atque
1127 1941 1182 1991 eius
1201 1941 1362 1991 emendatio-

233 2011 274 2060 nis
285 2010 433 2060 Petronium
445 2011 476 2069 [o.
486 2008 528 2070 87]
547 2023 692 2073 sponsorem
703 2007 786 2068 dedit3
806 2006 859 2072 „dr
868 2014 1006 2072 poteretur
1016 2010 1145 2071 sutbfierr'
1152 2010 1213 2072 sibi,
1230 2015 1258 2059 et
1268 2015 1362 2059 cetera

233 2094 302 2144 quac
318 2076 400 2128 libido
423 2076 535 2125 distenta
558 2075 702 2126 (Ῐίοέοῠοί.ιι
737 2077 805 2125 Satis
830 2075 932 2140 quidem
954 2078 1084 2142 apposite:
1107 2077 1248 2127 retinemus
1271 2082 1360 2127 mmen

232 2147 345 2196 omnium
369 2144 484 2194 codicum
507 2142 655 2203 lectionem,
679 2148 756 2195 tetra.
798 2144 904 2194 Porcius
927 2145 1006 2195 Latro
1030 2146 1058 2195 in
1081 2144 1220 2194 Catilinam
1244 2148 1276 2207 [c.
1296 2147 1360 2207 15];

232 2214 381 2276 „Adiutore
391 2211 577 2261 teterrimarum
593 2210 739 2273 libidinum,
757 2214 1019 2263 sociomarcimorrrm
1028 2213 1239 2278 periculorum.“
1265 2217 1291 2262 et
1308 2214 1361 2262 ite·

231 2298 287 2332 rum
312 2285 342 2345 [e.
368 2283 425 2342 34],
449 2279 498 2342 „In
522 2282 714 2330 caeercitutr‘one
738 2281 924 2330 teterrimarum
947 2279 1111 2331 libidinum.“
1151 2282 1270 2330 Lactaut.
1296 2280 1358 2330 Diu.

231 2351 295 2400 Inst.
313 2349 357 2400 VI.
377 2351 407 2411 [ο.
422 2349 454 2399 23
471 2348 487 2413 ξ
502 2349 544 2409 11]
568 2347 626 2410 „Dc
643 2349 701 2397 istis
719 2347 823 2413 loquor,
842 2363 956 2413 quoram
974 2350 1103 2398 teterrima
1120 2347 1202 2398 libido
1220 2364 1254 2398 ne
1272 2350 1361 2413 cupiti

249 2418 338 2467 cidem
375 2419 470 2466 areit.“

231 2435 247 2483 q
299 2486 340 2537 38.
353 2432 418 2547 pQur'
434 2483 550 2532 moechis
567 2497 622 2532 non
640 2481 731 2544 cultis]
756 2483 891 2533 Perodiem
914 2484 980 2533 hanc
1003 2500 1057 2534 esse
1071 2500 1105 2547 ,ex
1122 2483 1238 2533 versibus
1254 2484 1358 2534 Ennia-

231 2554 272 2603 nis
290 2555 394 2602 moneut
409 2550 578 2601 scholiastae:
605 2549 727 2612 „Audire
744 2556 784 2599 est
800 2566 899 2615 operae
913 2554 1039 2617 pretioue,
1055 2551 1201 2617 procedere
1218 2557 1291 2601 recte
1303 2550 1359 2614 Qui

230 2622 417 2670 merchirnan
434 2618 541 2667 vultis.“
575 2617 657 2667 Ennii
675 2623 760 2667 autem
783 2619 861 2668 rerba
884 2618 921 2669 sic
940 2618 1035 2669 citant:
1062 2619 1182 2681 „Audire
1200 2624 1241 2669 est
1257 2635 1358 2684 operae

227 2691 354 2753 pretium,
372 2685 596 2750 precedererscle
615 2685 668 2748 Qui
683 2701 739 2735 rem
756 2684 902 2736 Romanum
918 2687 1078 2752 Latiumque
1093 2702 1236 2751 augescere
1247 2687 1357 2738 vultr'sf‘

230 2755 303 2805 Unde
320 2753 395 2803 facile
413 2758 467 2802 erat
485 2752 613 2814 divinare,
632 2769 682 2816 quo
699 2754 805 2819 propior
823 2759 888 2804 esset
906 2760 930 2805 et
948 2755 1084 2818 perfectior
1101 2755 1228 2815 imitatio,
1254 2755 1291 2804 sic
1309 2771 1357 2819 po·

230 2823 283 2872 tius
301 2821 433 2884 scripsisse
441 2821 571 2881 Nostrum,
589 2821 751 2885 ‚procedere
768 2827 839 2871 recte
859 2821 911 2885 θοι·
926 2824 1083 2873 moechos
1101 2838 1155 2872 non
1173 2822 1283 2872 caltir.“
1306 2823 1354 2873 At-

230 2906 279 2954 que
296 2889 333 2939 ita
351 2892 440 2952 postea
457 2889 538 2952 reperi
556 2888 584 2937 in
608 2889 694 2939 codice
718 2890 853 2952 Leidensi,
880 2896 905 2940 et
929 2891 956 2939 in
980 2891 1117 2956 Excerptis
1140 2890 1303 2951 Bodleianis,
1327 2895 1355 2941 et

230 2956 339 3022 Collegii
356 2955 492 3005 'l‘rinitatis
511 2955 602 3005 Codice
619 2973 667 3022 pro
684 2958 756 3006 varia
778 2958 902 3024 lectione,
928 2963 954 3008 et
976 2959 1004 3009 in
1028 2958 1168 3022 Reginensi
1186 2974 1200 3007 a
1218 2974 1297 3008 manu
1314 2974 1354 3008 ee·
1407 2982 1408 2985 ¹

230 3026 320 3077 cunda.
361 3024 450 3089 Neque
471 3024 547 3073 aliter
575 3025 667 3089 legisse
693 3027 830 3088 Aaronem,
858 3042 888 3076 ex
915 3027 969 3076 eius
996 3027 1160 3091 paraphrasi,
1188 3026 1354 3089 quantumvis

229 3096 317 3160 inepta
335 3097 360 3143 et
377 3092 499 3155 absurda,
523 3092 584 3142 licet
601 3093 807 3146 animadvertere.
842 3095 971 3159 „Operae
990 3094 1042 3157 ait,
1065 3097 1182 3159 pretium
1200 3100 1240 3143 est
1257 3093 1355 3144 audire

228 3163 354 3222 moechos,
373 3164 421 3226 qui
437 3160 590 3210 convallis
606 3163 750 3225 procedere
767 3166 838 3211 recte
857 3163 893 3212 cd
909 3164 1101 3214 meretricem.“
1127 3163 1215 3224 Porro,
1234 3162 1305 3225 qnod
1322 3162 1353 3211 ud

228 3231 380 3281 sententiam
399 3228 505 3291 attinet,
530 3228 616 3278 eodem
639 3230 745 3289 recidit,
770 3230 822 3279 sire
840 3231 961 3280 moechos
986 3235 1056 3280 recte
1078 3229 1224 3295 procedere
1249 3230 1352 3289 dixeris,

229 3299 281 3348 sire
299 3303 370 3347 recte
386 3295 531 3361 procedere
548 3297 669 3346 moechis.
706 3296 839 3347 Terentius
857 3297 965 3362 Adelph.
984 3300 1040 3348 Act.
1059 3302 1084 3347 et
1102 3297 1175 3347 Scen.
1193 3298 1242 3346 ult.
1265 3299 1298 3360 [v.
1309 3299 1351 3359 22]

228 3364 322 3431 „Syra
341 3366 494 3425 processisti
510 3363 589 3413 bodie
604 3364 747 3428 palchre“:
766 3366 833 3431 quod
851 3366 955 3430 perinde
973 3369 1019 3428 est,
1037 3381 1066 3416 ac
1084 3365 1196 3430 pcrlchrc
1207 3366 1257 3415 rita·
1275 3366 1353 3415 bodie
1407 3408 1408 3411 ,

247 3435 363 3483 recessit.

225 3448 245 3499 p
295 3497 684 3562 46.Demctcretfsrram]1u
704 3501 823 3550 vestustis
847 3500 1003 3551 editionibus
1027 3501 1064 3551 sic
1086 3500 1157 3549 locus
1180 3500 1224 3549 hic
1248 3500 1350 3550 exhibe·
1407 3484 1408 3539 i

227 3573 282 3630 tur,
306 3569 390 3632 „qaia
408 3568 488 3615 etium
514 3566 584 3617 ettad
606 3567 726 3629 Accidit,
753 3574 785 3617 ut
810 3568 918 3632 quidam
942 3574 1019 3619 testes
1044 3568 1209 3631 curruumque
1234 3567 1350 3618 salacem
1407 3588 1408 3591 ¹

226 3637 378 3688 Demeterct
392 3633 495 3694 serrc.“
531 3635 600 3691 Quae
619 3651 675 3685 cum
698 3651 789 3685 manca
812 3640 837 3686 et
855 3636 1004 3700 imperfecta
1026 3636 1108 3686 oratio
1125 3636 1160 3684 sit
1179 3634 1260 3696 (deest
1283 3636 1350 3686 enim
1407 3668 1408 3685 r

226 3721 318 3755 nomen
336 3719 409 3754 ossus
427 3701 517 3766 dativi)
544 3718 651 3768 cumque
669 3703 809 3753 Lambinus
832 3704 860 3753 in
879 3703 977 3754 duobus
1001 3705 1054 3753 suis
1072 3703 1195 3764 eraldum,
1222 3719 1274 3753 non
1293 3706 1350 3768 qui·
1407 3694 1408 3749 f

226 3773 296 3837 dum,
313 3771 453 3830 invenerit3
471 3770 515 3820 ille
534 3771 628 3836 partim
646 3786 688 3821 eos
707 3777 822 3834 secutus,
840 3773 936 3837 partim
954 3773 1114 3822 coniecturae
1133 3785 1192 3819 suae
1209 3771 1286 3831 fisus,
1312 3772 1346 3820 sic

225 3841 267 3891 edi
284 3840 391 3901 curarit,
409 3839 542 3903 „Accidit
560 3844 591 3889 ut
608 3839 709 3889 cuidam
727 3845 803 3889 testes
823 3840 989 3905 caudamque
1006 3840 1120 3890 salacem
1131 3837 1282 3888 Denretcret
1299 3839 1347 3888 ler-

225 3911 310 3958 rnm.“
344 3907 413 3963 Quin
431 3912 458 3957 et
483 3906 610 3972 Cruqnius
634 3907 662 3956 in
686 3923 737 3957 uno
756 3923 801 3958 sno
825 3908 932 3958 crrr'dara
955 3925 1002 3973 pro
1026 3907 1095 3959 varia
1119 3905 1229 3956 lectione
1253 3905 1347 3956 adscri-

224 3980 299 4042 ptum
315 3976 424 4041 reperit3
442 3975 470 4025 in
484 3976 565 4025 altero
576 3973 667 4027 ultima
684 3974 780 4042 syllaba
799 3975 848 4025 τοῦ
865 3976 940 4037 [erro
958 3977 986 4025 in
1003 3975 1082 4025 litura
1099 3978 1168 4033 erat3
1187 3977 1216 4024 ut
1234 3989 1250 4023 a
1266 3975 1347 4039 prima
1407 3972 1408 4055 i

224 4060 302 4094 manu
326 4044 428 4104 ferrum
452 4043 530 4093 luisse
555 4043 679 4095 rideatur.
719 4043 848 4094 Henricus
872 4048 956 4093 sutem
980 4044 1123 4109 Stephanus
1146 4044 1297 4106 utrumqne,
1321 4047 1346 4092 et

225 4111 332 4161 recidam
350 4115 376 4160 et
391 4109 504 4171 smum,
528 4127 558 4162 ex
576 4110 702 4161 veteribus
720 4111 851 4161 codicibus
869 4112 978 4162 edidisse
1003 4128 1029 4161 se
1055 4113 1192 4169 memorat3
1216 4125 1291 4173 quem
1308 4115 1344 4160 tu·

224 4193 282 4227 men
299 4194 350 4226 nou
370 4177 433 4226 elios
451 4183 552 4243 praeter
567 4177 751 4229 Lambinianos
770 4184 795 4229 et
809 4178 968 4243 Cruquiancs
987 4180 1051 4230 velle
1068 4179 1110 4230 hio
1128 4179 1252 4242 suspicor.
1280 4178 1345 4228 Mihi
