2840 4752
203 253 264 314 510
580 265 612 324 o.
635 265 777 312 nonnnn
796 263 920 312 rancor

267 398 422 478 Quisnam
443 397 542 480 igitur
561 398 664 464 liberi
685 397 837 483 Sapiens:
860 397 922 462 sibi
943 399 999 481 qui
1017 398 1227 483 imperiosus:

266 483 370 562 Quem
390 502 495 567 neque
512 484 691 568 pauperies.
714 502 818 566 neque
839 502 936 560 mors,
957 503 1017 549 nec
1037 484 1164 548 vincula
1185 490 1329 561 terrent3

202 661 227 717 Ξ
234 666 316 716 ΥΛΟ
326 669 350 717 Y
365 668 562 736 πεποιημένους
572 664 678 737 μεγάλα
696 666 789 719 αἰδοῖα
798 665 925 737 ἔχοντας·
942 669 1084 720 καλέονται
1102 667 1131 719 δὲ
1145 665 1211 721 τάδε
1220 666 1333 736 Νευρο-

203 747 319 785 σπσσισ.
344 736 394 786 Sed
411 738 576 788 nihilominus
593 741 700 801 signnm
718 738 759 787 bic
776 738 857 802 magis
874 739 982 802 arridet,
1001 754 1074 804 quam
1094 738 1204 802 lignum.
1236 738 1332 803 Neque

203 803 271 853 enim
288 803 328 853 illi
345 805 496 870 simpiicIter
514 807 589 871 ligna
607 806 740 866 dixerunt:
767 805 811 855 sed
835 806 965 864 lieneolas
982 807 1118 856 laminam
1135 806 1257 870 figuras,
1286 809 1333 856 lio·

203 871 342 921 retincula:
359 887 393 922 ece
412 873 485 938 ligno
502 873 603 935 factos:
628 875 697 938 qnod
721 873 827 939 perinde
845 880 883 924 est
900 890 929 925 ac
948 875 971 924 si
987 877 1066 938 signa
1084 874 1215 923 dixissent.
1254 874 1333 929 Quae

204 948 230 988 et
247 954 278 989 ex
293 939 346 989 alia
362 942 468 991 materia
486 942 593 1002 fiebant,
617 958 668 991 non
691 958 721 992 ex
743 942 814 1006 ligno
831 942 898 991 solo:
925 944 1060 993 Petronius
1082 943 1111 991 in
1129 941 1197 991 Cena
1214 942 1334 992 Trimal-

205 1006 305 1056 chionis
323 1011 355 1071 [c.
366 1011 422 1072 341:
441 1012 613 1074 „Potantibus
631 1025 695 1074 ergo
713 1010 808 1059 larvam
825 1015 970 1074 argenteam
988 1010 1081 1060 attulit
1095 1014 1236 1060 camussia
1250 1017 1335 1076 apia·

205 1081 268 1136 tarn,
285 1080 316 1125 ai
333 1078 446 1128 articuli
462 1081 519 1128 cias
528 1079 715 1144 vertebraeque
733 1079 842 1128 lanatae
860 1081 889 1127 in
898 1094 1002 1128 omnem
1016 1083 1122 1143 partem
1130 1080 1334 1128 s·erterentnr.“

204 1142 329 1198 Quorsum
346 1145 427 1209 igitur
443 1145 575 1212 Lignum,
599 1162 657 1195 oum
680 1162 759 1210 aeque
782 1146 827 1195 fiat
844 1162 875 1196 ax
891 1146 994 1197 metallo
1012 1147 1051 1197 rel
1069 1146 1160 1196 ebore?
1186 1147 1228 1195 cui
1249 1148 1334 1195 etiam

203 1210 275 1275 ligno
293 1213 344 1262 nisi
362 1213 479 1278 effigiem
497 1214 582 1274 addas,
600 1214 829 1279 proNeurospasto
846 1216 930 1280 accipi
948 1216 1003 1264 iure
1020 1230 1071 1263 non
1080 1220 1178 1278 potest:
1197 1215 1335 1278 siqnidem

206 1279 275 1328 trabs
299 1282 402 1344 quaevis
425 1287 470 1331 ant
494 1288 598 1332 truncus
616 1283 676 1332 sune
694 1283 785 1331 ductus
803 1286 892 1332 neruis
915 1283 1011 1332 alienis
1033 1282 1130 1332 mobile
1154 1282 1261 1346 lignum
1282 1287 1333 1332 est.

205 1347 282 1397 Recte
292 1364 352 1414 ergo
360 1365 416 1399 cnm
427 1351 513 1400 Douza
525 1350 645 1414 legemus,
662 1350 801 1413 „literaria
819 1356 851 1399 nt
867 1354 956 1400 nornis
974 1350 1069 1401 altena
1086 1350 1181 1400 mobile
1193 1354 1334 1400 srannxf‘

206 1415 248 1494 §Ic
276 1424 302 1464 et
320 1417 463 1468 Herodotus
482 1414 626 1485 ἀγάλματα
648 1423 727 1481 rigna
751 1418 904 1483 appellavit,
931 1419 966 1481 Il,
992 1419 1032 1470 48.
1065 1411 1136 1466 Ἀνιὶ
1154 1415 1184 1469 δὲ
1202 1417 1334 1484 (peritiam,

206 1482 271 1533 etta
296 1500 350 1552 σφι
372 1481 430 1535 ἐστὶ
456 1485 616 1555 ἐξευρημένα
644 1481 739 1537 ‘o'aovaa
763 1488 884 1552 πηχυαῖα
906 1487 1082 1535 Arenata
1091 1489 1140 1535 TA
1164 1487 1335 1535 11ἘὶῬο-

204 1553 229 1599 Σ
236 1553 288 1599 ΠΛ
297 1556 321 1601 Σ
329 1554 394 1611 ΤΑ,
414 1551 448 1603 τὰ
466 1554 662 1622 περιφορέουσι
679 1549 748 1604 κατὰ
767 1553 860 1621 κώμας
878 1551 922 1603 rai
940 1557 1069 1620 γυναῖκες.
1101 1555 1137 1603 Et
1153 1554 1258 1603 Marcus
1278 1557 1334 1603 An-

205 1619 377 1682 toninnsVII,
395 1624 418 1674 3.
446 1619 607 1689 Σιγιλλιὲρια
624 1619 908 1689 υευροσπασυούμενσ,
928 1626 1007 1685 signa
1024 1638 1110 1687 parra
1128 1624 1217 1671 nervia
1233 1622 1333 1672 diaeta.

205 1687 309 1737 Glossae
328 1689 473 1740 Philoxeni:
501 1690 638 1755 Sigillari,
657 1687 871 1756 asapianaarom
890 1691 958 1754 qnod
975 1698 1042 1741 recte
1060 1690 1176 1740 emendat
1191 1691 1334 1755 popularis

206 1760 304 1819 nostor,
324 1773 429 1823 magnus
447 1759 603 1820 Gatakerus,
623 1758 778 1824 Sigillaria,
802 1756 1001 1824 νευρόσπαστα.
1036 1758 1101 1808 Vide
1119 1758 1192 1822 plura
1209 1759 1240 1807 ad
1263 1760 1332 1808 hanc

205 1839 256 1873 rem
275 1824 396 1876 facientia
413 1827 480 1893 apud
498 1827 602 1877 eundem
621 1827 649 1876 in
667 1826 953 1878 eximioCommentario
970 1827 1002 1877 ad
1019 1827 1184 1876 Antoninum.
1209 1825 1334 1876 Ceterum

206 1891 289 1943 facilis
307 1902 361 1943 erat
379 1894 539 1945 librariorum
557 1895 652 1960 lapsus,
671 1895 775 1960 lignum
793 1912 839 1961 pro
856 1900 976 1958 signnm3
994 1900 1024 1944 ut
1039 1895 1125 1960 Epist.
1137 1895 1172 1957 Π,
1191 1894 1215 1944 2.
1232 1911 1256 1945 v.
1271 1897 1331 1946 134.

206 1960 260 2023 „lit
278 1963 353 2026 signo
372 1964 441 2014 laeso
460 1979 513 2013 non
532 1966 651 2013 insanire
670 1963 812 2027 lagenaa“:
832 1963 910 2012 codex
927 1963 1060 2013 Leidensis
1079 1963 1153 2027 ligno
1171 1963 1256 2012 habet.
1286 1963 1332 2011 Sic

207 2033 233 2078 et
250 2029 322 2079 Ouid.
340 2033 425 2083 Amor.
444 2033 497 2094 III,
523 2034 546 2082 7.
571 2034 603 2093 [v.
624 2033 665 2094 15]
702 2029 843 2093 „Truncus
866 2035 938 2081 iners
961 2033 1048 2091 inani,
1071 2034 1171 2094 species
1188 2035 1214 2079 et
1231 2030 1333 2080 inutile

200 2098 339 2164 ‚signum‘e
358 2101 468 2164 scriptus
486 2100 565 2149 codex
582 2101 649 2163 apud
667 2099 810 2162 Heinsium,
829 2100 941 2163 lignum.
968 2099 1020 2154 Qui
1037 2098 1107 2148 locus
1125 2099 1201 2147 etiam
1220 2098 1251 2147 ob
1271 2114 1332 2147 sen·

208 2166 316 2217 tentiam
333 2168 393 2218 hnic
411 2175 497 2217 nostro
515 2168 587 2217 vaide
606 2169 738 2232 appositus
756 2172 802 2229 est,
820 2172 850 2217 nt
866 2173 892 2217 et
909 2167 973 2216 alter
990 2167 1092 2216 Metam.
1103 2167 1139 2226 II,
1158 2168 1217 2218 831.
1244 2166 1333 2228 „Ora-

207 2249 257 2300 σοι
276 2234 433 2299 duruerant,
450 2237 600 2300 signumque
618 2250 755 2300 ensangne
770 2235 901 2284 sedebat.“
932 2234 1015 2299 Signo
1034 2235 1101 2284 enim
1119 2234 1161 2284 hic
1179 2249 1333 2299 comparan-

207 2310 250 2351 tur
267 2303 389 2366 homines,
408 2305 456 2354 etsi
473 2304 514 2353 illi
531 2304 635 2353 minime
653 2302 941 2371 rsnpcannarovpivsp.

275 2372 315 2423 83.
352 2372 478 2438 Sapiens,
495 2373 597 2436 sitique
614 2374 782 2437 imperiosus]
817 2372 858 2420 Ita
874 2377 932 2436 post
950 2370 1101 2422 Lambinnm
1120 2386 1222 2433 omnes,
1245 2370 1331 2429 credo,

209 2436 334 2490 editiones
353 2441 481 2491 dederunt.
517 2442 551 2488 At
568 2440 740 2503 antiquiores,
759 2439 870 2488 Venetae
888 2444 913 2489 et
930 2439 1109 2495 Loscheriana‚
1124 2453 1182 2486 enm
1199 2438 1331 2502 plerisque

208 2504 351 2570 codicibus,
371 2525 400 2558 ex
418 2508 511 2558 nostrie
530 2513 716 2569 rememorem,
735 2523 783 2560 oux
800 2507 895 2557 hebent
912 2523 962 2557 non
981 2523 1050 2559 ann:
1077 2505 1225 2569 „Quisnam
1243 2509 1332 2567 igitar

208 2574 292 2624 liberi
312 2576 440 2643 Sapiens:
458 2577 569 2629 sitiam
587 2578 759 2641 imperiosas·
780 2574 860 2638 Quem
877 2590 962 2640 neqrae
975 2578 1128 2641 pauperies,
1146 2590 1231 2639 nepae
1248 2589 1331 2636 mom,

206 2658 256 2693 nec
274 2645 381 2694 vincula
401 2649 516 2705 terreni:
533 2642 698 2709 desponsare
716 2643 892 2709 crepidinibus,
912 2648 1078 2693 contemnere
1096 2643 1210 2691 honores
1222 2641 1331 2702 Fortis,-

208 2713 279 2760 etin
297 2728 325 2762 se
342 2716 399 2778 ipso
419 2718 489 2762 taine
507 2717 574 2762 teres
592 2717 671 2777 atque
688 2712 826 2772 rotundas,
853 2711 970 2760 Salerni
986 2710 1087 2775 nepesini
1102 2711 1191 2760 caleat
1207 2710 1332 2775 perleve

207 2784 327 2842 morari‚·
355 2781 386 2830 ln
410 2796 485 2845 qaam
508 2795 604 2830 manca
627 2782 685 2829 rnit
706 2795 809 2845 semper
825 2780 963 2839 sortnnaf·
997 2778 1164 2829 Rectissime:
1191 2779 1332 2828 nonenim

210 2846 265 2910 (lae
282 2848 323 2897 bic
341 2848 424 2898 locum
442 2847 530 2898 hebet:
551 2847 623 2911 quasi
640 2850 797 2913 imperiosus
814 2851 859 2896 sni
875 2848 940 2897 alius
958 2852 1023 2896 esset
1040 2862 1055 2895 a
1072 2849 1199 2910 sapiente.
1235 2847 1330 2903 Davus,

208 2914 355 2981 aOrispini
378 2916 487 2967 ianitore
511 2916 614 2978 doetus,
644 2915 785 2965 Stoicorum
811 2915 853 2965 hic
877 2916 1019 2965 doctrinam
1042 2914 1164 2978 sequitur.
1201 2912 1331 2975 Quisnam

210 2984 294 3034 liberi
321 2984 433 3051 Sapiens
450 2985 496 3035 ille
514 2982 632 3035 Stoicus:
660 2989 742 3032 cetera
766 2988 863 3043 autem,
882 2999 945 3048 quae
964 2987 1116 3047 sequuntur,
1134 2982 1275 3048 descriptio
1293 2987 1331 3031 cst

209 3052 353 3118 Sapientis,
378 3059 500 3117 qnantum
518 3052 549 3103 ad
568 3051 711 3101 libertatem
728 3051 797 3102 iliam
816 3052 917 3102 attinet.
949 3050 1066 3116 Sapiens,
1083 3051 1186 3114 inquit,
1206 3050 1276 3100 solue
1293 3056 1331 3099 est

208 3119 287 3171 liber:
316 3123 410 3186 quippe
429 3123 476 3186 qni
492 3120 642 3185 imperiosus
660 3121 723 3181 sibi,
743 3136 819 3185 qnam
838 3119 904 3170 nihil
922 3124 1007 3179 terret,
1026 3122 1074 3183 qni
1089 3118 1163 3167 iortis
1180 3133 1330 3184 responsare

210 3188 375 3253 cupidinibus
393 3194 439 3238 etc.
458 3189 619 3253 Imperiosa:
636 3194 719 3237 autem
737 3191 789 3238 sibi
805 3192 856 3249 cst,
883 3188 926 3252 qui
950 3188 1000 3236 sibi
1017 3186 1138 3250 imperat,
1164 3187 1209 3250 qui
1228 3187 1269 3236 sni
1286 3201 1329 3250 po·

209 3259 325 3306 testatem
343 3256 432 3318 babet,
459 3257 498 3306 vel
523 3256 568 3320 qui
592 3255 712 3305 sehabet
729 3257 756 3306 in
776 3262 909 3321 potestate.
944 3256 1038 3304 Seneca
1057 3254 1086 3303 de
1103 3252 1241 3304 Beneficiis
1259 3254 1288 3316 V,
1307 3255 1328 3304 7.

210 3325 236 3389 [ξ
255 3326 280 3386 5]
316 3324 416 3387 „Quem
435 3326 521 3388 inagis
539 3322 728 3386 admiraberis,
755 3339 836 3388 qinom
854 3324 898 3388 qni
915 3324 1024 3388 imperat
1041 3322 1104 3384 sibi,
1131 3337 1212 3386 qnam
1236 3324 1282 3387 qni
1305 3337 1329 3370 se

209 3391 285 3442 habet
302 3392 331 3441 in
348 3396 472 3459 potestate
479 3394 508 3441 l“
526 3390 595 3440 Idem
613 3392 698 3456 Epist.
708 3392 810 3442 LXXV.
830 3393 856 3457 [ξ
868 3394 909 3456 18]
927 3392 957 3441 da
976 3406 1071 3441 summo
1085 3391 1234 3453 Sapientiae
1251 3389 1330 3455 gradu

209 3460 328 3525 loquens,
355 3458 486 3523 „Quaeris
511 3474 578 3524 qnae
601 3463 656 3509 sint
672 3463 743 3514 isia?
769 3476 824 3511 non
843 3462 959 3511 nomines
978 3462 1082 3518 timere,
1106 3473 1159 3507 non
1179 3458 1258 3519 deas3
1284 3473 1330 3507 nec

210 3532 300 3595 turpia
319 3529 393 3592 aelle,
410 3544 459 3578 nee
475 3530 559 3578 nimia
565 3547 575 3590 ,-
593 3528 620 3577 in
639 3543 664 3578 se
682 3529 766 3592 ipsum
783 3527 874 3578 habero
892 3528 1024 3578 maximam
1040 3530 1206 3590 potestatem:
1225 3528 1330 3575 inaesti-

209 3598 306 3648 mabile
324 3598 420 3648 bannim
439 3601 478 3647 est
494 3612 565 3646 sunm
584 3595 664 3647 iieri.“
698 3596 783 3661 Epist.
801 3595 853 3645 XC.
874 3595 899 3662 [ξ
918 3598 960 3657 34]
988 3593 1197 3658 „Felicia-simam
1216 3610 1271 3643 esse
1288 3595 1331 3643 cai
1414 3640 1415 3647 ,

209 3665 339 3727 felicitate
362 3681 429 3731 apae
453 3680 508 3715 non
532 3670 584 3726 est,
610 3667 820 3730 potentissimam
839 3681 905 3726 esse,
932 3663 974 3727 qui
994 3679 1020 3712 se
1038 3661 1114 3711 habet
1131 3662 1159 3711 in
1178 3666 1329 3727 potestate.“

209 3736 259 3800 Ep.
277 3734 372 3784 XCIII.
398 3733 424 3800 [ξ
443 3735 468 3796 2]
504 3731 587 3794 „Cam
605 3735 711 3783 animas
728 3733 780 3781 sibi
795 3734 893 3782 bonnm
911 3746 988 3781 sitiam
1006 3729 1130 3790 reddidit,
1149 3735 1176 3779 et
1193 3730 1224 3780 nd
1243 3747 1269 3780 se
1286 3745 1329 3794 po·
1414 3744 1415 3775 1

210 3807 326 3853 testatem
337 3802 376 3852 sni
394 3801 557 3852 transtulit.“
584 3799 699 3851 Ceterum
711 3800 822 3850 dictione
841 3801 887 3849 hae
905 3804 1012 3849 utuntur
1030 3797 1124 3858 etalii,
1144 3797 1187 3847 sed
1205 3798 1328 3848 sententia

210 3871 323 3937 paullum
343 3870 454 3920 diversa:
480 3869 578 3919 Statius
597 3869 658 3919 silv.
677 3870 710 3930 II,
730 3872 751 3921 6,
772 3871 805 3931 [v.
826 3870 866 3931 16]
891 3868 922 3918 de
939 3867 1040 3917 Phileto
1058 3865 1141 3916 Flavii
1159 3865 1220 3915 Ursi
1239 3881 1328 3930 puero.

211 3955 261 4003 „na
279 3941 421 4004 comprime
440 3938 532 4000 fleins,
556 3935 598 3986 Ne
614 3937 730 4003 pudeat:
747 3941 857 4001 rumpat
878 3934 987 3995 tramae
1006 3934 1082 3984 dolor
1099 3937 1148 3982 iste
1166 3933 1285 3999 ideisque
1302 3932 1330 3983 Si
1414 3926 1415 3941 ¹

211 4012 265 4056 tam
284 4006 353 4056 clima
371 4005 487 4071 placenti
505 4006 635 4055 bominem
651 4008 736 4070 gemis
754 4005 807 4065 (liei
824 4003 997 4066 mititatis
1016 4003 1075 4066 lpse
1091 4002 1172 4063 faces)
1192 4003 1328 4061 bominem,

213 4072 284 4135 lirae,
304 4079 378 4123 tunm
396 4077 441 4123 cni
458 4073 534 4123 dulce
551 4073 651 4123 nolenti
666 4072 825 4135 Servitinm3
844 4074 889 4122 aui
907 4074 981 4121 triste
998 4072 1080 4132 nibil,
1099 4070 1142 4134 qui
1159 4074 1254 4135 sponte
1271 4069 1328 4119 sibi·

212 4157 259 4204 que
278 4142 431 4205 Imperiosus
456 4144 539 4192 sral.“
581 4141 660 4195 Quom
683 4141 779 4202 locum,
807 4139 871 4189 nulli
895 4140 1016 4189 hactenus
1041 4138 1210 4196 invllectum
1238 4137 1328 4186 frustra

213 4208 353 4257 sollicitant
376 4208 425 4257 viri
450 4207 603 4268 doctissimi,
629 4209 763 4259 Gerartius
786 4213 811 4257 et
834 4206 978 4258 Gronovius
996 4210 1076 4272 pater.
1111 4206 1226 4255 Excusat
1242 4219 1328 4268 nempe
