2810 4764
377 248 556 297 cucumim
576 251 642 298 LIB.
666 252 714 298 III.
731 248 754 297 5.
777 247 802 299 6.

122 380 228 460 Quam
251 380 279 447 si
301 381 449 448 clientum
471 383 569 468 longa
590 385 719 468 negotia

117 465 303 532 Diiudicata
324 467 380 532 lite
401 468 603 551 relinqueret,

72 562 104 613 55
163 552 312 618 Tendens
332 553 532 620 Venafranos
554 554 716 638 magras,

201 637 268 702 Aut
287 637 575 706 Lacedaemonium
597 642 780 707 Tarentum.

567 793 621 858 VI.

419 909 488 975 AD
510 910 764 978 ROMANOS.

114 1024 243 1092 Delicta
265 1023 421 1091 maiorum
442 1026 610 1094 inmeritus
630 1028 710 1106 lues,

113 1111 267 1188 Romane,
291 1109 391 1176 donec
412 1112 533 1198 templa
555 1113 701 1179 refeceris

159 1195 266 1262 Aedes
291 1215 331 1261 ue
353 1196 490 1263 labentis
512 1198 662 1276 Deorum,
687 1204 720 1264 et
787 1248 791 1254 .

202 1214 312 1345 Foeia
333 1280 426 1364 nigro
448 1281 619 1348 simulacra
640 1283 737 1348 fumo.

84 1365 178 1431 sDis
199 1370 231 1429 te
252 1364 408 1432 minorem
430 1366 517 1450 quod
538 1369 635 1448 geris,
656 1368 811 1453 imperas:

116 1449 201 1515 Hinc
223 1468 316 1517 omne
338 1451 538 1538 principium,
560 1453 623 1517 huc
643 1453 728 1519 refer
750 1453 879 1520 exitum.

157 1536 201 1599 Dt
222 1536 324 1601 multa
345 1536 483 1620 neglecti
506 1536 662 1603 dederunt

198 1620 375 1706 Hesperiae
395 1623 482 1688 mala
502 1623 676 1690 luctuosae.

111 1704 184 1768 Iam
205 1704 256 1771 bis
277 1707 434 1785 Moneses‚
457 1713 489 1773 et
509 1707 624 1775 Pacori
646 1727 760 1773 manus

69 1800 100 1851 10
114 1789 190 1854 Non
211 1790 395 1876 auspicatos
418 1792 561 1857 contudit
581 1792 719 1878 impetus

158 1873 302 1952 Nostros,
325 1884 357 1942 et
378 1876 535 1943 adiecisse
556 1877 710 1963 praedam

202 1961 385 2043 Torquibus
407 1961 532 2044 exiguis
554 1962 688 2028 renidet.

31 2149 51 2194 et
68 2144 106 2194 sio
127 2158 188 2194 sane
205 2144 267 2195 libri
284 2148 365 2197 nostri
383 2148 553 2210 Graecianus,
571 2148 740 2213 Reginensis,
758 2164 815 2198 cum
833 2151 953 2213 quattuor
971 2146 1037 2199 51115.
1072 2146 1152 2211 Atqui

31 2214 72 2262 noc
89 2227 169 2262 versu
186 2213 279 2264 abhinc
297 2218 386 2278 quarto
404 2220 582 2282 praecesserat,
599 2217 742 2281 „Interque
758 2221 904 2266 maerentes
921 2215 1047 2267 amicos.“
1074 2214 1152 2266 Recte

31 2282 204 2345 rrcpinquoa
221 2286 250 2332 ut
260 2281 339 2332 editio
348 2282 445 2336 Veneta
460 2300 517 2335 cum
529 2285 596 2336 bona
605 2282 893 2351 partemcmbranarum.
920 2281 1045 2335 Cicerode
1054 2282 1152 2333 Officiis

31 2349 44 2408 l,
56 2350 88 2401 13
109 2348 200 2413 [ξ39],
219 2365 292 2414 quem
309 2352 392 2401 locum
408 2353 532 2403 Horatius
550 2358 608 2403 ante
626 2353 713 2405 oculos
730 2352 831 2402 videtur
846 2351 980 2403 habuisse:
1006 2351 1151 2416 „Primum

31 2420 55 2465 et
70 2417 288 2483 cmittRegulns)
306 2422 425 2484 captives
443 2421 591 2472 reddendos
608 2437 663 2471 nen
682 2437 736 2470 csse
748 2423 776 2470 in
792 2419 894 2470 Senatu
911 2423 1029 2471 csmsuit:
1047 2419 1150 2484 deinde,

31 2499 83 2533 nam
96 2485 301 2537 retineretnrab
313 2488 401 2537 amicis
411 2489 603 2554 etpropinquis‚
622 2488 658 2539 ad
673 2488 834 2554 supplicium
851 2489 942 2541 redire.
950 2489 1054 2551 maluit,
1071 2503 1152 2553 quam

31 2551 104 2601 idem
124 2551 197 2602 hosti
213 2554 306 2604 datam
322 2555 446 2615 fallere.“
479 2557 548 2607 Idem
567 2557 597 2607 de
614 2556 736 2607 Amicitia
753 2557 824 2607 512.
844 2556 923 2621 [Ml]
957 2557 1054 2620 „Hunc
1072 2558 1152 2606 etiam

34 2620 73 2669 Ti.
86 2620 243 2686 Gracchum)
261 2629 438 2688 postmortem
456 2628 541 2675 secati
557 2625 669 2675 amiciet
681 2623 827 2689 propinqui,
846 2624 912 2690 quid
924 2628 953 2673 in
964 2625 992 2676 Ρ.
1000 2623 1151 2688 Scipionem

31 2688 186 2753 effecerunt,
202 2693 260 2740 sine
270 2690 388 2741 lacrimis
398 2707 451 2742 nen
461 2708 528 2758 queo
537 2693 651 2743 dicere.“
669 2691 846 2748 Quintilianus
855 2692 925 2743 Decl.
936 2691 980 2742 VI.
992 2692 1071 2755 [VIII.
1079 2707 1101 2741 c.
1109 2694 1151 2754 11]

32 2756 161 2815 ‚Pessime
178 2757 210 2808 de
227 2763 275 2808 tua
291 2757 400 2819 feritate
416 2762 548 2825 sentinare,
566 2764 591 2811 si
607 2764 635 2811 in
654 2776 820 2826 quacumque
830 2758 884 2821 filii
892 2762 1033 2811 curatione
1041 2774 1096 2810 non
1105 2759 1152 2810 od-

31 2824 132 2874 tibersa
140 2826 306 2891 propinquos,
324 2842 377 2878 men
387 2830 570 2894 interrogares
578 2830 699 2879 amicos.“
723 2826 845 2879 Itaalibi
862 2827 930 2880 haud
948 2828 1024 2878 semel
1034 2844 1064 2879 ea
1076 2827 1152 2879 verba

32 2909 67 2941 un
107 2896 179 2942 ntur.

68 2909 139 3013 Β10.
157 2959 220 3010 Non
238 2964 389 3026 auspicatos
407 2963 529 3015 contudit
551 2967 664 3030 turpatus
681 2962 805 3025 Nostros]
824 2962 946 3014 Scabrum
971 2962 1086 3028 profecto
1103 2964 1151 3014 lroc

31 3032 67 3090 st,
87 3031 278 3094 inauspicatos
295 3032 408 3095 impetus
425 3037 544 3095 nastros,
568 3036 593 3082 et
610 3032 723 3097 pedestri
740 3031 865 3094 orationi,
891 3046 965 3095 quam
983 3032 1098 3093 carmini,
1117 3032 1152 3082 si-

31 3096 122 3146 nilins.
160 3096 210 3147 Vix
227 3096 378 3147 crediderim
401 3096 432 3149 ab
449 3099 559 3149 Horatio
581 3100 723 3164 proiectum
749 3114 810 3149 esse.
845 3100 876 3149 In
893 3100 1025 3151 Prisciano
1048 3115 1075 3164 p.
1092 3100 1151 3151 891.

31 3164 68 3213 rbi
86 3165 160 3214 lrunc
180 3165 333 3216 versiculum
350 3165 462 3231 adducit,
480 3168 517 3217 sic
535 3166 611 3217 hodie
628 3167 731 3230 legitur,
749 3166 953 3233 „inauspicatos
964 3167 1088 3217 contudit
1103 3169 1152 3217 im·

31 3238 102 3282 retus
121 3233 252 3283 Nostris.“
274 3234 327 3285 -Sed
345 3234 372 3285 in
391 3234 496 3297 duobus,
515 3251 577 3300 qnos
594 3236 700 3297 versari,
719 3232 850 3285 codicibus
867 3234 904 3284 ibi
922 3250 1021 3299 quoque
1040 3232 1153 3287 Nostros

31 3300 152 3350 labetur:
179 3301 207 3350 irr
225 3303 302 3352 tertio
320 3307 418 3365 tamen,
443 3319 521 3368 eoque
539 3304 711 3353 vetustissimo
728 3307 754 3353 et
771 3319 785 3353 0
806 3303 882 3364 timo,
900 3300 1016 3367 Nostris,
1034 3306 1059 3354 et
1075 3319 1153 3370 supra

31 3369 192 3419 mandatum
208 3369 329 3421 Nostros.
365 3372 420 3420 lmo
442 3387 502 3421 vero
525 3372 665 3422 rectissime
690 3370 765 3422 habet
810 3373 902 3434 ostris,
929 3386 989 3420 casn
1006 3369 1107 3435 datiro',
1125 3376 1155 3423 ut

31 3439 105 3487 term.
117 3436 189 3499 11,7,
203 3440 240 3489 15.
260 3443 420 3503 „postquam
437 3438 479 3489 illi
497 3441 568 3489 iusta
586 3441 720 3504 cheragra
729 3437 852 3489 Contudit
869 3439 1023 3490 articulos.“
1046 3438 1154 3492 Nostris

31 3510 110 3555 ,utem
132 3505 180 3554 hoc
199 3509 244 3567 est,
262 3504 405 3557 tiemonis:
442 3512 471 3557 ut
488 3507 584 3571 passim
600 3505 727 3557 Historici
740 3507 839 3568 Latini,
857 3505 902 3556 nbi
920 3506 949 3556 de
968 3507 1027 3558 Suis
1044 3508 1153 3574 loquun-

32 3590 71 3622 ur.
99 3572 207 3623 Hirtius
223 3573 296 3624 Bello
314 3574 414 3625 Gallico
431 3574 504 3638 VIII,
515 3578 554 3627 10.
578 3575 672 3640 „Quae
689 3591 731 3626 res
749 3576 799 3625 etsi
814 3573 947 3625 mediocre
965 3575 1152 3628 detrimentum

31 3642 131 3691 <osefis
150 3641 308 3704 offerebat·“
326 3647 351 3693 et
370 3641 409 3694 18.
445 3644 566 3706 „Nostri‚
585 3643 725 3710 cupieram
743 3644 858 3692 doenum
876 3644 1001 3708 consilio,
1025 3645 1061 3694 ad
1076 3660 1154 3711 prce·

31 3709 151 3760 iunctum
170 3712 260 3760 anime
280 3715 359 3776 atque
378 3714 461 3762 omnis
475 3713 594 3777 parati.‘·
619 3712 718 3762 Poteris
736 3711 811 3761 etiam
829 3710 913 3776 legere
929 3717 1095 3772 nostrerum
1113 3711 1153 3762 id·

31 3793 68 3841 ¹ue
88 3776 201 3827 fortasse
218 3778 323 3830 melius:
342 3777 421 3844 „Non
439 3783 590 3846 auspicatos
606 3779 729 3830 contudit
740 3781 853 3844 impetus
861 3778 1019 3841 Nostrorum,
1038 3779 1152 3830 515515-

31 3848 90 3895 isse
108 3845 267 3912 praedam.“
302 3846 419 3913 Impetus
436 3853 605 3908 nostrorum
623 3852 653 3898 ut
669 3847 760 3898 iisdem
778 3845 860 3897 verbis
878 3845 970 3897 Caesar
986 3847 1057 3898 Bello
1076 3846 1152 3897 civili

32 3915 112 3976 1,25.
141 3912 252 3979 „Neque
260 3929 323 3964 cero
329 3916 579 3981 primumimpetum
591 3914 735 3966 nostrorum
743 3914 878 3966 Numidas
890 3913 962 3976 ferre
974 3916 1150 3980 potuerunt‘:

33 3980 168 4031 tibidcm
185 3984 226 4033 41.
260 3981 416 4046 „Numidae
440 3986 542 4049 integri
568 3984 704 4035 celeritate
729 3984 852 4051 impetum
874 3987 1018 4033 nostrorum
1042 3982 1152 4047 eflugie-

34 4052 118 4102 ant.“
132 4050 169 4099 Et
180 4050 228 4112 111,
239 4051 280 4102 51.
296 4048 406 4117 „Neque
415 4067 477 4103 cero
488 4057 656 4118 conspectum
667 4057 716 4104 eut
723 4053 845 4120 impetum
854 4056 997 4102 nostrornm
1006 4049 1151 4101 tulerunt.“

31 4119 62 4167 :ic
84 4122 115 4168 et
134 4117 197 4168 alibi
214 4119 270 4183 ipse
287 4120 390 4184 aliique.
416 4119 489 4172 Certe
505 4122 552 4172 hac
571 4122 728 4171 correctione
746 4126 772 4172 et
783 4120 866 4172 verbis
881 4123 906 4171 et
918 4118 1059 4170 sententiae
1072 4134 1151 4170 novus

31 4187 88 4238 ltcr
109 4186 217 4239 accedit.
