2840 4762
245 217 287 276 44
634 225 665 285 q.
687 224 828 272 noasnu
849 222 973 271 susem

330 360 465 438 vitabis,
488 357 730 444 strepitumque,
753 364 786 422 et
807 357 940 422 celerem
964 355 1057 440 sequi

329 446 475 513 Aiacem:
498 450 614 520 tamen,
636 442 700 508 heu
723 461 824 516 serus,
846 441 1011 507 adulteros

285 544 316 595 20
416 529 520 595 Oriuis
542 529 673 613 pulvere
695 525 837 592 collines.

328 616 399 680 Non
421 613 625 691 Laertiaden,
646 612 779 678 exitium
801 618 876 676 tuae

330 699 539 787 Gentisnou
561 697 688 783 Pylium
709 699 847 775 Nestora
868 695 1024 782 respicis?

330 787 477 866 Urguent
498 781 640 870 inpavidi
662 788 694 847 te
716 780 911 847 Salaminius

414 871 613 951 Teucerque
634 874 667 931 et
689 866 861 932 Sthenelus
884 865 990 931 sciens

285 967 316 1018 25
331 957 480 1036 Pugnae3
504 955 571 1019 sive
593 972 676 1038 opus
698 958 748 1017 est
770 950 953 1037 imperitare
975 950 1078 1033 equis,

328 1040 401 1104 Non
424 1038 538 1121 auriga
559 1037 661 1123 piger.
706 1035 868 1105 Merionen
890 1054 1019 1118 quoque

329 1126 462 1190 Nosces.
500 1142 573 1188 eece
596 1121 673 1186 lmit
694 1126 726 1187 te
747 1120 887 1206 reperire
909 1128 1001 1185 atrox

413 1207 556 1293 Tydides
578 1205 691 1272 melior
711 1213 820 1293 patre:

311 1395 351 1445 21.
379 1391 442 1443 Non
460 1391 625 1443 Laertiaden
649 1394 761 1442 anilium
789 1395 851 1441 luae
871 1386 971 1452 Gentis]
989 1389 1050 1439 Tres
1067 1387 1201 1438 Blaudinii
1218 1388 1289 1455 apud
1306 1389 1368 1438 Cru-

243 1462 339 1526 quium‚
358 1460 515 1525 totidemque
531 1459 668 1520 Lambini,
691 1462 782 1523 genti:
812 1457 930 1524 quodque
947 1457 1058 1523 emplius
1075 1462 1129 1518 est,
1154 1456 1369 1521 praestantissimi

241 1530 292 1579 mei
315 1528 415 1579 codices
433 1528 590 1578 Graeviauus
614 1533 640 1578 et
656 1527 809 1592 Reginensis
832 1526 913 1590 clare,
939 1523 1019 1590 „Non
1037 1524 1216 1589 Ladtiadcn,
1242 1524 1368 1576 excidium

243 1602 304 1647 terne
321 1595 426 1646 Genti.“
460 1595 606 1646 decidium
629 1596 706 1645 etiam
729 1595 758 1645 in
781 1611 828 1644 suo
851 1593 952 1645 invenit
973 1592 1115 1644 Fabricius.
1151 1593 1218 1643 Sane
1241 1593 1369 1658 quaelibet
1398 1652 1399 1657 Ἰ

241 1681 272 1714 ex
288 1663 329 1714 his
345 1662 500 1714 lectionibus
516 1662 598 1728 proba
614 1668 660 1725 est,
679 1663 732 1713 sive
750 1662 945 1713 velisUuilium
960 1665 1056 1727 gentis,
1075 1659 1262 1710 siveEnilium
1276 1664 1369 1726 gessii·

241 1748 285 1782 seu
302 1731 448 1782 decidium
463 1734 548 1796 genti,
566 1731 619 1781 sive
628 1731 773 1781 decidium
788 1732 884 1796 genita.
901 1731 983 1780 Poeta
999 1733 1071 1779 vetus
1088 1728 1156 1794 apud
1173 1727 1324 1779 Ciceronem
1342 1728 1369 1778 de

241 1799 359 1862 Divin.l‚
378 1801 417 1851 21.
443 1798 474 1849 do
491 1798 583 1849 Paride
606 1799 728 1864 loquens,
752 1797 840 1860 ‚dium
859 1814 913 1848 erse
931 1800 1044 1848 callium
1065 1796 1170 1860 Troiae,
1187 1803 1288 1863 perlem
1306 1798 1368 1848 Per-

239 1871 348 1933 gamei*
374 1867 488 1917 Velleius
505 1868 603 1919 Patere.
613 1868 648 1930 11,
659 1869 699 1919 30.
726 1865 871 1930 „Romanis
888 1870 988 1916 certam
1005 1867 1156 1927 uictoriam,
1173 1866 1299 1930 partilem
1315 1867 1369 1914 suu

241 1934 384 1998 cenidium,
401 1936 454 1983 ribi
466 1937 646 2000 turpissimam
655 1940 774 2002 mertem,
791 1937 905 2000 pessimo
916 1937 1070 1984 alectoravit
1085 1933 1235 1994 facinere.“
1262 1932 1367 1983 Plautus

240 2002 386 2065 Bacch.IV,
398 2005 422 2064 9,
436 2004 476 2054 20.
508 2002 680 2067 „Uenidium
699 2003 820 2064 anilium,
839 2002 977 2052 exlecebra
995 2001 1043 2063 fiet
1060 2001 1103 2050 lie
1121 2016 1203 2065 equus
1212 2000 1292 2051 leodic
1301 2016 1368 2051 aure

239 2072 336 2121 saunf‘
353 2076 379 2120 et
395 2071 483 2136 paullo
492 2076 552 2135 post
563 2071 624 2123 131:
642 2069 735 2135 „Scioi
743 2085 791 2134 ego
801 2069 956 2119 iamdudum
968 2068 1028 2128 fore
1038 2085 1079 2118 ene
1089 2070 1202 2118 euitim
1211 2068 1368 2134 Pergamos*

239 2138 362 2189 Manilius
378 2138 424 2189 lib.
435 2139 455 2199 I,
466 2141 523 2191 506.
541 2136 633 2203 „Qcaol
641 2143 701 2203 posi
710 2138 845 2187 eaee'diurn
859 2136 956 2187 Troiae
972 2142 1036 2187 eruet
1048 2138 1126 2186 eruta
1135 2138 1258 2200 regnad‘
1276 2137 1368 2202 virgil.

239 2208 330 2272 Eelog.
340 2208 388 2272 ΙΙΙ,
398 2209 455 2258 101.
474 2207 563 2270 „idem
571 2222 648 2256 arnor
656 2209 769 2256 escilimn
780 2212 817 2254 erl
826 2209 920 2270 pecori
926 2207 1082 2272 pecorisque
1090 2206 1248 2269 magulrof‘
1265 2205 1367 2255 Etden.

239 2277 274 2337 ΙΙ,
288 2277 343 2328 190.
369 2273 457 2340 „Tum
474 2289 602 2340 magnum
611 2277 723 2324 anitium
741 2274 825 2338 (quod
841 2270 874 2323 di
886 2278 963 2337 prius
973 2288 1049 2322 omen
1061 2275 1090 2323 in
1100 2275 1187 2337 ipsum
1196 2270 1366 2334 Conuerlanll

238 2344 343 2394 Mami
366 2346 479 2408 irnperio
503 2344 709 2409 Phrygibusque
729 2340 882 2402 fulrrrumf‘
916 2339 1019 2390 arridet
1045 2345 1129 2390 tamen
1156 2355 1218 2407 prae
1243 2340 1305 2390 aliis
1332 2356 1365 2401 es,

240 2427 303 2478 quae
330 2417 356 2461 et
377 2411 464 2477 plures
481 2410 639 2460 membranas
667 2414 693 2460 et
717 2407 842 2459 editiones
869 2408 944 2458 credo
968 2424 1054 2458 omnes
1077 2409 1227 2473 occupavit,
1255 2412 1366 2459 cecilium

237 2480 344 2545 gentis.-
361 2482 533 2543 praecesserat
550 2477 618 2528 enim
633 2479 713 2543 genti
728 2492 802 2527 versu
818 2476 962 2527 undecimo.
990 2475 1080 2526 Cicero
1098 2476 1129 2526 de
1142 2476 1365 2542 aruspRespous

239 2562 261 2597 o.
280 2548 303 2597 4.
338 2546 449 2610 „Scipio
467 2550 548 2595 natur
564 2547 632 2594 milri
648 2545 754 2595 videtur
773 2545 810 2596 ad
826 2547 965 2595 interilum
982 2547 1146 2610 exiliumque
1165 2543 1364 2609 Cartbaginirf‘

240 2615 337 2664 seneca
354 2612 481 2663 consolat.
500 2612 533 2661 ad
549 2611 672 2661 Marciam
690 2628 712 2664 c.
732 2615 770 2663 17.
805 2613 972 2679 „dionysius
989 2612 1035 2661 ille
1053 2618 1200 2678 tyrannus,
1228 2612 1365 2671 liderlalir,

239 2682 373 2743 iustitiae,
399 2679 488 2744 legum
511 2681 650 2729 anilium.“
677 2679 784 2729 Ovidius
801 2681 904 2730 Metam.
920 2680 995 2741 XIII,
1016 2682 1073 2732 500.
1110 2679 1251 2743 „Eritium
1274 2679 1365 2731 Troiae

239 2749 377 2811 nostrique
394 2748 504 2796 orbarer
515 2746 658 2796 Achilles.“
692 2748 808 2813 Sulpicia
825 2747 852 2797 in
871 2748 958 2798 Satira
974 2750 1016 2811 57,
1041 2746 1265 2810 „Romulidarum
1284 2752 1366 2813 igilur

240 2815 322 2878 longa
340 2820 366 2864 el
381 2816 476 2879 gravis
494 2816 605 2863 cultilem
622 2817 706 2879 pau.“
736 2817 833 2866 Seneca
848 2816 960 2866 Hercule
977 2816 1026 2865 lnr.
1044 2817 1102 2867 358.
1137 2815 1294 2879 ‚Quidnam
1312 2819 1365 2877 ule,

240 2883 329 2932 nostri
342 2884 450 2947 generis
475 2884 588 2931 exitium
612 2896 645 2932 ac
662 2882 755 2932 lues?“
782 2884 818 2933 Et
836 2883 926 2934 Troad.
946 2885 1002 2936 893.
1029 2883 1120 2947 „Quos
1137 2883 1238 2934 Helena
1264 2885 1364 2946 secuml,

241 2951 333 3017 perlis,
351 2951 472 3013 cecilium,
491 2949 547 2998 lues
567 2946 708 3015 Utriusque
724 2952 848 3016 popelli“

308 3018 347 3069 24.
377 3015 527 3081 Teucerque
545 3017 728 3081 etSldenelue]
747 3018 922 3068 Vemstissimi
939 3018 1033 3083 quique
1050 3017 1122 3080 libri,
1144 3016 1245 3069 Teucer
1255 3024 1284 3069 et
1293 3019 1363 3071 Sue

239 3085 323 3150 uelur,
340 3084 420 3135 etsie
438 3083 563 3134 editiones
580 3085 688 3150 priseae,
706 3085 804 3136 Veneta
822 3092 847 3136 et
863 3086 995 3137 Loscheri.
1022 3086 1075 3136 alii
1091 3085 1200 3148 codices,
1224 3084 1364 3138 Terecerle

239 3154 395 3215 Sllrcnelur5
413 3151 480 3218 qnod
498 3152 627 3217 amplexae
645 3159 706 3203 sunt
721 3159 781 3218 post
798 3153 952 3204 Lambinum
970 3154 1097 3205 editiones
1114 3153 1259 3220 pleraeque.
1298 3155 1365 3207 Unus

237 3220 313 3272 modo
335 3236 366 3270 ex
392 3218 454 3269 meis
479 3219 552 3284 isque
584 3220 697 3271 omnium
727 3222 930 3284 recentissimus,
962 3221 1114 3289 Teucerque
1145 3227 1171 3272 el
1203 3223 1280 3286 Sile,
1317 3223 1364 3274 nisi

237 3288 305 3354 qnod
328 3288 357 3337 in
374 3287 514 3353 Regdnensi
539 3303 570 3337 ex
593 3288 673 3353 spatii
690 3286 867 3353 magnitudine
890 3290 960 3340 inter
980 3286 1080 3341 Teucer
1097 3296 1124 3340 et
1141 3295 1174 3351 el,
1193 3290 1313 3370 suspicio
1331 3297 1365 3341 est

240 3371 291 3473 pue
308 3371 361 3405 esse
379 3370 484 3405 erasum.
520 3356 599 3419 Atqui
616 3356 764 3406 Torrentius
782 3357 891 3407 affirmat
924 3374 951 3407 se
977 3358 1006 3406 in
1025 3358 1143 3408 omnibus
1167 3358 1221 3408 suis
1239 3359 1364 3409 sevenisse

264 3437 392 3486 eucerque
409 3427 442 3476 el.
478 3421 528 3472 Sed
550 3423 637 3473 nullus
663 3422 766 3486 dubito,
793 3424 855 3490 quin
873 3426 1038 3492 'lypograpbi
1061 3426 1103 3476 cul
1123 3441 1139 3476 a
1162 3426 1211 3488 sit,
1235 3432 1315 3492 etque
1331 3426 1365 3477 ibi

244 3488 344 3540 Teucer
367 3495 394 3540 el
416 3490 451 3540 sit
472 3491 653 3555 reponendum.
689 3491 831 3557 Utcumque
854 3492 946 3554 luerit,
965 3510 995 3543 ea
1016 3443 1162 3560 probabilis
1186 3509 1247 3544 sane
1265 3495 1365 3545 videtur

239 3556 325 3620 lectio,
343 3556 465 3623 „Urgent
481 3558 605 3622 inpavidi
622 3564 647 3608 le
664 3557 828 3609 Salaminiae
849 3559 1000 3626 Teucerque
1017 3568 1045 3612 et
1062 3562 1228 3613 Sllrenelur.“
1263 3558 1365 3629 Quippe

240 3626 262 3677 si
280 3624 394 3687 (linisset,
416 3623 452 3674 Te
469 3623 622 3689 Sthenelus,
646 3642 699 3676 non
716 3627 807 3693 utique
832 3628 927 3693 plurali
952 3642 1056 3681 numero
1079 3629 1245 3696 protulisset,
1266 3629 1365 3696 Urgent

239 3692 377 3759 impavidi.
413 3691 565 3743 Amatenim
581 3697 668 3744 noster
685 3693 761 3744 etiam
777 3701 837 3760 post
854 3696 941 3761 plures
958 3697 1129 3748 nominativos
1147 3697 1260 3749 Verbum
1278 3697 1365 3764 singu·

237 3763 291 3814 lare
308 3772 416 3826 ponere:
434 3763 464 3809 ut
482 3759 563 3811 Germ.
574 3760 618 3820 IV,
637 3763 676 3822 14,
686 3764 727 3814 4¹.
746 3762 938 3829 quodepprime
956 3765 1005 3814 hnc
1016 3765 1147 3816 convenit:
1166 3766 1223 3828 „Te
1234 3764 1366 3817 Cantaber

239 3845 294 3881 non
318 3833 380 3877 aule
403 3826 543 3877 domabilis
560 3826 703 3894 Medusque
726 3835 752 3880 el
767 3830 863 3894 Indus,
894 3837 919 3880 le
938 3832 1075 3898 profugus
1099 3833 1210 3898 Scythes
1228 3832 1365 3884 Miratur.“

236 3897 289 3949 vid
301 3912 362 3946 enos
375 3894 408 3944 ad
420 3893 532 3954 Carml,
542 3895 575 3946 24
597 3911 653 3945 vers
668 3897 690 3948 8.
708 3896 784 3947 Recte
795 3898 878 3962 igitur
888 3897 1037 3965 Persemque
1049 3906 1075 3951 el
1086 3901 1240 3963 Sthenelum
1258 3906 1290 3951 ut
1298 3908 1363 3952 uter

238 3981 286 4032 que
297 3962 374 4015 simul
380 3978 437 4012 eum
445 3977 534 4027 urgere
549 3961 740 4027 intelligentnr3
757 3971 833 4029 atque
843 3965 901 4016 ideo
915 3966 943 4016 in
958 3968 1054 4033 plurali
1068 3970 1185 4020 efferatur
1197 3969 1304 4020 verbum
1318 3968 1365 4022 Ur·

238 4039 310 4100 gent.
330 4031 361 4080 Id
370 4045 469 4094 quoque
479 4028 611 4079 observavi
627 4030 655 4079 in
664 4030 795 4082 codicibus
806 4033 918 4100 scriptis,
936 4035 982 4085 ubi
990 4034 1092 4101 duplex,
1109 4042 1140 4086 ut
1150 4036 1201 4100 hic,
1216 4035 1365 4089 coniunctio

239 4105 284 4160 est,
303 4099 408 4150 alteram
416 4096 564 4162 plerumque
583 4112 598 4146 a
614 4095 736 4148 librariis
753 4101 847 4163 omitti,
865 4100 975 4153 simodo
984 4118 1070 4153 versus
1085 4118 1202 4155 mensure
1217 4103 1245 4153 id
1253 4105 1312 4156 deri

238 4168 326 4219 tiatur.
345 4163 424 4216 Sieui
432 4169 516 4214 temen
529 4163 564 4214 Te
573 4162 799 4231 Sthenelurmsgis
805 4167 929 4219 arrideat:
944 4170 1060 4234 equidem
1066 4188 1117 4222 non
1124 4171 1196 4222 valdo
1205 4188 1324 4239 repugna
1357 4212 1365 4229 .
