2842 4758
214 247 277 311 394
607 260 638 344 o.
659 260 801 309 nussum
820 261 944 310 snsccr

257 398 329 464 oUt
350 394 496 481 plerique
517 394 630 473 solent,
651 411 731 460 naso
753 393 925 482 suspendis
945 394 1070 461 adunco

279 482 421 562 Ignotos,
444 486 479 545 ut
499 498 551 544 ure
572 478 718 546 libertino
741 488 831 566 patre
852 486 973 545 natum.

281 565 362 630 Cum
384 565 502 631 reterre
523 584 634 646 negas,
656 565 745 647 quali
767 564 809 631 sit
829 565 965 649 quisque
986 572 1118 651 parente

280 652 394 726 Natus,
417 650 493 715 dum
513 648 688 730 ingenuus:
712 650 887 734 persuades
908 650 969 715 hoo
989 649 1047 715 tibi
1067 669 1152 727 vere,

280 736 363 800 Ante
384 739 573 820 potestatem
594 734 682 798 Tulli
702 740 800 817 atque
821 734 962 816 lgnobile
981 754 1125 816 regnum,

239 833 269 882 10
283 820 399 886 Multos
422 837 519 903 saepe
540 818 626 884 viros
647 818 743 885 nullis
766 819 940 884 maioribus
961 825 1048 897 ortos

280 906 322 970 Et
342 904 462 970 vixisse
482 904 609 988 probos,
630 903 746 1053 cupis
768 908 801 971 et
820 903 993 970 bonoribus
1014 909 1145 971 auctos:
1176 945 1179 950 ι

283 990 410 1065 Contra,
432 986 618 1066 Laevinum,
640 990 689 1053 Va
702 995 748 1054 eri
769 1008 882 1072 genus,
909 988 993 1054 unde
1014 989 1179 1075 Superbus

281 1073 475 1156 Tarquinius
498 1091 596 1155 reguo
618 1073 731 1172 pulsus
754 1072 847 1155 fugit,
870 1073 964 1139 unius
984 1073 1069 1140 assis

286 1161 358 1224 Nou
380 1177 531 1240 umquam
553 1164 654 1243 pretio
675 1157 777 1243 pluris
798 1157 937 1235 licuisse,
958 1164 1087 1224 notante
1160 1238 1163 1244 .

242 1258 270 1308 15
287 1243 405 1321 Iudice,
429 1262 492 1324 quo
514 1241 608 1316 nosti,
630 1243 764 1329 populor
787 1242 843 1326 qui
865 1243 981 1308 stultus
1001 1243 1137 1309 honores

243 1391 244 1394 ,
283 1330 387 1414 Saepe
406 1327 465 1392 dat
485 1326 636 1409 indiguis,
658 1334 691 1393 et
712 1328 817 1394 famae
839 1327 937 1394 servit
956 1328 1100 1412 ineptus;

505 1444 529 1479 v.
548 1429 587 1480 13.
605 1428 679 1494 Vulg.
698 1427 769 1479 rara
812 1432 850 1481 15.
869 1427 951 1491 Qumis
967 1432 1045 1479 norb.

222 1550 250 1599 in
274 1547 366 1612 quibus
389 1545 517 1596 veterrimi
540 1544 590 1596 duo
613 1545 747 1596 Leidensis
770 1550 797 1598 et
818 1547 983 1612 Regiueusis,
1009 1549 1201 1613 imperitarent.
1234 1547 1292 1596 Est
1316 1551 1347 1597 et

222 1616 298 1667 tertia
314 1615 403 1677 lectio,
428 1629 490 1678 quae
507 1613 536 1664 iu
553 1629 604 1663 uuo
621 1615 770 1665 Bersmanni
788 1614 917 1680 alteroque
934 1615 1072 1666 Pulmauni
1088 1619 1171 1676 extat,
1196 1617 1348 1680 impertiu-

221 1689 293 1736 rrmt.
327 1683 412 1747 Legor
437 1679 512 1745 „Neo
535 1681 607 1746 quod
623 1697 689 1731 auru
707 1683 756 1732 tibi
771 1688 910 1733 maternus
926 1684 982 1744 sitit
998 1688 1077 1748 utque
1093 1688 1234 1748 patarum,
1268 1682 1346 1732 otim

219 1755 269 1818 qui
291 1753 397 1815 magnis
421 1749 568 1814 legionibus
592 1749 793 1814 imperitarent.“
827 1751 925 1816 Nempe
947 1753 976 1802 in
999 1752 1046 1801 heo
1063 1756 1089 1800 et
1106 1751 1186 1801 simili
1202 1749 1346 1803 locutione

220 1819 286 1870 rest
303 1819 357 1884 qui,
375 1817 497 1868 Fuerunt
513 1820 567 1882 qai,
584 1822 690 1883 uterque
708 1818 810 1882 quidem
826 1819 914 1868 modus
932 1823 982 1869 tam
1000 1819 1163 1880 indicativus,
1181 1833 1256 1883 quam
1278 1818 1347 1867 sub·

222 1887 350 1938 iunctirus
368 1885 524 1945 admittitur3
549 1889 647 1951 tempus
665 1901 723 1937 vero
745 1885 919 1952 imperfectum
937 1888 965 1937 in
983 1892 1104 1951 utroque,
1121 1891 1151 1937 ut
1167 1885 1234 1951 apud
1253 1883 1346 1935 bonos

223 1956 366 2020 Scriptores
384 1954 478 2019 passim
500 1952 654 2005 observabis.
690 1953 792 2003 Sallust.
811 1952 865 2003 (lat.
881 1954 981 2006 XXIII.
1006 1953 1092 2018 [XXII
1108 1954 1200 2020 princ]
1234 1954 1347 2014 „Fuere

223 2040 253 2074 cu
272 2026 437 2088 tempestate,
455 2020 499 2084 qui
517 2020 630 2072 dicerent
648 2019 791 2072 Catilinam
796 2023 823 2085 ,“
841 2026 888 2073 eto.
922 2022 1015 2072 Noster
1030 2022 1115 2087 Epist.
1132 2023 1171 2086 11,
1190 2023 1214 2073 2.
1231 2036 1256 2072 r.
1281 2024 1347 2074 128.

223 2091 301 2155 „Fuit
325 2089 398 2140 troad
421 2088 546 2154 ignobilis
569 2089 664 2154 Argis,
691 2089 743 2145 Qui
765 2106 792 2139 ss
815 2090 933 2140 credebat
956 2093 1039 2141 miros
1062 2090 1157 2141 audire
1175 2089 1346 2153 tragoedos,-

225 2157 316 2210 Cstsra
334 2157 379 2223 qni
397 2159 467 2206 uitus
484 2160 593 2206 seruaret
609 2158 703 2206 morata
720 2162 792 2207 recto
810 2156 903 2221 More;
925 2159 1008 2208 bonus
1024 2174 1088 2208 saus
1106 2159 1215 2221 uicinus,
1233 2159 1347 2208 amabi-

224 2227 257 2277 b's
274 2228 374 2291 bospss,
392 2223 478 2275 Cumis
495 2226 525 2274 in
541 2229 765 2288 recompenset
782 2226 827 2290 qui
844 2228 982 2291 ignoscere
998 2227 1108 2277 serub.“

293 2296 333 2345 13.
370 2291 532 2357 Tarquinius
549 2307 633 2357 regno
648 2292 742 2356 pulsus
759 2293 824 2356 suit]
854 2294 895 2343 lte
911 2293 973 2343 libri
990 2297 1015 2343 et
1032 2293 1093 2343 olim
1110 2293 1174 2344 editi
1190 2296 1215 2343 et
1232 2294 1347 2357 nuperi.

223 2362 360 2412 Enimvero
382 2360 504 2425 indignor
526 2364 565 2410 tot
588 2359 699 2410 eruditos
723 2361 877 2426 Interprotes
894 2361 1028 2412 lectionem
1045 2376 1129 2411 veram
1152 2362 1180 2411 iu
1203 2359 1345 2412 codicibus

223 2429 278 2480 suis
295 2430 423 2479 inventam
441 2434 492 2478 tam
509 2427 626 2493 imperite
644 2429 774 2493 sprevisse.
808 2429 848 2478 lla
866 2429 902 2481 sio
919 2428 1010 2490 habet3
1034 2428 1160 2494 „Contu-u,
1178 2427 1344 2493 Luscinum,

225 2495 323 2549 Valeri
334 2511 427 2560 genus,
444 2495 515 2546 ands
532 2496 661 2561 superbus
676 2494 839 2560 Tarquinius
853 2512 936 2561 regno
947 2497 1035 2562 pulsus
1052 2497 1127 2562 lugu,
1145 2498 1224 2546 onius
1241 2498 1346 2560 osmf‘

221 2570 272 2616 eto.
298 2565 373 2615 Hune
396 2565 424 2613 in
448 2567 568 2627 quattuor
584 2563 687 2628 optimis
705 2563 849 2614 Blandiuiis
867 2563 1006 2631 Cruquius,
1030 2565 1058 2614 iu
1076 2565 1129 2614 suis
1146 2564 1245 2629 aliquot
1260 2564 1348 2613 Lam-

225 2635 301 2684 binus
318 2634 536 2696 Bersmannusque
550 2636 711 2696 repererunt:
738 2647 832 2697 nosque
850 2632 939 2682 itidem
955 2633 984 2682 iu
1001 2633 1135 2683 vetermmo
1152 2631 1288 2693 Leidensi,
1317 2639 1347 2682 et

224 2700 284 2750 aliis
307 2698 418 2763 (luobus,
443 2703 468 2749 et
493 2715 540 2764 pro
562 2699 633 2749 uaria
655 2699 764 2749 lectione
786 2699 815 2748 in
838 2700 1037 2764 Magduleneusi.
1055 2701 1174 2757 ,Quanto
1196 2700 1256 2759 hoc,
1284 2700 1346 2750 nisi
1412 2722 1413 2731 ¹

222 2769 300 2833 plane
318 2766 470 2832 desipimus,
488 2766 629 2831 elegantius
648 2768 798 2832 pleniusque
816 2767 861 2817 illo
878 2768 972 2830 altero,
989 2768 1055 2834 quod
1073 2769 1194 2818 hactenus
1211 2766 1345 2818 editiones

223 2835 377 2899 occuparit?
406 2835 437 2885 Id
461 2834 555 2896 solum,
578 2835 666 2896 credo,
689 2835 722 2885 ad
744 2836 954 2900 corrumpendum
970 2836 1054 2887 locum
1071 2836 1201 2886 Librarios
1219 2835 1343 2899 impulit;

226 2903 296 2982 quod
309 2901 392 2982 [digit
409 2903 547 2967 praeterito
563 2906 675 2983 tempore
694 2909 719 2953 et
735 2903 819 2983 priore
837 2903 933 2969 syllaba
949 2904 1124 2970 producturi
1141 2902 1280 2954 sententies
1295 2902 1343 2983 bio

224 2969 1344 3109 retttllt‘ttt‘;‚tttt..³¹¹.:¹t.t.¹‚¹¹¹;¹btttt⁶{tutettltlt:

222 3110 392 3175 praecinctos
407 3106 545 3172 postmodo
568 3107 642 3171 pulsa
664 3107 758 3171 lugit.“
793 3106 884 3171 Virgil.
902 3111 964 3157 Aen.
982 3108 1038 3173 III,
1057 3110 1113 3159 121.
1145 3107 1247 3171 „Fumo
1264 3106 1344 3157 volat

226 3175 328 3240 pulsum
350 3177 441 3239 regnis
464 3174 568 3225 cessisse
590 3178 710 3240 parma
732 3173 872 3225 Idomenea
894 3175 1014 3227 ducem.“
1047 3175 1132 3237 Idem,
1155 3176 1183 3225 iu
1200 3174 1342 3226 credatis

225 3245 279 3306 (11,
297 3244 354 3305 351:
380 3241 480 3305 „Coissa
503 3247 530 3292 et
551 3242 583 3293 ob
607 3258 640 3293 ra
661 3248 716 3293 tum
741 3242 809 3307 pulsi
832 3242 929 3307 liquere
947 3248 1055 3308 penula
1076 3242 1218 3309 Tarquinis·
1233 3245 1343 3309 patrios

226 3310 299 3372 filius
316 3315 396 3374 atquo
411 3310 515 3375 puter.“
549 3311 612 3360 dan.
658 3311 679 3371 1,
696 3311 754 3363 366.
789 3310 877 3374 „Pons
894 3313 1010 3374 animos,
1035 3318 1063 3362 at
1077 3311 1165 3378 pulsus
1182 3311 1252 3363 abi.“
1286 3311 1341 3361 La·

224 3377 337 3428 stantius
354 3378 380 3439 I,
401 3379 441 3429 13.
466 3379 492 3443 [5
511 3379 536 3439 6]
570 3376 722 3439 ,stimimm
744 3393 826 3429 seuero
844 3378 986 3444 (Saturnus)
1011 3395 1028 3430 a
1045 3385 1139 3430 tuusne
1155 3378 1237 3441 facile
1253 3381 1342 3430 oictru

227 3451 272 3506 est,
291 3461 323 3495 ac
340 3445 469 3510 spoliatus
493 3448 612 3510 imperto.
646 3446 726 3511 Fugit
742 3448 829 3510 igitur
846 3446 979 3511 expulsus,
1003 3453 1029 3497 st
1051 3450 1079 3496 tn
1097 3447 1204 3498 ltaliam
1227 3449 1340 3511 navigio

227 3514 323 3564 oenit.“
357 3513 394 3563 Et
411 3528 468 3562 mox
485 3513 512 3579 [p'
532 3516 587 3576 10]:
606 3512 749 3576 „Censetur
767 3515 866 3579 aliquis
884 3514 961 3564 deum
979 3531 1040 3577 esse,
1059 3518 1107 3581 qui
1121 3514 1209 3580 pulsus
1227 3519 1274 3577 ast,
1293 3516 1343 3579 qui

226 3581 303 3646 fugit,
321 3583 372 3646 qui
388 3580 501 3631 lubuitb‘
525 3581 597 3632 Orid.
615 3582 716 3633 Metam.
734 3580 791 3642 VII,
810 3583 868 3633 roo.
904 3582 999 3645 „Pulsa
1016 3582 1084 3647 fugit
1100 3585 1214 3633 mades:
1241 3584 1342 3633 obsunt

222 3649 367 3717 pallorque
383 3650 527 3714 mboquef‘
560 3650 631 3700 Haeo
648 3648 749 3714 quidem
766 3650 849 3700 nitida
866 3655 939 3712 suut,
962 3650 1032 3701 cultu
1048 3655 1123 3715 sunt,
1149 3655 1174 3701 et
1192 3650 1340 3701 auctoribus

226 3718 280 3769 suis
297 3717 389 3782 dIgna:
407 3722 435 3766 at
451 3716 582 3782 vulgatum
599 3717 664 3768 illud
679 3716 772 3783 pulsus
788 3716 850 3780 sctit,
869 3733 943 3782 quum
960 3718 1028 3769 iners
1045 3722 1071 3769 et
1088 3718 1257 3784 languidum?

1409 3444 1413 3577 l

1388 3748 1391 3752 Α

297 3789 337 3840 15.
371 3783 504 3848 Notaretur,
522 3785 626 3849 ludios,
644 3800 720 3851 quern
737 3787 821 3847 norb,
842 3786 953 3852 populo]
988 3787 1029 3836 Ita
1044 3802 1114 3836 nuno
1131 3787 1225 3852 passim
1243 3786 1341 3837 editum
1412 3836 1413 3839 ,

226 3853 352 3919 reperies;
370 3868 427 3904 oum
444 3857 527 3903 tamen
545 3859 571 3904 et
586 3857 700 3904 vetustae
709 3852 851 3915 Editioues,
869 3858 895 3904 et
907 3854 1029 3919 quioquid
1047 3870 1152 3919 usquam
1169 3861 1207 3905 est
1223 3854 1341 3905 codicum

226 3937 302 3972 manu
320 3921 480 3986 scriptorum,
497 3922 535 3972 sio
552 3921 620 3972 claro
638 3921 781 3983 exhibeant,
799 3920 915 3983 „ludica
933 3937 983 3995 quo
994 3925 1073 3986 norb,
1088 3922 1198 3988 populo,
1216 3925 1263 3988 qui
1274 3921 1340 3972 stul·

228 3995 270 4040 tus
288 3990 427 4051 bonorso,“
452 3993 499 4040 eto.
533 3989 591 4040 Hoc
613 3994 681 4041 certe
698 3988 729 4039 de
746 3988 862 4040 omnibus
880 3989 932 4040 suis
949 3990 1098 4056 praedicant
1114 3990 1254 4055 quuius,
1279 3989 1340 4040 Pul-

226 4072 348 4119 mannus‚
374 4058 558 4118 Burmannus,
584 4057 796 4122 Torrentiusque3
822 4057 870 4107 hoo
893 4057 921 4106 in
945 4058 1008 4109 mois
1031 4058 1154 4109 universis
1179 4059 1270 4125 reperi.
1305 4058 1340 4108 ut

228 4124 376 4175 Torrentius
393 4123 494 4190 quidem
512 4123 687 4191 (lruquiusque
703 4124 812 4176 libenter
836 4125 902 4175 hano
919 4125 1053 4176 lectionem
1071 4126 1225 4191 reciperunt3
1250 4126 1273 4176 si
1296 4141 1341 4193 per

228 4192 453 4256 interrogationem
470 4193 594 4255 silentur,
612 4192 718 4244 Iudice:
742 4195 812 4257 neor
834 4194 921 4243 nosti:
937 4194 1051 4260 populo:
1069 4194 1109 4245 rel
1126 4196 1174 4245 hoo
1191 4195 1280 4246 modo:
1298 4194 1342 4244 Iu·
