2818 4758
189 225 249 285 110
575 237 607 298 q.
629 237 771 285 11111111
791 237 915 285 runem

311 369 478 450 Proderit,
500 372 606 449 arbos,
627 370 662 435 in
683 377 836 456 nepotum

353 455 540 534 Pemiciem,
562 456 832 541 opprobriumque
854 454 949 540 pagi;

241 542 365 607 illlum
388 547 421 606 et
440 540 583 626 parentis
606 540 794 607 crediderim
817 541 868 605 sni

269 625 421 707 Fregisse
443 626 607 702 cervicem,
631 632 663 691 et
683 625 862 711 penetralia

313 710 479 796 Sparsisse
501 717 655 775 nocturno
677 729 789 775 cruore

355 794 518 880 Hospitis:
541 795 596 861 ille
618 814 745 861 venena
767 792 896 871 Colcha,

523 930 546 962 v.
565 914 588 965 8.
606 912 682 976 ang.
702 912 833 964 Colchica.

183 1047 288 1108 nefasto
318 1053 343 1098 te
373 1050 469 1114 posuit
490 1047 532 1097 die
550 1045 715 1111 Quicumque
729 1049 856 1111 primum,
874 1051 901 1096 et
915 1045 1050 1111 sacrilega
1066 1060 1150 1095 mauu
1166 1042 1308 1107 studuerit,

183 1118 278 1179 arbos,
304 1119 334 1166 iu
357 1120 484 1180 nepotum
501 1116 646 1164 Perniciem
669 1115 895 1179 opprobriumque
909 1117 993 1179 pugi:
1029 1113 1109 1164 Illum
1136 1118 1163 1163 et
1185 1114 1308 1177 parentis

184 1184 343 1235 crediderim
360 1186 405 1233 sui
420 1182 544 1246 Fregisse
561 1183 714 1231 cervicem.“
750 1182 791 1231 Ita
808 1198 894 1231 omnes
911 1181 1006 1245 ubique
1023 1181 1099 1244 libri‘,
1124 1186 1150 1230 et
1172 1180 1264 1244 scripti
1281 1182 1307 1229 ct

183 1251 260 1310 editi;
284 1251 333 1302 ltte
357 1256 383 1301 et
404 1250 525 1312 nefasto:
549 1265 632 1313 neque
656 1248 730 1299 aliter
753 1249 829 1299 hodie
853 1249 922 1316 apud
944 1249 1092 1300 Diomedem
1109 1248 1307 1300 Grammaticum

181 1324 290 1370 veterem
307 1335 332 1384 p.
351 1320 409 1371 523.
445 1322 607 1381 Quocumque
624 1321 708 1367 tamen
725 1321 751 1366 te
773 1322 869 1380 vertas,
887 1317 986 1367 nullum
1002 1319 1030 1367 in
1047 1317 1089 1366 his
1106 1316 1189 1366 verbis
1207 1319 1307 1365 senten·

181 1388 233 1437 tiae
251 1387 347 1436 exitum
364 1386 487 1435 invenias.
524 1385 582 1434 Sive
606 1385 673 1434 enim
696 1385 745 1434 hoc
762 1385 837 1434 modo
854 1386 1026 1435 construxeris
1043 1384 1133 1447 verba,
1156 1383 1224 1449 „lile
1250 1385 1307 1448 qui-

182 1470 294 1519 cumque
315 1457 433 1519 primum
448 1456 541 1518 posuit
558 1457 583 1502 te
599 1452 704 1513 nefasto
728 1452 772 1502 die
788 1456 855 1504 etc.“
879 1453 947 1503 nihil
970 1452 1096 1517 reliquum
1119 1452 1169 1502 erit
1195 1467 1245 1516 quo
1262 1450 1307 1501 ille

180 1523 323 1588 pertineat:
342 1522 402 1583 sive,
420 1525 450 1570 ut
466 1519 542 1585 vulgo
560 1519 652 1584 solent,
668 1520 834 1583 ordinaveris,
857 1521 924 1584 „lile
941 1523 1074 1587 etposuit
1091 1520 1237 1581 1111111111
1255 1518 1306 1582 die,
1349 1550 1352 1555 ·

182 1593 340 1655 quicumque
357 1590 507 1654 primum“;
525 1588 594 1652 quid,
614 1587 727 1650 obsecro,
745 1589 803 1650 erit,
821 1605 871 1654 quc
889 1589 1014 1639 referatur
1031 1590 1208 1653 quicumque?
1242 1584 1306 1636 Sub·

181 1657 342 1717 audiendum,
360 1657 490 1721 inquiunt,
505 1659 614 1721 posuit.-
631 1656 676 1706 ille
690 1660 785 1721 posuit
800 1662 825 1708 te
842 1656 941 1706 nefasto
958 1657 1008 1719 die,
1026 1657 1178 1720 quicumque
1195 1655 1306 1718 primum

178 1727 278 1792 posuit.
313 1724 384 1786 Vah,
401 1728 430 1774 ut
447 1727 606 1773 execraretur
623 1729 674 1773 tam
691 1724 819 1774 inficetum
833 1724 1022 1793 ,stribliginem
1046 1725 1068 1773 si
1086 1724 1118 1773 ad
1134 1724 1206 1772 vivos
1224 1721 1306 1771 redire

180 1796 267 1858 posset
277 1791 415 1841 Horatiusl
442 1791 511 1847 Quid
528 1806 656 1841 moramur
671 1792 700 1840 in
710 1792 886 1857 redarguenda
892 1791 1028 1842 barbariei
1046 1792 1110 1856 lege,
1128 1795 1157 1840 ut
1172 1790 1307 1851 edidimus,

180 1861 288 1923 „Illum,
306 1875 329 1922 o,
348 1860 452 1921 uetusto
471 1864 496 1909 te
512 1861 603 1924 posuit
619 1859 663 1909 dic
681 1858 845 1925 Quicumque
858 1864 992 1926 primum,
1010 1864 1057 1910 etc.
1092 1858 1170 1908 Illum
1184 1860 1306 1924 parentis
1393 1925 1394 1928 Ἴ

180 1928 340 1980 crediderim
357 1930 402 1977 sui
418 1926 541 1992 magere
558 1928 711 1978 ceruicern.“
745 1929 810 1990 Iam,
827 1930 927 1994 opinor,
945 1927 1062 1993 agnoscis
1071 1927 1177 1977 Horatii
1185 1927 1303 1990 genium:

180 1997 242 2062 quid
259 1996 326 2046 enim
344 1996 452 2057 clarius,
475 1995 625 2056 rotundius,
649 1996 733 2045 acrias
750 1995 803 2045 dici
820 1997 921 2060 possiti
955 1996 1086 2060 Repetitio
1102 1996 1152 2044 rori
1171 1994 1248 2045 illum
1265 1994 1304 2043 in-

180 2064 357 2130 dignationem
374 2067 501 2124 ostentat,
526 2067 555 2112 ut
572 2062 660 2128 paullo
677 2063 760 2128 inira,
784 2063 837 2125 „Te
862 2068 937 2114 triste
962 2065 1079 2128 liguum,
1102 2067 1128 2111 te
1146 2062 1305 2113 caducum.“

178 2136 263 2197 Atque
281 2132 342 2182 haec
359 2132 432 2197 prius
450 2134 634 2181 commentatus
645 2146 720 2193 eram,
738 2147 814 2195 quam
832 2133 991 2196 sagacissimi
1003 2132 1060 2181 Nic.
1071 2130 1175 2180 Heinsii
1192 2130 1305 2180 codicem

178 2205 269 2251 nactus
286 2216 379 2250 essem:
404 2199 449 2249 ubi
472 2214 530 2249 cum
553 2214 650 2248 summa
666 2199 798 2264 voluptate
816 2201 929 2266 comperi
945 2201 1106 2251 coniecturae
1130 2202 1232 2248 nostrae
1250 2202 1305 2247 tan·

178 2272 233 2319 tum
249 2268 332 2318 virum
350 2267 475 2317 accedere.
509 2266 588 2330 Legit
605 2267 681 2328 enim,
700 2267 780 2317 illum
798 2268 952 2329 1111111111.
988 2268 1103 2331 Optime;
1127 2270 1304 2332 praeterquam

177 2337 246 2401 quod
262 2352 315 2386 uon
325 2335 419 2385 viderit
436 2351 494 2385 cum
510 2334 557 2384 illo
576 2339 603 2384 et
618 2335 738 2399 languere
750 2337 917 2397 sententiam,
936 2340 961 2386 et
978 2335 1121 2385 necessario
1130 2335 1304 2399 reponendum

177 2421 238 2468 esse,
259 2405 288 2469 0,
305 2403 373 2468 quod
390 2418 508 2467 magnam
525 2403 577 2453 vim
594 2408 620 2452 et
637 2404 804 2453 acrimoniam
822 2405 934 2454 orationi
951 2403 1074 2468 impertit.

246 2473 338 2524 11111
359 2487 459 2521 oeneus
480 2469 602 2521 Colchica
619 2469 657 2519 Et
678 2471 808 2536 quicquid
828 2476 951 2538 usquam]
976 2474 1017 2521 Ita
1040 2471 1178 2532 editiones,
1203 2470 1303 2533 opinor,

177 2556 279 2598 omnes,
298 2543 324 2589 et
340 2540 422 2589 maior
437 2553 497 2603 pars
514 2537 724 2599 membranarum,
744 2538 883 2590 Colchica:
901 2545 927 2590 et
944 2540 981 2590 sic
998 2543 1085 2589 noster
1101 2536 1164 2587 alibi
1180 2538 1264 2602 Hpod.
1278 2539 1302 2598 5,

176 2604 660 2670 24,,1111111111111111111111111111ιι
687 2607 723 2655 Et
744 2609 783 2669 11,
802 2609 842 2660 35.
878 2606 972 2671 „Cales
990 2610 1097 2657 venenis
1114 2604 1227 2667 officina
1245 2604 1302 2654 Col·

176 2675 284 2726 chicis.“
310 2673 360 2723 Sed
378 2673 440 2736 quid
457 2687 522 2736 opus
539 2676 585 2733 est,
604 2677 633 2722 ut
649 2672 746 2738 syllaba
762 2675 855 2724 ultima
871 2675 904 2725 ad
921 2680 1067 2739 sequentem
1084 2689 1182 2724 versum
1199 2673 1302 2723 reiicia·

176 2742 237 2792 tur?
255 2756 313 2791 oum
329 2741 394 2805 pari,
413 2742 436 2789 si
453 2756 504 2789 non
522 2740 625 2801 maiore,
642 2741 768 2806 elegantia
785 2743 869 2792 dicere
885 2745 972 2807 potuit
990 2742 1098 2792 Venena
1117 2740 1261 2792 Colcha.-
1277 2745 1303 2790 et

176 2812 215 2861 sic
233 2814 301 2859 certe
318 2807 484 2857 vetustissimi
502 2806 607 2858 Codices
625 2807 732 2874 Cruquii
750 2815 776 2860 et
793 2811 914 2872 aliorum,
931 2816 960 2860 ut
978 2816 1052 2861 etex
1068 2810 1163 2860 nostris
1182 2808 1302 2859 Graevia·

176 2894 225 2927 nus
243 2882 269 2926 et
287 2876 373 2927 Galei:
391 2875 543 2940 Baginensis
562 2892 619 2926 vero
639 2875 762 2940 Colchis,
787 2882 818 2927 ut
835 2883 861 2928 et
877 2895 943 2928 unus
960 2878 1123 2936 Bersmanni;
1148 2878 1214 2927 unde
1232 2892 1303 2926 error

175 2945 277 2995 videtur
293 2944 403 3008 primum
421 2959 558 2995 emanasse.
597 2943 694 2996 Colcha
711 2960 808 2995 venena
830 2962 877 3011 pro
897 2946 1036 3008 colchicu3
1060 2950 1090 2995 ut
1106 2944 1193 2995 Marsi
1210 2944 1301 3008 duelli,

175 3013 246 3064 11111
264 3012 352 3076 caele,
370 3011 601 3076 Mauretanias,
625 3012 655 3062 de
674 3030 724 3078 quo
742 3014 799 3063 vide
817 3030 865 3063 nos
883 3014 916 3064 ad
933 3012 1015 3063 Carm.
1033 3015 1054 3078 I,
1073 3015 1114 3073 22,
1133 3015 1156 3065 2.
1193 3014 1301 3077 Proper·

175 3082 228 3130 tius
245 3081 294 3142 ΠΙ,
313 3083 337 3133 1.
356 3082 473 3144 [111,21,
497 3083 537 3144 11]
556 3079 669 3146 „Tuque
691 3087 738 3131 luc
756 3081 877 3131 Colchum
899 3082 1036 3147 propellas
1058 3083 1160 3145 remige
1176 3081 1301 3130 11111111.α

174 3150 214 3199 nti
233 3165 263 3199 ex
279 3150 353 3200 libris
371 3149 474 3214 scriptis
492 3148 573 3198 edidit
591 3148 795 3212 elegantissimus
812 3150 1001 3210 Broukhusius,
1026 3165 1083 3199 cum
1100 3152 1175 3197 antea
1193 3147 1302 3197 ferretur

177 3215 310 3267 Colchum:
337 3222 412 3282 atque
426 3217 493 3266 idem
517 3219 548 3266 ad
566 3218 680 3280 Propert.
704 3218 726 3278 I,
747 3220 768 3268 1.
804 3219 835 3280 [1,
856 3220 895 3279 11,
914 3220 956 3279 30]
983 3217 1075 3282 probat
1098 3216 1139 3265 hic
1157 3216 1209 3265 loci
1233 3215 1301 3280 apud

174 3283 311 3334 Horatium
331 3285 443 3348 Colcha,
462 3288 488 3335 et
505 3283 597 3333 Ovidio
614 3284 641 3333 in
658 3283 762 3333 Metam.
780 3285 839 3349 Vll,
857 3287 915 3337 394.
951 3284 1023 3349 „Sed
1036 3289 1180 3351 postquam
1198 3281 1300 3332 Colchis

175 3355 245 3400 arsit
270 3367 340 3402 mooe
362 3358 449 3417 nupta
473 3351 602 3400 venenis.“
644 3349 691 3400 Cui
715 3352 792 3403 addas
817 3358 842 3402 et
867 3354 1014 3416 sequentia,
1037 3353 1140 3402 Metam.
1159 3350 1239 3412 XIII,
1258 3352 1299 3402 24,

173 3417 338 3483 „Litoraque
347 3421 460 3469 iurauit
468 3420 610 3482 Pagasaea
622 3416 717 3469 Colcha
735 3422 856 3471 carinr.“
889 3421 995 3471 Heroid.
1013 3419 1056 3471 VI.
1075 3422 1108 3482 [v.
1129 3421 1186 3481 131]
1205 3419 1301 3482 „Hunc

174 3492 277 3549 tamen,
304 3486 457 3546 ademeris,
485 3485 636 3550 Colchisque
654 3487 742 3538 ublate
764 3489 894 3539 venenis.“
928 3492 954 3537 11
969 3487 1039 3538 XVI.
1059 3490 1090 3549 [v
1109 3489 1169 3549 346]
1196 3484 1300 3549 „Luem

173 3570 222 3605 uec
246 3559 285 3603 cst
302 3553 396 3603 Colcha
416 3552 540 3604 Thessala
565 3559 639 3603 terra
664 3557 773 3608 mauu.“
807 3560 891 3608 Amor.
909 3556 964 3618 III,
989 3558 1013 3607 3.
1056 3556 1139 3617 [Pont.
1158 3555 1186 3615 I,
1205 3555 1234 3615 3,
1255 3556 1297 3616 16]

173 3621 252 3687 „Quo
270 3621 344 3683 duee,
364 3620 554 3671 trabeColchas
566 3637 646 3672 sacra
663 3626 786 3673 cucurrit
797 3640 890 3690 aquus.
916 3625 985 3674 Fast.
1003 3623 1053 3685 111,
1072 3624 1129 3675 816.
1157 3621 1300 3684 „Pervenit

172 3689 645 3740 11011111111111111111111111111(
680 3691 801 3741 Sidonius
819 3691 900 3743 Carm.
911 3691 1010 3741 XXIII.
1029 3692 1088 3743 214.
1124 3688 1196 3754 „Qui
1213 3692 1299 3740 iactos

172 3774 254 3824 cuper
277 3772 344 3808 eruc
361 3756 456 3808 Colcha
482 3758 571 3807 deuter
594 3757 742 3823 Expavitf‘
775 3760 904 3809 Martialis
926 3759 992 3820 XII,
1019 3761 1059 3810 51.
1085 3761 1117 3821 [1.
1130 3759 1178 3820 ,11]
1214 3755 1298 3821 „Cum

171 3832 243 3876 secta
260 3825 356 3876 Colcho
375 3825 439 3874 luna
456 3825 571 3890 vapulat
587 3827 724 3879 111111ιό1.α
757 3827 803 3876 ubi
820 3843 952 3893 perperam
969 3827 1026 3876 Nic.
1040 3826 1163 3876 Heinsius
1180 3823 1214 3873 ad
1223 3823 1308 3874 Ovid'

171 3894 241 3943 Fest.
259 3896 295 3955 11,
313 3895 372 3946 575.
397 3892 524 3957 corrigere
540 3893 612 3943 iubet
629 3893 645 3943 1
652 3894 729 3945 olec
747 3896 864 3945 rhombo.
899 3895 976 3946 Dolet
993 3894 1120 3958 insignem
1137 3892 1227 3942 Virum
1245 3908 1296 3942 non

171 3962 311 4012 attendisse
337 3961 369 4012 ad
397 3961 548 4025 analogiam.
592 3961 715 4025 Regionis
738 3979 830 4013 nomen
856 3967 896 4014 est
921 3962 1028 4025 0111111,
1057 3962 1117 4012 inde
1142 3960 1297 4010 adiectivnm

171 4030 267 4092 gentile
292 4028 418 4091 Colchus,
442 4033 467 4078 et
489 4030 657 4093 possessivum
684 4030 838 4095 colchicum
861 4032 898 4081 sic
922 4030 953 4080 ab
979 4031 1059 4081 liclia
1083 4029 1180 4095 gentile
1203 4027 1296 4092 Italus,

171 4098 341 4162 possessivum
365 4097 492 4159 Italicum
516 4101 542 4146 et
566 4097 602 4147 sic
626 4096 677 4147 alia
703 4104 830 4150 sexcenta
869 4101 923 4149 Iam
946 4099 974 4149 id
996 4098 1079 4164 poetis
1103 4096 1243 4159 familiare,
1267 4099 1296 4146 ut

171 4164 281 4231 gentilia
297 4180 345 4229 pro
361 4164 510 4229 possessivis
526 4170 665 4230 usurpent,
684 4167 750 4229 sive,
768 4171 798 4217 nt
816 4167 908 4218 Graeci
926 4166 1024 4230 dicunt,
1042 4161 1140 4217 ἐθνικὰ
1158 4159 1220 4216 ἀντὶ
1236 4163 1295 4215 τῶν
