2810 4764
361 293 541 342 CARlssNUM
561 294 628 341 LIB.
643 295 693 342 111.
709 290 733 341 9.
757 290 795 340 10.

74 426 208 494 alludis
231 448 294 511 quo
317 427 453 513 strepitu
474 428 581 507 ianua,
604 444 668 511 quo
690 448 803 495 nemus

105 515 191 579 Inter
211 513 346 600 pulchra
368 519 473 578 satum
494 519 578 579 tecta
599 514 780 596 remugiat?

106 597 213 666 Sentis
236 605 268 665 et
290 597 414 683 positas
436 604 472 664 ut
492 597 611 682 glaciet
630 597 721 665 nives

275 716 297 749 v.
315 703 341 753 6.
357 699 432 766 Vulg.
451 699 545 752 Situm.
579 703 602 752 7.
619 700 755 764 Remugiat
773 699 873 751 Ventis.

34 835 159 885 interdum
176 835 305 900 proiectus
321 834 418 886 humi.“
437 839 463 885 et
478 835 523 886 lib.
541 834 599 885 vlt.
619 837 651 898 [v.
667 837 727 898 269]
745 833 822 898 ,θηα
838 850 920 901 super
937 838 1065 886 instratos
1082 850 1141 900 pro·

34 908 103 952 ectus
120 902 234 967 gramine
251 903 335 967 campi
347 902 481 954 Presserat
497 909 558 954 aute
576 902 961 968 11111119111111.Χ7.[1.169]
987 903 1141 967 „Straroiae

34 971 150 1021 treiectus
173 970 242 1021 duro
263 973 368 1036 patiere
384 973 432 1021 sati
451 974 532 1021 astris
549 971 684 1022 Iasamaes
700 976 805 1035 mactes,
828 971 970 1036 stigsuqrre
990 971 1141 1037 famemque

34 1038 165 1089 lamatis.“
184 1037 450 1104 Virgil.aea.XI,8'l.
469 1039 623 1103 „Sternitur
639 1045 666 1089 et
684 1043 738 1089 tato
755 1040 885 1104 proiectus
896 1054 1008 1105 corpore
1026 1042 1139 1091 terrae.“

34 1108 118 1156 itatius
134 1106 213 1159 Theb.
223 1108 244 1170 I,
256 1107 314 1159 367.
332 1108 394 1171 „iiio
412 1113 488 1158 artus
504 1109 585 1158 imbri
601 1112 730 1172 reamque
746 1110 863 1171 rigemea
880 1108 1003 1168 Proicit,
1020 1111 1140 1172 motae·

33 1190 71 1239 rue
94 1176 205 1226 accliais
226 1176 347 1241 pastibus
369 1175 448 1226 aulae
471 1176 571 1226 Invitat
596 1180 685 1226 tenaces
703 1174 740 1225 ad
762 1174 832 1225 dara
849 1176 950 1226 cubilia
966 1178 1097 1226 somnos.“
1114 1179 1140 1227 et

33 1248 112 1294 terum
128 1260 152 1293 v.
170 1244 228 1295 587.
255 1243 356 1307 „aaut
378 1259 441 1294 uam
469 1246 566 1308 cespite
590 1249 678 1294 terrae
695 1243 840 1293 Proiectum
865 1248 975 1304 tudere,
1003 1250 1029 1294 et
1044 1243 1138 1310 patulo

33 1311 122 1362 iactam
140 1327 187 1362 are
205 1311 378 1362 trabeatem.“
411 1310 475 1361 Vide
493 1326 557 1375 quae
575 1311 686 1362 dicemus
704 1311 736 1361 ed
752 1311 835 1377 Epod.
854 1310 886 1361 X.
905 1328 927 1360 v.
946 1312 986 1363 22.

86 1382 113 1434 6.
129 1380 204 1430 luter
220 1379 335 1445 paleira
352 1382 433 1429 situm
451 1382 529 1441 tecta]
548 1378 635 1429 Situm
648 1377 742 1429 babent
751 1379 886 1430 Editiones
902 1379 1033 1445 principes
1042 1379 1140 1430 Veneta

35 1450 46 1496 t
61 1446 197 1498 Loscheri:
215 1448 283 1497 unde
300 1448 328 1497 in
346 1447 509 1513 sequentibus
527 1447 610 1498 lacum
628 1446 704 1498 semel
720 1463 861 1513 possessum
880 1448 971 1497 tenuit.
997 1447 1140 1498 Memorant

33 1515 121 1579 Quidem
137 1516 292 1579 interpretes
310 1531 336 1565 se
360 1516 387 1565 in
405 1515 536 1565 nonnullis
554 1514 685 1565 codicibus
702 1520 803 1579 satum,
827 1532 879 1566 non
904 1518 985 1565 situm
1000 1514 1138 1580 reperisse:

33 1582 62 1632 ed
79 1598 109 1633 ea
126 1599 188 1645 vox,
211 1587 242 1632 ut
258 1583 342 1633 variae
359 1583 481 1633 lectiones
499 1599 545 1649 pro
562 1583 633 1634 vario
651 1588 729 1648 captu
747 1583 877 1633 hominum
895 1583 1139 1633 11111111οηὶ11-

33 1666 72 1712 ar,
92 1655 177 1716 spreta
195 1655 221 1700 11
238 1651 331 1701 reiecta
348 1657 393 1701 est.
427 1652 468 1700 Ex
485 1652 579 1701 nostris
597 1651 730 1702 Leidensis
746 1653 908 1712 veterrimus,
928 1651 1014 1711 (talei,
1039 1649 1141 1701 colber-

32 1718 102 1780 iaus,
127 1722 153 1768 et
170 1734 185 1768 a
201 1733 278 1768 manu
295 1719 405 1769 secunda
422 1720 579 1770 Graecianus
603 1726 745 1784 agnoscunt
762 1719 863 1770 Satum.
898 1722 982 1784 Atque
1000 1719 1038 1767 ita
1055 1722 1138 1785 Aaron

32 1785 102 1837 ditus
119 1790 145 1836 et
162 1786 358 1852 manuscriptus,
377 1787 468 1851 „later
486 1794 554 1837 taeta
572 1796 655 1839 satum
672 1803 764 1838 amares
781 1787 941 1837 viridarium
953 1787 1043 1836 atcer‘
1060 1789 1139 1837 Porro

32 1870 82 1906 ano
100 1853 237 1905 lectionem
254 1856 344 1919 probat
362 1857 594 1919 praestantissimus
608 1856 665 1906 Nic.
674 1856 797 1904 Heinsius
814 1855 842 1904 in
860 1870 904 1904 ora
921 1853 961 1904 sui
979 1855 1138 1920 exemplaris,

32 1921 62 1972 bi
86 1923 169 1973 mittit
190 1938 236 1972 nos
259 1922 292 1972 ad
313 1924 442 1973 Annotata
465 1939 511 1973 sua
533 1925 561 1974 in
585 1925 700 1989 Propert.
719 1923 763 1985 IV,
782 1925 805 1974 4.
824 1938 887 1972 vers.
907 1924 931 1974 3.
949 1927 974 1971 et
998 1922 1025 1971 in
1044 1923 1137 1973 Silium

32 1990 75 2041 tal.
92 1990 125 2040 X.
144 1992 203 2052 534,
221 2006 285 2055 quae
302 1992 414 2055 utinam,
432 1995 461 2040 ut
478 1993 529 2042 iam
546 1992 678 2057 pollicitus
696 1998 747 2052 est,
766 1995 904 2040 maturaret
921 1991 949 2039 in
966 1990 1047 2039 lucem
1065 1991 1138 2041 edere

32 2059 57 2107 ir
73 2057 252 2110 celeberrimas
268 2061 359 2109 Petrus
377 2062 543 2109 Burmannus.
578 2061 680 2109 Interea
696 2059 777 2108 vicem
793 2059 896 2108 Heinsii
921 2058 1018 2123 optime
1036 2059 1139 2124 supplet

32 2127 198 2176 ,isertissimus
215 2127 390 2176 Broukbueius
413 2127 445 2176 ad
469 2128 565 2177 dictum
588 2128 716 2191 Propertii
739 2126 835 2188 locum,
863 2126 962 2191 „bueus
987 2132 1047 2176 erat
1068 2125 1139 2188 felia·

32 2195 145 2245 aeduosc
162 2195 277 2244 consitus
294 2197 406 2247 autra“:
424 2195 520 2257 etadI,
533 2198 670 2247 1411115.
690 2195 1003 2258 ,ditaemusomaesatas
1013 2192 1140 2245 intendat

34 2266 116 2313 ertice
133 2262 242 2313 silvas“:
261 2264 305 2313 ubi
324 2269 350 2313 et
367 2264 463 2315 Satum
480 2265 522 2314 hio
540 2263 567 2314 in
585 2264 694 2314 Horatio
712 2262 833 2323 defendit,
851 2270 877 2312 et
895 2267 962 2327 tpost
977 2261 1138 2313 Tonantium

32 2330 216 2391 tMareilium)
240 2331 316 2381 verba
340 2332 448 2382 Senecae
472 2332 577 2383 adducit
600 2347 629 2382 ex
653 2332 736 2396 Epist
758 2332 814 2382 122.
834 2330 861 2397 [ξ
880 2332 906 2392 8]
940 2328 1020 2395 „Nea
1044 2333 1140 2380 vicunt

31 2404 115 2449 >cntra
132 2404 267 2461 maturam,
286 2402 333 2464 qui
349 2401 474 2465 panteria
493 2403 522 2449 ia
539 2403 648 2450 summis
667 2400 787 2450 turribus
804 2404 905 2462 serunt,
924 2413 1036 2463 quarum
1053 2398 1136 2449 siluae

31 2483 46 2517 a
65 2469 142 2517 tectis
159 2466 298 2517 demortua
315 2483 348 2518 ac
363 2466 483 2532 fastigiis
500 2473 604 2532 autaut,
622 2468 685 2518 inde
702 2471 769 2517 ortis
786 2466 929 2530 radicibus,
948 2482 999 2531 quo
1018 2469 1137 2532 improbe

32 2537 159 2585 acumina
183 2537 334 2599 egisseutW
368 2538 446 2584 Porro
469 2551 554 2585 versus
579 2536 651 2596 Silii,
679 2551 729 2600 quo
753 2535 835 2585 mittit
865 2551 912 2584 nos
934 2534 1071 2596 Heinsius,
1102 2535 1138 2585 sic

31 2603 109 2653 abet:
145 2603 199 2666 „Aa
215 2602 301 2664 ferale
317 2602 405 2664 decus,
423 2607 530 2653 maestae
549 2604 585 2654 ad
601 2606 678 2654 dotata
697 2605 860 2667 cupressos.“
878 2602 922 2652 ubi
939 2603 1025 2652 nescio
1043 2618 1075 2651 an
1093 2619 1136 2653 aa·

31 2672 86 2721 ,ices
103 2671 174 2721 Meti
191 2671 259 2721 inter
276 2671 339 2721 alias
357 2671 510 2721 variationes
525 2671 604 2722 Scias
626 2672 770 2722 exhibeant.
805 2671 899 2721 Verum
916 2670 957 2734 id,
975 2686 1032 2720 cum
1050 2671 1137 2736 prodi·

32 2744 81 2790 unt
98 2738 257 2789 Hciasianae
274 2744 363 2801 notae,
388 2738 538 2791 videbimus.
572 2741 678 2789 Interim
695 2756 746 2788 non
764 2739 856 2790 desunt
877 2739 995 2800 aliunde,
1023 2753 1087 2803 quae
1104 2739 1136 2790 ad

31 2808 181 2858 vincendam
199 2807 264 2857 hanc
281 2807 415 2857 lectionem
434 2807 487 2857 sola
505 2806 640 2858 sufficiant.
676 2808 757 2858 Varro
776 2806 807 2857 de
824 2809 861 2858 Re
879 2807 1009 2870 Rust.III,
1020 2810 1043 2858 5.
1055 2808 1081 2873 [ξ
1094 2809 1137 2871 12]

35 2875 127 2926 Extra
145 2891 189 2925 eas
207 2876 344 2925 calumnas
362 2881 401 2925 est
417 2874 481 2924 silva
498 2891 575 2925 manu
592 2882 656 2937 sata,
678 2876 828 2940 grandibus
847 2875 988 2926 arboribus
1006 2880 1088 2939 tecta,
1106 2882 1139 2925 ut

31 2944 111 3006 asima
129 2943 274 3008 perluceat,
293 2947 350 2993 tota
367 2949 442 3009 septa
459 2946 582 2993 maceriis
600 2945 690 2994 altis.‘⁸
714 2944 819 2993 Alfenus
836 2941 1136 3008 inoportunitate.

35 3011 103 3063 Cum
121 3014 150 3061 ia
168 3011 245 3061 domo
266 3010 328 3061 Gaii
345 3010 402 3061 Seii
419 3011 492 3062 lactas
510 3012 619 3076 quoidam
637 3012 746 3062 aedibus
764 3011 849 3062 Annii
865 3013 905 3061 ita
922 3013 1041 3074 serviret,
1060 3017 1090 3061 ut
1107 3015 1137 3061 iu

31 3095 44 3130 o
64 3081 124 3131 ioco
141 3082 258 3144 positum
276 3079 431 3128 teoberctus
449 3078 509 3129 Seio
527 3095 581 3130 aaa
599 3085 672 3144 esset,
691 3078 802 3129 etSeius
820 3082 850 3128 iu
867 3079 1137 3130 easilvamsevisset.“

31 3149 118 3199 'linias
136 3147 205 3197 Hist.
215 3146 271 3198 XV.
287 3147 355 3199 Soet.
364 3148 406 3198 aa.
422 3146 449 3212 [ξ
460 3148 503 3210 77]
538 3146 660 3210 „Colitur
676 3146 744 3209 ficus
762 3148 844 3197 arbor
861 3149 889 3195 ia
906 3145 968 3206 sara
987 3149 1061 3210 ipsa:
1079 3146 1137 3196 iilic

32 3219 123 3279 rescit,
142 3231 288 3281 ruraliaque
305 3230 371 3264 cura
389 3215 557 3266 sacerdotum
575 3212 680 3266 seritur:
698 3215 843 3265 -eadem
866 3213 981 3275 fortuito
997 3218 1054 3262 satu
1071 3216 1138 3264 civit

31 3303 43 3335 a
61 3285 151 3334 medio
169 3283 381 3347 faros-aeque
397 3282 513 3343 fortuita
531 3283 621 3334 eodem
639 3283 696 3333 loco
715 3289 754 3332 est
769 3285 831 3332 citis
849 3287 929 3346 atque
947 3281 1013 3343 alea,
1027 3282 1138 3332 umbrae

31 3355 110 3402 *ratio
127 3351 269 3402 sedulitate
282 3351 387 3416 plebeia
405 3355 501 3401 satae.“
519 3358 544 3401 et
562 3351 625 3401 ibid.
645 3351 710 3401 Sect.
721 3354 761 3404 36.
780 3352 807 3415 [ξ
821 3352 876 3412 120]
913 3349 1011 3410 ‚,Haud
1027 3352 1081 3400 scio
1101 3365 1137 3401 au
1195 3371 1198 3378 ·

32 3423 105 3470 rima
125 3421 242 3469 omnium
258 3424 363 3486 myrtus
380 3422 409 3469 iu
428 3419 493 3469 loeis
514 3420 629 3485 publicis
646 3418 744 3469 Romae
758 3424 829 3480 sata,
853 3410 969 3479 fatidida
986 3418 1093 3482 quidem
1111 3423 1138 3469 et

31 3487 187 3538 remorabili
206 3490 357 3553 acguur‘,
374 3493 400 3537 et
426 3487 596 3553 61114611
617 3490 675 3550 134]
710 3486 766 3552 „Et
781 3489 845 3552 quia
871 3501 948 3535 manu
967 3491 1079 3536 satarum
1096 3503 1138 3537 re-

31 3561 208 3622 eptarumque
230 3558 259 3605 in
283 3556 387 3620 domos,
412 3556 505 3606 lacerus
522 3555 635 3616 fulmine
651 3556 710 3605 sola
732 3571 786 3605 uon
810 3555 918 3604 icitur.“
952 3555 992 3604 Ex
1010 3555 1051 3605 his
1068 3556 1136 3606 alere

31 3628 132 3685 onstat,
150 3622 238 3685 silvas,
258 3624 372 3685 arbores,
391 3627 461 3674 iuter
479 3629 547 3674 tecta
565 3629 591 3673 et
607 3624 636 3672 in
653 3623 740 3673 domos
757 3623 795 3673 vel
814 3623 871 3672 loca
888 3622 958 3672 urbis
976 3623 1081 3688 publica
1099 3641 1138 3675 re-

31 3697 112 3758 eptas,
129 3707 182 3741 non
199 3694 265 3741 sitas
283 3693 413 3756 duntaxat,
431 3691 499 3756 quod
516 3691 633 3742 omnibus
651 3691 722 3741 silvis
739 3691 852 3757 locisque
864 3691 992 3753 convenit,
1010 3692 1052 3742 sed
1065 3697 1138 3742 satas

31 3762 108 3822 risse,
133 3766 160 3809 et
182 3760 290 3823 proinde
315 3761 357 3810 hic
379 3760 514 3824 legendum
537 3775 605 3822 esse,
628 3774 698 3824 „quo
722 3775 809 3809 nemus
827 3760 898 3809 Inter
918 3759 1037 3825 paleira
1055 3764 1138 3809 satum

31 3833 85 3880 eota
102 3829 263 3892 rmaregiat.“

86 3898 110 3948 7.
130 3894 224 3947 Ventis
242 3901 269 3945 et
283 3898 394 3962 positas]
427 3894 561 3946 Videamus
578 3899 661 3945 totum
677 3893 775 3944 locum:
810 3895 913 3960 „Audis
920 3932 928 3957 ,
954 3910 1006 3958 qaia
1024 3894 1138 3956 strepitu

31 3979 111 4027 caua,
130 3979 182 4029 quo
199 3977 291 4014 nemeis
308 3963 383 4013 luter
397 3964 511 4028 pulchra
528 3969 616 4014 satum
626 3968 703 4013 ¹tecta
720 3962 976 4028 rmuffiatVentis?
992 3966 1019 4010 et
1033 3962 1137 4025 positas

33 4037 45 4081 t
60 4032 166 4096 glaciet
181 4033 255 4082 uices
264 4033 336 4082 Puro
353 4032 627 4096 aumiaettcppitert“
644 4031 689 4081 ubi
706 4031 790 4097 primo
808 4031 886 4081 risum
903 4030 1036 4091 iocumque
1053 4031 1137 4076 movet

31 4099 185 4165 'anaqnillus
202 4099 296 4166 Faber,
321 4100 361 4150 vir
378 4104 477 4150 caetera
498 4099 646 4164 ingeniosus
669 4103 695 4150 et
717 4100 820 4160 dactnss
848 4100 892 4164 qui
909 4097 978 4146 velut
995 4110 1082 4145 somno
1099 4110 1139 4145 re·

30 4172 94 4219 ente
112 4167 210 4219 excitus
227 4167 333 4232 clamat,
360 4167 504 4231 „Meudum
522 4172 607 4233 turpe,
633 4173 719 4233 turpe,
737 4167 895 4233 querentis.
932 4164 1081 4213 Istlaucaiae
1098 4165 1137 4213 ui-

31 4241 87 4288 s’sse
103 4239 253 4290 munimem?
269 4237 337 4302 lega,
355 4236 433 4293 Quoia
450 4236 558 4287 ventis.“
585 4235 635 4286 Sed
653 4234 716 4285 bene
734 4241 779 4298 est,
798 4235 865 4301 quod
883 4236 1007 4284 errantem
1024 4247 1139 4282 socerum
