2810 4764
224 237 286 301 224
602 253 633 314 o.
656 253 797 302 nonnrn
823 255 946 305 rancor

266 399 295 449 15
309 386 428 452 Iunctis
450 387 525 453 visit
546 386 697 465 oloribus,

387 471 533 552 Dicetur;
557 472 671 539 merita
690 473 764 538 Nox
786 493 913 557 quoque
935 474 1060 541 naenia.

718 643 840 708 XXIX.

556 757 622 823 AD
650 760 1006 828 manumittenti.

306 893 472 979 Tyrrhena
494 912 607 974 regum
629 893 809 978 progenies,
833 894 889 960 tibi

304 978 376 1043 Non
398 983 471 1043 ante
492 997 585 1044 verso
607 978 686 1061 lene,
702 998 824 1045 merum
846 978 936 1060 cado,

347 1062 428 1129 Cum
449 1061 536 1139 flore,
558 1065 738 1142 Maecenas,
762 1084 916 1143 rosarum,
941 1072 973 1133 et

421 1149 539 1214 Pressa
561 1147 625 1214 tuis
647 1149 784 1214 balanus
806 1150 932 1235 capillis

275 1233 494 1298 clamdudum
516 1233 605 1319 apud
626 1252 678 1298 me
700 1239 759 1299 est.
804 1234 892 1320 eripe
914 1242 1090 1303 temerae:

198 1393 200 1397 ⁷
303 1320 353 1384 Ne
375 1338 502 1403 semper
525 1317 623 1384 udum
645 1318 746 1383 Tibur
768 1325 800 1383 et
821 1320 961 1387 Aesulae

345 1402 476 1469 Declive
498 1403 724 1488 contempleris
747 1423 869 1483 aruum,
892 1413 924 1472 et

420 1487 575 1569 Telegoni
597 1487 675 1570 iuga
696 1488 885 1574 parricidae.

301 1572 516 1639 Fastidiosam
539 1572 653 1639 desere
676 1593 712 1639 oo
736 1573 811 1652 iam,
834 1580 866 1640 et

260 1669 290 1719 to
302 1658 418 1723 Molem
439 1656 652 1743 propinquam
673 1595 813 1725 nudibus
835 1659 961 1725 arduis:

346 1741 471 1823 Omitte
485 1741 595 1808 mirari
616 1744 731 1809 beatae

419 1829 556 1893 Fumum
578 1833 610 1893 et
632 1848 710 1913 opes
733 1827 965 1914 strepitumque
986 1830 1114 1898 Romae.

301 1913 494 1995 Plerumque
517 1919 628 1994 gratae
651 1912 803 1979 divitibus
825 1913 921 1991 vices,

300 1997 502 2081 Mundaeque
524 2017 624 2083 parvo
647 1999 707 2063 sub
728 1998 796 2064 lare
817 2018 996 2084 pauperum

258 2095 288 2146 15
345 2083 461 2160 (lenae,
486 2082 554 2148 sine
577 2082 700 2149 aulaeis
723 2088 755 2149 et
776 2089 872 2161 ostro,

418 2167 594 2233 Sollicitam
616 2168 797 2253 explicuere
819 2168 964 2233 frontem.

299 2253 368 2317 Iam
391 2253 496 2318 clarus
519 2252 676 2318 oecultum
698 2252 921 2319 Andromedae
943 2258 1036 2340 pater
1109 2296 1111 2301 -

300 2337 447 2404 Ostendit
468 2339 592 2419 ignem3
614 2339 679 2403 iam
700 2340 845 2424 Procyon
867 2338 953 2418 furit,

340 2425 382 2488 nt
402 2424 496 2489 stella
517 2423 628 2489 vesani
650 2423 777 2503 Leonis,

256 2508 287 2572 co
415 2508 490 2575 Sole
512 2508 581 2574 dies
603 2509 762 2574 referente
785 2508 895 2574 siccos.

298 2595 368 2659 Iam
389 2599 500 2679 pastor
524 2594 652 2659 umbras
675 2613 747 2657 cum
769 2612 868 2742 greffie
890 2592 1043 2675 languido

296 2677 475 2760 Rivumque
496 2677 602 2743 fessus
625 2678 759 2760 quaerit,
783 2684 815 2744 et
858 2676 955 2744 orridi

339 2764 479 2827 Dumeta
501 2761 811 2845 Silvanircaretque
837 2765 839 2769 ’

414 2846 497 2931 Ripa
518 2845 610 2929 vagis
633 2845 792 2912 taciturna
813 2847 927 2913 ventis.

253 2941 285 2993 25
298 2933 349 2994 Tu
371 2931 530 2997 civitatem
554 2930 626 3015 quis
649 2931 760 2997 deceat
783 2937 886 2999 status

296 3015 408 3095 Suras,
431 3023 463 3083 et
485 3017 562 3084 Urbi
585 3017 741 3084 sollicitus
763 3017 866 3096 times,

339 3101 425 3182 Quid
447 3103 541 3169 Seres
564 3109 596 3169 et
617 3110 752 3185 regnata
773 3102 857 3187 Cyro

414 3189 530 3254 Bactra
550 3195 672 3275 parent,
697 3188 881 3270 Tanaisque
903 3186 1034 3253 discors.

578 3323 601 3360 v.
622 3310 659 3358 ll.
678 3306 753 3371 Vulg.
772 3306 960 3357 Andromedae.

280 3440 319 3491 1¹1.
337 3439 518 3491 Andromedae
535 3436 623 3505 Pater]
659 3442 796 3492 Editiones
819 3444 929 3503 veteres,
953 3457 1010 3490 cum
1033 3438 1162 3490 codicibus
1181 3437 1287 3506 qunii
1303 3443 1326 3492 et

210 3504 332 3556 Lambini
349 3511 374 3556 et
391 3508 506 3571 Nostris,
531 3510 726 3561 Andromedae.
761 3512 848 3562 Recte.
883 3508 947 3560 Vide
965 3508 1023 3560 Nic.
1041 3508 1177 3559 Heinsinm
1194 3506 1227 3559 ed
1245 3507 1326 3559 Ovidii

207 3572 313 3627 Heroid.
330 3573 427 3627 XVIII.
445 3593 468 3627 v.
488 3578 544 3630 149.

276 3643 317 3695 22.
335 3641 372 3692 Et
395 3643 501 3693 tumidi
523 3645 629 3696 dumeta
647 3644 761 3708 Siloam]
796 3644 969 3706 Bottelienus,
992 3643 1145 3694 Bodleinnns
1170 3642 1248 3708 ulter,
1272 3658 1325 3694 cum

209 3708 307 3760 duobus
330 3707 464 3773 Lambini,
491 3716 516 3762 et
538 3713 688 3776 Pulmenni,
716 3713 863 3764 torrida
894 3712 1015 3763 dumeta:
1048 3716 1078 3762 ut
1101 3712 1197 3762 Seneca
1218 3711 1324 3765 Hercule

208 3778 300 3830 Oetaeo
318 3795 341 3830 v.
362 3780 417 3831 135.
453 3780 514 3842 „Ad
539 3779 674 3832 Trachina
698 3797 791 3845 vocor,
818 3796 886 3831 suaa
910 3783 938 3830 ν’
957 3783 1043 3844 entia,
1071 3778 1108 3830 dr
1131 3779 1233 3831 dumeta
1257 3781 1325 3846 sugo

208 3847 311 3899 horride
329 3846 464 3898 torridr'e.“
499 3848 548 3898 Sed
566 3849 681 3900 meliores
699 3850 798 3900 codices
815 3850 843 3899 H
846 3796 966 3900 occidi
970 3889 979 3913 ,
1005 3847 1072 3914 qnod
1090 3863 1116 3898 se
1135 3848 1227 3900 nimnr.
1261 3849 1324 3899 Mer·

208 3915 263 3967 tinl.
279 3914 313 3976 X,
332 3917 372 3967 92.
392 3918 424 3978 [v.
444 3917 469 3978 6]
504 3916 558 3979 ,nr
579 3917 723 3968 rcrnidoctu
748 3918 833 3968 villici
854 3932 937 3967 manu
961 3921 1078 3967 structor
1126 3919 1233 3967 ouantis
1257 3931 1323 3981 uras,

207 3981 354 4048 horridique
373 3983 497 4035 Silvani.“
1268 4012 1271 4018 ·

275 4052 315 4103 28.
336 4050 488 4118 Tanaisque
511 4053 621 4117 deiecere]
657 4053 717 4103 Non
740 4053 803 4104 sutis
821 4051 961 4119 expediunt
978 4053 1147 4118 Interpretee,
1171 4068 1217 4102 cur
1234 4051 1322 4103 Tanau

209 4116 309 4168 discors
326 4123 435 4170 vocetur.
471 4122 511 4170 An
529 4121 590 4186 quic
607 4123 737 4186 Europam
754 4120 785 4172 ab
804 4121 866 4172 Asia
884 4120 1061 4171 disterminet?
1097 4117 1160 4184 Sed,
1187 4136 1233 4171 cur
1250 4136 1278 4172 en
1294 4120 1322 4172 de

208 4197 283 4235 cauea
304 4202 392 4241 secum
415 4191 472 4254 ipre
495 4189 595 4241 discor-c
619 4189 666 4255 eit,
693 4206 744 4240 non
768 4188 854 4241 video:
881 4205 961 4255 neque
986 4188 1054 4240 enim
1079 4192 1207 4241 terminus
1226 4189 1321 4241 discors
